2190 3880
738 136 895 187 LIB.
929 139 1021 188 111.
1079 139 1242 186 CAP.
1278 145 1356 187 60.
1872 145 1963 188 211

150 255 323 315 rorem
347 261 521 315 Italiae
549 279 791 333 possessa
815 262 1094 326 Mevania,
1120 281 1182 314 ac
1204 260 1354 313 velut
1383 271 1626 315 renatum
1650 281 1719 316 ex
1749 264 1962 334 integro
1978 281 2028 316 A.
2044 279 2096 319 U.

151 333 369 397 bellum,
399 333 688 387 intulerat:
730 335 807 386 ita
847 334 987 385 haud
1033 334 1261 385 dubium
1300 332 1742 402 erga‘Flavianas
1782 351 1960 404 partes
1991 336 2082 401 8235
2168 400 2173 403 ᾖ

150 403 388 461 studium
437 419 544 456 tani
596 404 821 475 pavidus
865 403 1067 456 Vitellii
1116 405 1382 455 discessus
1428 403 1656 456 addidit.
1735 388 2094 477 E1·ectus³³.·0}‘·

149 473 363 525 Samnis
394 473 762 545 Pelignusque
789 487 844 527 et
872 475 1045 526 Marsi
1085 474 1451 538 aemulatione,
1479 475 1623 543 quod
1656 473 1960 544 Campania
2006 460 2016 483 ¹

145 545 517 612 praevenisset,
557 558 614 597 ut
656 547 709 597 in
758 564 901 597 novo
936 546 1222 614 obsequie,
1265 544 1332 596 ad
1371 558 1572 596 cuncta
1610 544 1735 595 belli
1775 548 1961 598 munia.

145 631 294 665 acres
321 629 494 668 erant.
548 616 652 668 Sed
681 616 831 668 foeda
860 617 1056 679 hieme,
1087 634 1180 685 per
1207 615 1493 667 transitum
1522 614 1799 685 Apennini
1828 635 1961 668 con-

146 684 387 738 flictatus
413 687 705 751 exercituS,
733 698 788 738 et
815 688 906 738 vix
937 688 1125 756 quieto
1151 687 1371 755 agmine
1396 686 1546 738 nives
1573 686 1958 751 eluctantibuS,

145 756 343 823 patuit,
377 770 640 825 quantum
680 757 1010 809 discriminis
1050 756 1357 808 adeundum
1399 756 1559 820 foret,
1586 756 1641 807 ni
1678 755 1959 809 Vitellium

144 836 289 877 retro
320 826 562 878 Fortuna
590 828 870 880 vertisset:
904 845 1027 898 quae
1058 827 1328 879 Flavianis
1360 826 1609 880 Ducibus
1639 845 1745 884 non
1779 827 1956 879 minus

143 912 308 966 saepe,
335 911 506 966 quam
529 898 685 962 rati0,
713 898 908 950 adfuit.
985 898 1226 950 Obvium
1258 897 1367 949 illic
1399 897 1655 949 Petilium
1688 896 1958 950 Cerialem

141 964 398 1032 habuere,
425 969 625 1038 agresti
654 969 802 1021 cultu
838 981 892 1020 et
937 969 1133 1020 notitia
1158 968 1402 1020 locorum
1443 969 1717 1020 custodias
1747 968 1981 1021 Vitellii·

138 1035 402 1108 elapsum.
479 1039 796 1110 Propinqua
845 1039 1096 1091 adfinitas
1157 1038 1356 1091 Ceriali
1419 1056 1544 1090 cum
1597 1039 1955 1107 VespasianO,

138 1120 242 1160 nec
277 1108 393 1178 ipse
430 1108 693 1181 inglorius
731 1110 976 1163 militiae:
1018 1127 1192 1179 eoque
1233 1109 1374 1160 inter
1413 1107 1596 1160 Duces
1634 1109 1954 1179 adsumptus

139 1188 239 1230 est.
316 1179 504 1231 Flavio
546 1198 764 1250 quoque
811 1180 1018 1231 Sabino
1061 1198 1125 1231 ac
1169 1179 1491 1231 Domitiano
1541 1179 1779 1249 patuisse
1816 1180 1954 1232 effu-

137 1249 311 1318 gium,
359 1251 514 1303 multi
565 1251 848 1303 tradidere.
928 1249 997 1301 Et
1039 1249 1186 1301 missi
1216 1250 1286 1300 ab
1334 1247 1580 1300 Antonio
1629 1250 1804 1300 nuntii
1861 1269 1953 1321 per

138 1320 314 1372 varias
343 1319 559 1373 fallendi
588 1322 730 1373 artes
756 1322 1131 1391 penetrabant,
1157 1321 1334 1372 locum
1363 1338 1427 1371 ac
1456 1319 1766 1389 praesidium
1800 1339 1953 1388 mon-

138 1400 388 1444 stranteS.
442 1391 675 1444 Sabinus
706 1391 1001 1443 inhabilem
1033 1391 1202 1443 labori
1232 1403 1286 1441 et
1312 1390 1555 1442 audaciae
1585 1389 1951 1444 valetudinem

135 1463 518 1516 caussabatur:
577 1463 896 1515 Domitiano
943 1462 1128 1513 aderat
1180 1462 1431 1525 animus3
1486 1461 1577 1512 sed
1625 1462 1878 1514 custodes
1920 1482 1953 1514 a

135 1530 358 1585 Vitellio
406 1534 596 1599 additi,
643 1551 969 1604 quamquam
1017 1550 1072 1584 se
1116 1533 1294 1584 socios
1344 1531 1492 1602 fugae
1551 1533 1950 1601 promitterent,

134 1613 410 1673 tamquam
441 1604 759 1657 insidiantes
787 1605 1138 1655 timebantur.
1213 1602 1396 1673 Atque
1426 1605 1541 1672 ipse
1574 1603 1839 1668 Vitellius,
1869 1621 1950 1655 re·

134 1687 333 1744 spectu*
357 1693 574 1727 suarum
609 1675 1089 1737 necessitudinum,
1123 1673 1257 1725 nihil
1290 1675 1341 1724 in
1377 1672 1756 1724 Domitianum
1788 1687 1949 1730 atrox

133 1746 378 1814 parabat.
455 1747 638 1798 Duces
662 1747 898 1818 partium
926 1757 988 1797 ut
1019 1744 1269 1796 Carsulas
1301 1761 1511 1808 venere,
1540 1762 1741 1814 paucos
1770 1745 1835 1796 ad
1867 1741 2032 1797 re-GO

130 1816 311 1884 quiem
341 1816 455 1869 dies
482 1829 720 1880 sumunt,
748 1816 922 1868 donec
957 1817 1153 1885 aquilae
1192 1815 1455 1885 signaque
1487 1814 1764 1885 legionum
1794 1816 1947 1868 adse-

131 1899 442 1956 querentur.
479 1900 533 1941 et
573 1888 722 1940 locus
759 1887 878 1958 'ipse
917 1901 1216 1939 castrorum
1264 1885 1530 1955 placebat,
1573 1885 1680 1937 late
1723 1904 1942 1957 prospe-

131 1971 316 2013 ctans:
356 1970 476 2010 tuto
503 1960 781 2030 copiarum
822 1957 1047 2028 adgestu
1073 1979 1085 2010 ε
1127 1955 1530 2008 florentissimis
1557 1974 1698 2026 pone
1728 1958 1945 2027 tergum

131 2029 464 2100 municipii&
505 2030 663 2082 simul
684 2029 975 2098 conloquia
1000 2046 1125 2079 cum
1150 2026 1474 2091 Vitellianis,
1497 2027 1683 2078 decem
1714 2028 1946 2080 millium

130 2101 310 2168 spatio
350 2101 697 2162 distantibus„
725 2112 778 2152 et
824 2099 1061 2169 proditio
1102 2099 1438 2169 sperabatur.
1514 2097 1684 2166 AEgre
1736 2098 1786 2149 id
1832 2095 1944 2169 pati

127 2171 302 2234 miles,
330 2183 383 2222 et
415 2173 696 2224 victoriam
727 2169 902 2234 malle,
931 2188 1093 2240 quam
1123 2187 1329 2240 pacem.
1368 2186 1435 2219 ne
1461 2186 1582 2218 suas
1611 2168 1828 2237 quidem
1869 2170 1944 2221 le-

133 2241 320 2293 triones
347 2243 789 2313 opperiebantur,
817 2252 876 2293 ut
905 2241 1125 2311 praedae,
1151 2257 1314 2308 quam
1359 2238 1716 2308 periculorum
1749 2240 1942 2294 socias,

182 2323 368 2365 ocatos
394 2311 460 2365 ad
489 2315 809 2365 concionem
839 2312 1114 2362 Antonius
1141 2310 1359 2362 docuit:
1414 2328 1510 2360 esse
1535 2309 1699 2360 adhuc
1733 2308 1940 2362 Vitellio

127 2382 274 2449 vires,
302 2383 657 2456 anzbigmtsssi
686 2383 1052 2450 deliberarent3
1091 2399 1247 2449 actm,
1274 2380 1317 2434 si
1344 2379 1695 2453 desperassent.
1772 2379 1941 2434 Initia

179 2567 362 2605 possessa
383 2567 588 2618 Mevania]
647 2567 829 2606 Posses-va
857 2571 918 2606 est
944 2580 1007 2605 oc·
1062 2568 1155 2604 bns:
1184 2571 1400 2604 monstrose
1426 2567 1466 2603 in
1488 2567 1614 2614 prima
1632 2577 1739 2610 voce,
1759 2577 1845 2613 quae
1864 2566 1943 2604 suit

125 2623 281 2669 cupata.
308 2624 355 2658 ut
374 2634 406 2657 c.
436 2627 472 2658 8.
516 2622 700 2660 Post-essa
728 2623 811 2670 ipso
837 2625 1007 2659 transitu
1060 2623 1159 2658 nive.
1203 2622 1312 2657 ERN.
1367 2621 1430 2657 Sic
1457 2622 1552 2667 Agr.
1584 2625 1646 2658 17.
1693 2619 1942 2666 difficultates

129 2675 294 2711 Vicetia.
322 2674 369 2711 V.
394 2675 522 2712 Gron.
542 2675 591 2712 ad
616 2676 730 2721 A..2,
752 2680 788 2712 5.
843 2677 1008 2713 Frustra
1060 2676 1265 2711 etat-tatus.
1282 2674 1386 2710 Bud.
1402 2675 1491 2710 nive
1502 2686 1540 2709 se
1553 2671 1792 2708 luctantibus
1805 2672 1937 2709 habet.

125 2726 308 2764 Muretus
322 2727 505 2765 tentabat
522 2729 681 2766 obsessa.
724 2730 833 2767 ERN.
1116 2727 1255 2763 Flam
1273 2726 1435 2776 Sabino]
1467 2726 1570 2762 Bud.
1590 2726 1794 2762 Flaviano.
1830 2727 1942 2762 Infra.

178 2781 353 2830 Ereptue
381 2781 557 2830 Samnis]
606 2782 654 2818 In
686 2782 790 2820 Flor.
826 2787 1001 2828 erectum

123 2834 190 2871 sed
207 2834 305 2871 illud
326 2834 468 2882 placet,
480 2839 658 2884 ereptum
672 2847 811 2885 nempe
823 2835 1002 2880 Vitellio,

123 2888 191 2936 qui
210 2888 447 2937 possidebat.
501 2889 601 2934 Aut,
621 2890 653 2926 si
671 2896 830 2935 erectus,
848 2889 935 2936 capi
953 2889 1003 2926 li-

121 2947 184 2978 cet
200 2941 343 2979 animis
367 2947 516 2979 erectos
534 2942 585 2978 ob
603 2942 754 2980 Vitellii
773 2944 999 2986 discessum,

120 2998 162 3032 et
179 2996 235 3032 sic
259 2995 456 3033 defecisse.
498 2997 610 3032 L1Ps.
664 2996 835 3034 Erectus
852 2996 1002 3043 recepit

118 3049 304 3095 Pichena,
323 3050 440 3098 idque
458 3051 581 3086 secuti
602 3052 696 3086 sunt
713 3061 861 3087 omnes.
898 3049 1001 3086 con.

119 3104 241 3141 sentit
269 3103 330 3140 ed.
366 3115 424 3150 pr.
478 3103 613 3140 Recte.
666 3102 758 3141 Non
787 3114 912 3139 sermo
941 3106 1001 3139 est

118 3155 166 3192 de
195 3157 394 3205 occupatis
420 3158 458 3194 vi
487 3157 658 3206 popum,
687 3157 752 3193 sed
781 3157 828 3193 de
858 3155 1000 3193 studiis

118 3204 354 3258 populorum
386 3210 428 3247 in
457 3215 612 3260 partes:
655 3211 702 3246 de
737 3210 880 3260 quibus
912 3221 1000 3258 pto-

118 3263 248 3311 prium
266 3264 428 3301 verbum
449 3269 510 3300 est
528 3270 685 3302 erectus.
732 3265 840 3302 ERN.
893 3263 996 3301 Bud.

120 3322 282 3364 ereptus.

175 3369 295 3415 Niqee
319 3370 592 3421 eluctantibus]
652 3371 714 3407 Sic
742 3371 842 3408 bene
870 3382 891 3406 e
910 3370 997 3407 MS.

118 3421 221 3458 Eud.
250 3426 416 3461 correxit
447 3425 573 3461 Rhen.
606 3425 810 3472 vulgatum
838 3426 926 3472 nive
956 3436 996 3461 se

118 3476 386 3513 eluctantibus.
430 3478 633 3526 Originem
650 3479 879 3527 corruptelae
895 3477 998 3514 indi·-

119 3533 183 3565 cat
201 3530 260 3566 ed.
278 3540 337 3578 pr.
366 3542 449 3579 quae
469 3532 588 3569 babet
614 3533 733 3570 minio
755 3543 794 3571 se
811 3532 998 3571 luctanti·

1055 2791 1090 2816 c.
1104 2783 1170 2816 68.
1199 2780 1348 2817 Fabius
1361 2780 1543 2825 Sabinus,
1557 2780 1623 2815 sed
1642 2790 1675 2815 c.
1688 2790 1767 2826 seq.
1794 2779 1939 2818 Flavii.

1056 2833 1151 2870 Mox
1169 2833 1267 2881 Agr.
1282 2833 1498 2882 prodidere.

1116 2885 1297 2924 cmtodes
1313 2899 1336 2923 a
1362 2887 1523 2931 Vitellio
1541 2883 1686 2933 additi]
1734 2885 1938 2923 Usitatum

1054 2938 1218 2976 verbum
1237 2940 1283 2976 de
1301 2939 1545 2984 custodibus,
1563 2944 1610 2976 ut
1627 2939 1793 2976 vidimus
1816 2950 1938 2987 supra

1054 2993 1104 3029 ad
1130 2994 1180 3030 A.
1203 2999 1268 3038 13,
1290 2999 1351 3030 18.
1405 2995 1459 3031 At
1487 2994 1545 3030 ed.
1575 3005 1636 3044 pr.
1663 2993 1801 3038 abditi,
1821 2994 1938 3030 solita

1055 3046 1099 3095 in
1117 3046 1182 3083 bis
1196 3047 1329 3084 verbis
1343 3047 1586 3085 confusione.
1626 3047 1738 3086 ERN.

1108 3101 1217 3137 Pone
1232 3101 1407 3150 tergum]
1437 3101 1541 3139 Bud.
1551 3106 1643 3149 post
1660 3106 1832 3149 tergum.

1114 3154 1165 3191 Ut
1183 3155 1350 3204 'praedm
1368 3167 1486 3203 quam
1505 3154 1566 3204 p.]
1599 3154 1684 3191 MS.
1709 3154 1808 3201 Agr.
1824 3151 1936 3189 addit

1049 3209 1184 3255 potius
1198 3221 1211 3244 .-
1240 3208 1401 3246 frustra.
1458 3207 1503 3246 1d
1520 3206 1691 3256 intelligi
1711 3207 1838 3244 voluit
1854 3204 1935 3242 Ta-

1054 3262 1170 3306 citus,
1201 3265 1247 3298 ut
1281 3261 1392 3298 alibi.
1439 3261 1545 3300 ERN.
1589 3259 1681 3309 Bip.
1718 3261 1935 3308 conjiciunt

1053 3315 1238 3363 quomodo
1249 3328 1333 3365 per.
1346 3327 1422 3352 soc.
1454 3316 1526 3352 Sed
1539 3316 1686 3362 magis,
1700 3314 1847 3364 potius,
1864 3325 1934 3348 no-

1054 3371 1136 3404 ster
1153 3369 1336 3418 frequens
1365 3369 1515 3406 omittit
1536 3368 1862 3406 subaudiendum.
1882 3365 1934 3402 V.

1050 3421 1182 3459 index.

1103 3473 1701 3524 Dammana-desperassent]
1723 3472 1834 3509 Acid.
1848 3482 1931 3507 ma·
1985 3503 1990 3508 .

1050 3527 1099 3567 litv
1112 3529 1621 3579 deliberant—desperasset
1634 3529 1716 3564 scil.
1728 3524 1927 3562 Vitellius,

1120 3589 1216 3632 ΡΩ
