2190 3880
285 151 387 197 234
906 142 1514 196 HISTORIARUM

156 291 209 330 A.
225 290 278 329 U.
295 289 362 325 an
389 268 693 324 Tribunum
720 272 1029 343 appetierit,
1057 273 1111 325 in
1140 273 1348 326 incerto
1378 273 1508 327 fuit:
1538 272 1963 330 auremTribuni
1981 290 2096 328 am-

172 346 265 415 8233
295 345 510 414 putavit
534 362 599 397 ac
625 345 808 397 statim
835 344 1118 397 confossus
1145 357 1245 396 est.
1317 345 1617 410 Vitellium,
1641 345 1849 398 infestis
1883 363 2098 399 mucro-

162 400 452 498 ·{ff‘nibus
479 428 726 478 coactum
734 456 749 481 ‚
774 417 939 469 modo
965 416 1171 487 erigere
1192 435 1252 467 os
1275 427 1330 467 et
1351 416 1544 468 offerre
1565 418 1926 483 contumeliis,
1949 435 2096 470 nunc
2123 465 2126 468 .

167 493 170 498 ’
216 482 248 505 ’”
274 488 547 541 cadentes
581 500 786 540 statuas
821 507 962 551 suas,
991 487 1307 558 plerumque
1335 487 1553 554 Rostra,
1582 501 1676 541 aut
1702 489 1896 542 Galbae
1926 487 2094 542 occisi

291 559 472 613 locum
499 559 775 626 contueri3
815 571 1089 630 postremo
1118 559 1184 610 ad
1222 558 1537 620 Ge'moniaS,
1571 560 1664 611 ubi
1695 578 1892 631 corpus
1926 560 2095 614 Flavii

293 632 481 685 Sabini
508 631 777 702 jacuerat,
816 629 1118 702 propulere.
1193 629 1318 682 Vox
1345 649 1452 682 una
1479 649 1587 683 non
1615 631 1896 701 degeneris
1926 632 2093 685 animi

289 715 540 775 excepta,
567 721 692 755 cum
719 701 965 754 Tribuno
988 701 1290 765 insultanti,
1315 720 1365 754 se
1400 710 1567 755 tamen
1605 701 1966 772 Imperatorem
1990 705 2098 774 ejus

271 773 459 847 filisse,
496 774 794 844 respondit.
867 773 952 826 Ac
984 773 1180 825 deinde
1218 773 1445 844 ingestis
1487 774 1796 827 vulneribus
1835 775 2094 828 concidit.

293 847 365 900 Et
407 846 602 918 vulgus
641 846 829 897 eadem
873 846 1139 917 pravitate
1178 845 1546 899 insectabatur
1583 846 1950 911 interfectum,
1989 865 2097 918 qua

207 926 278 978 86
294 918 502 971 foverat
539 918 828 970 viventem.
906 917 1092 970 Patria
1119 916 1195 969 illi
1227 917 1472 970 Luceria.
1520 918 1811 989 septimum
1849 930 1906 972 et
1937 920 2097 989 quin-

287 992 666 1062 quagesimum
703 988 881 1043 aetatis
910 1007 1113 1041 annum
1142 988 1418 1059 explebat.
1494 989 1870 1056 Consulatum,
1908 991 2097 1044 Sacer-

288 1063 458 1126 dotia,
488 1080 686 1114 nomen
715 1062 1003 1131 locumque
1032 1061 1173 1113 inter
1204 1060 1483 1131 primoreS,
1513 1061 1660 1115 nulla
1687 1081 1783 1115 sua
1811 1063 2096 1129 industria,

289 1134 380 1188 sed
409 1145 608 1188 cuncta
646 1134 814 1206 patris
847 1132 1167 1186 claritudine
1201 1133 1448 1203 adeptus,
1525 1132 1899 1205 Principatum
1930 1136 1978 1188 ei
2003 1134 2097 1187 de-

288 1206 476 1270 tulere,
495 1207 588 1276 qui
609 1206 784 1276 ipsum
811 1224 919 1257 non
943 1215 1222 1258 noverant.
1299 1206 1492 1258 Studia
1517 1206 1807 1271 exercituS,
1834 1225 1954 1265 raro
1979 1207 2096 1260 eui-

288 1298 472 1350 quam,
515 1279 670 1330 bonis
710 1279 916 1330 artibus
956 1278 1210 1347 quaesita,
1231 1278 1452 1347 perinde
1493 1277 1731 1342 adfuere,
1763 1296 1925 1348 quam
1969 1279 2096 1334 huic

290 1370 386 1422 per
407 1350 699 1422 ignaviam.
777 1349 960 1402 Inerat
976 1363 1155 1401 tamen
1174 1349 1492 1420 simplicitas
1509 1369 1575 1402 ac
1594 1350 1910 1405 liberalitas:
1953 1370 2094 1422 quae,

286 1424 346 1476 ni
372 1423 514 1475 adsit
541 1422 751 1486 moduS,
782 1423 837 1473 in
865 1421 1093 1473 exitium
1120 1433 1422 1474 vertuntur.
1494 1421 1802 1487 AmicitiaS,
1827 1422 1957 1476 dum
1984 1442 2096 1476 ma-

289 1494 577 1567 gnitudine
604 1511 907 1558 munerum,
924 1512 1030 1546 non
1056 1494 1365 1545 constantia
1387 1495 1897 1558 morum,contineri
1923 1507 2097 1567 putat,

287 1567 489 1622 meruit
514 1567 709 1636 magiS‚
737 1584 897 1636 quam
933 1565 1143 1618 habuit.
1198 1565 1540 1637 Reipublicae
1570 1565 1713 1619 haud
1740 1567 1904 1620 dubie
1932 1569 2095 1620 inter-

342 1721 488 1760 Rostra
518 1728 589 1761 aut
627 1721 754 1772 Gala]
794 1722 881 1760 Aut
919 1721 1031 1760 MSS.
1062 1722 1167 1760 Flor.
1227 1722 1402 1759 Vitelliis
1423 1721 1632 1760 subsedisse
1651 1723 1834 1762 Nuceria·
1859 1724 1993 1764 refert.
2027 1725 2098 1764 ubi

284 1778 385 1826 Agr.
411 1776 515 1814 Bud.
545 1776 631 1813 edd.
655 1788 790 1814 omnes
808 1780 901 1813 ante
917 1777 1167 1814 Rhenanum.
1221 1780 1325 1813 certe
1361 1776 1570 1826 legendum
1603 1778 1806 1820 Lucerioe;
1849 1778 1950 1816 hanc
1991 1781 2097 1818 enim

285 1833 334 1871 Is*
360 1831 483 1869 edidit
509 1837 547 1868 et
574 1831 710 1876 tacite,
744 1843 790 1868 ac
822 1831 923 1868 forte
959 1843 1037 1869 non
1073 1832 1166 1867 data

284 1897 432 1935 opera:
470 1885 572 1934 quod
606 1897 742 1923 omnes
778 1886 902 1922 secuti
937 1890 1030 1923 ante
1064 1887 1165 1934 Ryc-

284 1941 410 1978 kium.
444 1940 540 1978 Mox
563 1941 652 1977 Una
668 1953 744 1978 vox
763 1939 895 1977 Guelf.
908 1943 948 1976 et
965 1941 1049 1977 edd.
1067 1944 1162 1978 ante

283 1995 414 2034 Rhen.
468 1995 579 2033 ERN.
638 1995 719 2035 Qui
738 1995 836 2031 duce
854 1995 957 2032 Bud.
978 1995 1161 2033 mutavit.

336 2050 462 2087 Pater
478 2050 543 2087 itti
560 2050 611 2087 L.
634 2047 832 2100 Vitellius]
865 2049 927 2087 Sic
956 2050 1042 2088 edd.
1073 2050 1162 2086 inde

279 2115 307 2141 a
321 2104 538 2142 Puteolano
554 2115 704 2150 omnes,
724 2107 910 2153 sequente
926 2116 1030 2141 nam.
1059 2106 1164 2142 Con-

280 2159 404 2196 sentit
433 2159 519 2196 MS.
549 2159 681 2196 Guelf.
727 2159 784 2196 At
809 2170 886 2195 non
915 2159 1090 2208 profecto
1117 2159 1164 2195 de

279 2213 489 2258 nihiloest,
504 2214 607 2262 quod
626 2213 737 2251 MSS.
752 2214 856 2251 Flor.
873 2213 975 2250 Bud.
1003 2214 1165 2250 Patrem

279 2268 345 2305 illi
360 2268 597 2305 Luceriam.-
626 2268 686 2304 ed.
715 2279 774 2316 pr.
794 2268 844 2305 P.
873 2268 901 2305 i.
926 2268 1164 2305 Luceriam.-

279 2333 357 2359 non
387 2325 574 2371 sequente
601 2334 706 2359 nam.
761 2322 821 2359 Ex
849 2333 895 2358 eo
913 2322 1068 2359 videtur
1085 2322 1167 2359 effi-

277 2379 402 2423 ctum,
432 2376 536 2426 quod
565 2376 636 2413 alii
663 2376 756 2413 libri
783 2375 945 2422 habent,
972 2379 1014 2413 et
1041 2377 1162 2424 vulgo

277 2431 422 2468 editur.
490 2430 706 2468 Rhenanus
750 2430 910 2478 conjicit
950 2430 1159 2479 legendum

277 2486 401 2524 Pater
412 2486 478 2523 illi
491 2486 537 2522 L.
559 2485 749 2523 Nuceria.
763 2486 825 2522 vel
840 2485 1028 2523 Nuceria.
1055 2485 1158 2522 Nam

277 2541 359 2577 haec
377 2540 508 2589 patria
522 2539 788 2578 Vitelliorum.
834 2541 1054 2577 Gruterus:
1076 2540 1157 2577 Pa-

276 2596 358 2633 tria
376 2596 441 2634 itti
459 2593 648 2633 Nuceria.
702 2594 738 2632 Ε
755 2607 848 2632 nam
868 2598 1002 2631 autem
1021 2594 1160 2631 Piche-

277 2660 331 2686 na
347 2649 519 2690 faciebat
525 2649 631 2698 jam.
656 2649 741 2686 Jac.
761 2650 882 2687 Gron.
899 2649 999 2686 nihil
1018 2649 1159 2686 vidisse

276 2703 513 2742 Rhenanum
543 2708 585 2741 et
614 2704 830 2741 Gruterum
861 2704 1062 2754 praefatus,
1092 2715 1161 2752 per

276 2757 462 2808 ambages
480 2758 580 2796 nihil
604 2757 715 2804 dicit,
733 2758 811 2796 nisi
829 2759 1012 2796 Tacitum
1032 2759 1160 2796 dicere

275 2813 461 2859 voluisse,
479 2813 634 2861 qualem
665 2817 779 2862 pater
809 2814 910 2863 Imp.
937 2813 1090 2851 Vitellii
1119 2824 1160 2849 se

277 2867 318 2904 in
341 2867 557 2905 honoribus
583 2867 763 2916 gesserit,
789 2867 906 2916 idque
923 2868 1051 2916 ample
1070 2879 1160 2905 eum

275 2921 341 2959 hic
376 2925 417 2959 et
451 2921 599 2970 liquide
634 2922 774 2959 facere.
831 2923 948 2965 Quod
984 2922 1161 2959 refellere

276 2975 379 3013 nihil
413 2976 574 3023 attinet,
610 2976 707 3013 adeo
740 2976 843 3013 clare
879 2977 1162 3015 consuetudine

275 3029 423 3076 Taciti,
452 3034 494 3067 et
521 3030 651 3069 verbis
686 3031 781 3080 ipsis
814 3031 1022 3070 refellitur.
1078 3032 1164 3080 Ego

276 3083 497 3122 Gruterum
537 3096 672 3123 verum
707 3085 850 3123 vidisse
887 3090 998 3134 puto.
1054 3087 1163 3123 Nam

277 3140 418 3176 natum
444 3141 504 3175 est
530 3150 577 3176 ex
605 3140 748 3177 ultima
774 3140 1027 3190 praecedentis
1054 3140 1163 3177 verbi

278 3190 442 3242 syllaba.
496 3192 605 3231 ERN.
658 3194 751 3243 Bip.
795 3195 996 3242 ingeniose
1038 3195 1162 3243 magis

277 3257 398 3297 quam
417 3257 528 3284 vere:
559 3247 730 3284 Peracta
745 3249 814 3286 ille
831 3251 914 3286 luce
932 3250 1024 3298 jam
1047 3250 1162 3298 septi·

277 3312 402 3340 mum.
459 3301 624 3349 Propius
652 3312 744 3338 vero
774 3304 985 3349 Gruterus,
1004 3303 1068 3340 cui
1095 3303 1162 3339 ad-

280 3354 438 3406 plaudit
472 3355 638 3393 Lallem.
687 3356 849 3393 Codices
892 3357 1041 3394 laudati
1085 3357 1162 3393 levi

281 3411 553 3448 emendatione
585 3411 775 3447 sinceram
809 3411 1016 3447 lectionem
1052 3411 1163 3448 exhi-

282 3464 403 3502 bent:
422 3465 570 3502 Patria
586 3465 652 3502 illi
668 3465 850 3502 Luceria.
892 3465 1049 3502 Scilicet
1066 3465 1162 3502 Sue-

281 3520 417 3557 tonius
433 3530 469 3556 c.
495 3523 529 3557 1'.
546 3525 713 3568 tempore
726 3519 934 3557 Samnitici
950 3520 1052 3564 belli,
1059 3531 1163 3568 proe·

280 3574 384 3611 sidio
421 3575 464 3611 in
499 3574 695 3623 Apuliam.
727 3576 859 3621 misso,
893 3575 1078 3625 quosdam
1113 3587 1163 3612 ea·

1220 1831 1374 1868 Daunis
1400 1832 1556 1880 Apuliae
1581 1833 1791 1882 adsignant
1822 1832 1963 1872 Strabo
1989 1837 2028 1872 6.
2056 1847 2098 1885 p.

1221 1891 1314 1923 284.
1350 1889 1392 1922 et
1409 1886 1510 1923 Plin.
1528 1892 1570 1931 3,
1595 1891 1641 1923 ιο
1663 1885 1765 1938 (16).
1814 1892 1952 1926 contra
1969 1889 2099 1928 Nuce-

1214 1941 1318 1977 riam
1344 1941 1569 1989 Campaniae
1594 1941 1657 1978 hic
1683 1953 1717 1978 c.
1748 1947 1770 1978 5
1803 1941 1878 1994 (9).
1913 1942 1980 1981 ille
2000 1949 2039 1981 5.
2057 1957 2098 1994 p.
2123 1957 2126 1959 ’

1217 1999 1310 2034 949.
1354 1994 1550 2044 aliamque
1595 1995 1657 2032 hic
1699 1995 1875 2035 Umbriae
1917 2009 1956 2046 p.
2003 2004 2096 2039 227.

1216 2050 1435 2098 Utramque
1459 2049 1560 2087 bene
1586 2050 1795 2099 distinguit
1812 2053 1932 2089 etiam
1963 2053 2096 2091 Livius

1216 2109 1258 2151 9,
1278 2109 1316 2142 2.
1334 2107 1376 2140 et
1394 2103 1461 2141 41.
1495 2105 1681 2142 Ceterum
1700 2105 1777 2142 Dio
1794 2109 1863 2153 65,
1882 2112 1947 2144 22.
1983 2107 2099 2156 quin-

1220 2159 1412 2207 quaginta
1443 2162 1614 2208 quatuor
1646 2170 1770 2198 anuos
1803 2161 1947 2199 vixisse
1973 2162 2098 2200 vitel-

1220 2213 1320 2250 lium
1337 2213 1476 2250 tradit.

1275 2267 1336 2305 Ei
1370 2267 1552 2318 detulere]
1590 2268 1694 2306 Bud.
1727 2269 1862 2307 eidem.
1910 2269 1974 2308 Sic
2006 2272 2097 2310 Put.

1219 2320 1305 2360 Alc.
1342 2321 1409 2358 sed
1425 2322 1554 2359 Rhen.
1573 2323 1622 2360 ei.

1271 2376 1364 2412 Non
1409 2378 1628 2413 constantia
1669 2376 1838 2427 morum]
1881 2378 2095 2428 Egregium

1215 2431 1378 2480 dogma:
1409 2430 1484 2468 etsi
1519 2430 1606 2479 quis
1637 2431 1718 2468 haec
1750 2431 1892 2470 notet?
1934 2433 2098 2471 millena

1214 2487 1321 2522 sunt.
1377 2484 1450 2521 Sed
1468 2485 1510 2521 in
1527 2487 1746 2524 constantia
1762 2487 1905 2536 aliquis
1925 2488 2096 2535 hoereat;

1213 2544 1255 2577 et
1272 2551 1323 2576 an
1341 2550 1419 2575 non
1433 2539 1588 2585 melius,
1605 2541 1882 2589 convenientia,
1899 2545 1971 2580 aut
1987 2542 2096 2580 tale?

1212 2596 1291 2632 Res
1319 2595 1376 2630 ita
1403 2593 1537 2639 habet,
1555 2605 1787 2633 consensum
1814 2599 1854 2634 et
1871 2596 2100 2634 similitudi-

1213 2661 1305 2686 nem
1331 2659 1486 2686 morum
1515 2660 1560 2685 ac
1585 2649 1780 2687 virtutum
1803 2662 1936 2688 veram
1963 2652 2098 2688 amici-

1214 2704 1312 2741 tiam
1342 2714 1502 2752 parere:
1535 2703 1602 2740 sed
1632 2716 1704 2741 nec
1733 2705 1860 2743 virtus
1893 2707 1976 2744 sine
2009 2719 2097 2744 con·

1213 2760 1362 2796 stantia
1390 2761 1474 2794 est:
1505 2769 1598 2807 ergo
1624 2770 1696 2796 nec
1722 2765 1932 2799 mutemus.
1985 2761 2098 2799 Lus.

1217 2814 1403 2851 Ceterum
1447 2813 1648 2850 verissime
1691 2813 1894 2852 Acidalius
1935 2815 2099 2864 corrigit

1215 2868 1417 2905 contineri.
1478 2866 1678 2905 continere
1708 2873 1809 2905 esset
1842 2880 2094 2907 conservare:

1216 2927 1259 2958 at
1292 2922 1331 2958 id
1365 2922 1583 2970 requireret
1616 2923 1801 2969 instituit,
1844 2929 1980 2969 teneat,
2017 2935 2098 2961 non

1211 2981 1342 3027 putat.
1398 2976 1480 3013 Cic.
1506 2977 1604 3014 offic.
1623 2981 1663 3023 2,
1682 2982 1747 3014 24.
1783 2978 1895 3016 nulla
1912 2989 1971 3014 rer
1989 2979 2095 3015 velte-

1215 3031 1381 3067 mentias
1404 3031 1542 3080 erp.
1558 3032 1738 3077 continet,
1755 3043 1873 3081 quam
1887 3031 2004 3081 fide-r.
2024 3044 2097 3080 pro

1217 3084 1394 3122 Marcell.
1413 3091 1452 3124 9.
1482 3087 1566 3122 vita
1584 3097 1736 3134 corpore
1752 3091 1788 3123 et
1803 3087 1946 3135 spiritu
1974 3089 2098 3124 conti-

1217 3145 1343 3177 netur.
1403 3141 1632 3177 Constantia
1653 3152 1802 3176 ’norum
1819 3143 1879 3176 est
1894 3141 2097 3188 aequabili-

1217 3198 1279 3230 tas
1306 3196 1348 3229 et
1373 3204 1585 3231 consensus
1613 3205 1766 3231 morum
1784 3204 1873 3231 cum
1893 3194 2097 3243 placabili-

1216 3251 1315 3293 tate,
1332 3248 1542 3295 gravitate,
1560 3251 1606 3285 ut
1623 3248 1862 3296 philosophis
1873 3251 2097 3287 constantia

1214 3301 1422 3346 tribuitur,
1435 3313 1523 3338 cum
1538 3303 1669 3338 onmia
1686 3301 1831 3350 placita
1843 3304 2097 3342 consentiunt

1216 3356 1321 3393 inter
1338 3367 1393 3393 se.
1448 3357 1556 3393 ERN.
1611 3357 1714 3393 Bud.
1731 3353 1933 3395 cointium.
1951 3359 2017 3395 sed
2034 3370 2097 3395 re·

1215 3410 1317 3447 etius
1333 3410 1492 3446 omnino
1519 3412 1720 3456 contineri,
1740 3411 1841 3459 quod
1863 3417 1902 3449 et
1919 3412 2015 3462 Bip.
2034 3425 2096 3450 re-

1216 3475 1365 3513 cepere.

1272 3520 1386 3568 Ret'p.
1423 3518 1530 3555 leand
1560 3519 1647 3556 dub.
1679 3518 1770 3569 fua]
1812 3522 1927 3571 Refp.
1962 3525 2023 3559 est
2054 3522 2093 3558 in

1217 3573 1329 3614 MSS.
1362 3573 1466 3611 Flor.
1494 3574 1621 3612 vatic.
1651 3574 1781 3612 Guelf.
1813 3577 1898 3614 edd.
1925 3587 1984 3626 pr.
2007 3577 2097 3613 Put.
