2190 3880
0 511 1 514 ’
83 504 210 557 dida
235 515 292 556 et
323 502 468 556 circo
503 521 567 556 ac
604 501 827 555 theatris
870 513 1039 566 sueta,
1073 502 1208 554 simu
1268 499 1540 552 deterrimi
1581 519 1873 566 servorum,

670 155 827 214 LIB.
875 160 916 211 1.
972 161 1136 211 CAP.
1171 165 1219 219 5,
1242 165 1288 210 6.
1816 169 1875 214 11

84 301 141 347 et
164 289 477 356 absentemg
511 288 774 361 primores
812 285 1071 358 Equitum
1109 285 1345 359 proximi
1383 286 1583 357 gaudio
1615 287 1837 344 Patrum
1859 306 2016 357 ;A.U.

157 379 206 415 rs
230 361 412 433 populi
441 361 668 432 integra,
694 371 750 412 et
773 359 984 430 magnis
1008 359 1258 412 domibus
1295 375 1525 424 annexa,
1550 359 1771 413 clientes
1809 362 1872 414 li-
1902 363 1996 417 322·

83 380 330 505 {gaique
351 431 725 485 damnatorum
755 442 811 484 et
834 430 1074 495 exulum,
1098 431 1151 482 in
1179 449 1203 482 s
1242 447 1328 482 em
1347 430 1543 483 erecti:
1583 431 1735 500 plebs
1761 451 1873 485 sor·
1885 413 2010 509 ⁸595·

85 586 180 629 aut
204 575 318 644 qui,
336 573 507 628 adesis
532 574 709 639 boniS,
737 590 832 644 per
856 572 1086 624 dedecus
1114 572 1347 625 Neronis
1374 571 1670 636 alebantur,
1697 574 1872 625 maesti

84 656 142 699 et
165 662 439 699 rumorum
476 645 640 698 avidi.
713 643 876 696 Miles
918 644 1170 708 urbanus,
1204 643 1368 713 longo
1397 642 1674 697 Caesarum
1701 650 1924 698 sacra-5

83 727 271 771 mento
297 716 536 781 inbutuS,
563 726 618 768 et
642 716 709 768 ad
736 714 1134 767 destituendum
1164 714 1434 767 Neronem
1463 726 1577 766 arte
1612 715 1787 785 magis
1822 726 1878 766 et

86 787 322 859 inpulsu,
347 799 507 857 quam
535 805 632 839 suo
659 786 898 857 ingeni0,
929 786 1223 852 traductus,
1251 796 1537 856 postquam
1563 803 1738 855 neque
1762 786 1878 838 dari

87 857 422 923 donativum,
460 858 560 910 sub
597 859 814 910 nomine
841 856 1034 910 Galbae
1078 857 1418 928 promissum,
1454 874 1627 927 neque
1667 858 1880 928 magnis

85 929 292 982 meritis
318 947 381 983 ac
407 929 644 999 praemiis
669 929 896 981 eundem
919 928 972 980 in
1012 947 1163 1000 pace,
1189 945 1348 998 quem
1389 929 1444 979 in
1486 928 1645 994 bello,
1680 928 1882 993 locum,

86 1010 528 1072 praeventamque
564 999 793 1072 gratiam
832 999 1086 1070 intelligit
1125 1000 1268 1070 apud
1298 999 1627 1070 Principem,
1654 1018 1686 1052 a
1710 999 1882 1070 legio·

87 1070 248 1124 nibus
274 1070 512 1137 factum3
550 1081 748 1142 pronus
789 1071 853 1123 ad
881 1089 1048 1123 novas
1086 1088 1186 1135 τρε,
1214 1070 1410 1122 scelere
1450 1069 1666 1141 insuper
1705 1071 1881 1141 Nym-

129 1141 262 1194 hidii
290 1142 477 1205 Sabini
511 1141 781 1206 Praefecti,
819 1141 1114 1213 Imperium
1155 1141 1258 1193 sibi
1301 1139 1587 1208 molientis,
1624 1142 1881 1214 agitatur.

29 1237 43 1247 ‘-
87 1160 165 1266 Et
204 1212 571 1285 Nymphidius
615 1212 834 1282 quidem
884 1212 940 1265 in
990 1213 1108 1283 ipso
1154 1223 1353 1264 conatu
1399 1231 1716 1284 oppressus:
1771 1213 1882 1278 sed,

90 1284 336 1354 quamvis
362 1283 540 1355 capite
561 1283 879 1336 defectionis
917 1283 1117 1352 ablato,
1150 1285 1403 1336 manebat
1439 1284 1704 1355 plerisque
1741 1283 1883 1336 mili-

91 1367 208 1408 tum
233 1356 596 1421 conscientia3
635 1364 734 1408 nec
771 1355 989 1408 deerant
1023 1372 1312 1420 sermoneS,
1350 1355 1540 1407 senium
1576 1364 1728 1426 atque
1758 1372 1884 1407 ava-

90 1425 266 1479 ritiam
295 1424 475 1480 Galbae
500 1426 914 1498 increpantium.
978 1426 1220 1480 Laudata
1248 1425 1376 1478 olim
1402 1437 1458 1478 et
1483 1426 1702 1479 militari
1738 1425 1884 1480 fama

91 1497 358 1551 celebrata
384 1499 634 1551 severitas
659 1498 775 1568 ejus
798 1497 1032 1569 angebat
1058 1498 1440 1568 adspernantes
1459 1507 1693 1550 veterem
1720 1497 1884 1550 disci-

91 1569 313 1691 Elinam,
351 1581 512 1639 atque
553 1570 628 1622 ita
668 1567 875 1622 XIIII.
919 1568 1073 1622 annis
1109 1588 1140 1621 a
1179 1568 1397 1622 Nerone
1439 1569 1796 1633 adsuefactOS,
1820 1578 1883 1637 ut

132 1641 237 1694 aud
269 1639 445 1695 minus
486 1641 620 1694 vitia
658 1640 973 1711 Principum
1014 1653 1274 1707 amarent,
1311 1658 1469 1710 quam
1499 1642 1629 1692 olim
1656 1640 1882 1692 virtutes

92 1713 431 1765 verebantur.
502 1711 749 1765 Accessit
774 1711 967 1764 Galbae
996 1730 1123 1777 vox,
1148 1726 1258 1784 'pro
1297 1711 1601 1784 Republica
1633 1710 1879 1777 honesta,

93 1781 197 1856 ipsi
223 1789 438 1855 a'ncep3,
464 1781 564 1856 legi
586 1801 619 1836 a
642 1800 691 1837 se
724 1782 958 1850 militem,
990 1802 1094 1836 non
1118 1783 1232 1836 emi.
1307 1783 1425 1837 Nec
1461 1783 1606 1835 enim
1644 1782 1712 1836 ad
1736 1782 1875 1836 hanc
1891 1787 1929 1841 6

147 1939 252 1978 Pars
261 1939 401 1991 populi
427 1940 599 1990 integra,
618 1946 654 1978 et
679 1938 854 1991 magnis]
885 1940 960 1978 At-

92 1993 224 2040 tende,
244 1999 284 2032 et
299 2005 451 2032 mecum
475 1994 687 2032 rescribes:
710 2006 810 2043 pars
828 2008 872 2044 p.
900 1995 962 2031 in-

80 2052 221 2096 tegra,
235 2055 270 2087 et
285 2050 444 2098 mag-nie
459 2049 632 2087 domibus
648 2050 793 2086 amnesi
807 2049 963 2087 clientes

93 2095 292 2152 libertique
317 2103 596 2140 danmatorum.
650 2103 848 2151 latagi-am
872 2113 962 2151 par-

93 2154 174 2193 tem
192 2156 326 2204 populi
337 2155 524 2206 appellat,
541 2157 729 2194 sinceram
748 2160 788 2193 et
802 2157 961 2193 lascivia

93 2211 315 2258 temporum
342 2220 420 2248 non
434 2216 672 2259 corruptam.
702 2212 813 2248 lars,
870 2212 962 2247 Pro-

93 2261 190 2315 bent
206 2264 387 2311 Pichena,
408 2266 476 2313 qui
501 2265 649 2314 recepit
675 2265 717 2302 in
732 2268 901 2311 textum,
921 2269 963 2302 et

93 2316 310 2365 Acidalius,
324 2320 390 2356 sed
406 2320 478 2366 ita,
495 2322 543 2356 ut
569 2323 659 2368 post
678 2319 877 2368 libertique
901 2319 964 2356 in-

96 2375 249 2410 seratur
290 2374 430 2423 quique
470 2372 532 2410 vel
576 2372 758 2423 quodque.
808 2373 962 2410 Neutro

95 2432 208 2473 opus.
261 2425 473 2476 Vulgatum
507 2429 569 2464 est
599 2427 642 2464 in
676 2426 857 2464 omnibus
889 2422 962 2464 scr'.

98 2478 218 2530 (Bud.
253 2479 423 2530 quoque)
453 2484 495 2517 et
525 2480 611 2519 edd.
645 2484 742 2518 vett.
781 2484 964 2529 recteque

95 2534 323 2571 restitutum
357 2546 384 2572 a
410 2535 676 2572 Freinshemio
701 2534 759 2585 (et
783 2535 963 2586 Ryckio).

97 2586 206 2624 Pars
233 2587 383 2638 populi'
401 2589 557 2638 integra
590 2592 649 2626 est
682 2589 882 2626 honestior
923 2593 964 2625 et

96 2641 345 2690 incorrupta:
363 2644 575 2691 opponitur
589 2643 696 2680 enim
710 2643 870 2680 sordidae
882 2643 964 2692 ple-

96 2693 163 2731 bi:
192 2706 239 2732 ea
254 2706 407 2733 annexa
424 2698 578 2745 magnis
593 2697 786 2742 domibus,
802 2698 864 2734 vel
892 2708 964 2746 per

97 2750 383 2798 cognationem,
415 2753 456 2787 et
494 2750 750 2797 adfinitatem,
789 2751 850 2787 vel
892 2762 964 2800 per

97 2802 333 2842 clientelam.
390 2803 562 2841 Clientes
591 2808 632 2841 et
657 2804 789 2841 liberti
807 2804 966 2842 damna-

98 2860 228 2894 surum
251 2861 294 2895 et
311 2857 469 2895 exulum
490 2859 696 2907 eriguntur
714 2859 756 2894 in
771 2869 881 2906 spem
897 2869 966 2907 pa-

97 2913 301 3002 tnronorum
322 2915 363 2948 et
378 2912 621 2950 dominorum
644 2913 964 2961 recipiendorum.

139 2973 208 3002 RN.

158 3018 239 3064 Qui
268 3019 313 3055 in
343 3016 454 3070 bello]
497 3019 628 3057 Placet
659 3020 755 3066 fere,
789 3020 891 3069 quod
923 3020 966 3058 in

99 3072 246 3120 scripto
263 3071 366 3108 filius
381 3084 490 3111 meus
505 3074 674 3111 Jaeobus
691 3074 834 3112 Oxonii
855 3079 967 3112 nota—

99 3127 182 3163 vit:
211 3126 368 3163 eundem
394 3130 437 3165 in
458 3140 568 3177 pace,
590 3141 701 3178 quem
716 3130 759 3165 in
775 3129 884 3174 bello,
911 3130 966 3166 lo-

101 3191 202 3217 cum.
228 3181 364 3219 Gaon.
417 3180 478 3219 Sic
506 3186 546 3219 et
572 3182 675 3220 Flor.
699 3182 829 3220 Guelf.
850 3182 969 3233 (Bud.

102 3237 147 3270 et
159 3234 257 3282 Raeg.·
275 3233 389 3284 Lali.)
400 3236 461 3272 ed.
478 3247 536 3284 pr.
553 3237 656 3273 unde
674 3237 842 3274 restitui.
860 3238 969 3285 Saepe

100 3287 146 3324 in
171 3288 243 3325 hac
269 3290 553 3326 constructione
579 3290 737 3339 obliqua
759 3291 970 3328 accusativi

91 3340 147 3377 ‘in
165 3342 420 3380 nominativos
437 3343 592 3382 mutati.
621 3345 726 3382 ERN.

157 3395 370 3444 Imperium
381 3396 457 3434 sibi
467 3398 660 3435 molientis
671 3395 867 3447 agitatur]
883 3397 970 3435 Ma-

101 3445 174 3483 lim
204 3451 398 3497 agitatus.
436 3461 515 3487 non
547 3451 651 3488 enim
685 3458 772 3489 cum
800 3452 969 3488 maxime

105 3500 222 3538 fiebat
236 3502 347 3548 illud,
365 3504 432 3540 sed
443 3503 525 3551 jam
541 3508 633 3542 ante
649 3507 859 3543 adventum
875 3506 970 3543 Gai-

105 3552 320 3595 baefaetum
338 3561 437 3598 erat.
463 3558 599 3598 GaoN.
652 3557 751 3600 Mox
777 3560 845 3599 sed
859 3564 918 3598 est
946 3570 970 3598 a

1011 1940 1202 1979 Rhenano
1233 1939 1333 1977 bene
1376 1940 1594 1987 inductum,
1629 1940 1703 1977 etsi
1748 1951 1882 1978 omnes

1013 1995 1147 2044 scripti
1164 1999 1204 2031 et
1221 1998 1314 2032 ante
1331 2006 1421 2032 eum
1438 1995 1533 2033 editi
1552 1992 1698 2032 habent
1708 2000 1756 2032 et.
1774 1996 1882 2046 Eum.

1012 2048 1075 2086 Sic
1111 2052 1151 2085 et
1182 2049 1285 2087 Bud.
1319 2050 1534 2087 Rhenanus
1560 2052 1664 2086 recte
1691 2049 1804 2094 vidit,
1831 2048 1882 2086 ob

1011 2102 1168 2140 finalem
1198 2103 1301 2140 vocis
1326 2104 1576 2151 praecedentis
1607 2103 1798 2142 initialem
1822 2115 1882 2140 se-

1013 2157 1168 2206 quentis
1185 2157 1386 2195 excidisse.

1065 2211 1251 2248 Manebat
1260 2212 1318 2260 pl.
1334 2223 1386 2248 m.
1406 2209 1653 2261 con-edentia]
1681 2209 1882 2248 Acidalius

1013 2265 1099 2302 vult
1115 2267 1344 2302 constantia.
1398 2264 1591 2313 Speciosa,
1618 2264 1684 2301 sed
1709 2275 1789 2301 non
1814 2275 1883 2300 ne·

1014 2319 1181 2355 cessaria
1210 2319 1447 2366 conjectura.
1501 2318 1749 2356 Conscientia
1782 2318 1883 2356 male

1012 2373 1107 2410 faeti
1125 2374 1335 2410 acerrimus
1353 2371 1533 2409 stimulus
1548 2373 1598 2410 ad
1614 2373 1745 2410 odium
1764 2376 1804 2408 et
1821 2384 1882 2409 res

1014 2438 1134 2464 novas
1151 2427 1375 2465 moliendas.
1428 2428 1562 2475 anue
1589 2426 1784 2463 sententia
1802 2437 1884 2462 cre·

1016 2481 1088 2518 bra
1103 2485 1162 2518 est
1177 2482 1282 2530 apud
1298 2492 1431 2518 omnes
1448 2481 1663 2518 historicos.
1715 2481 1777 2518 Sic
1793 2492 1828 2517 c.
1847 2487 1883 2518 8.

1018 2536 1210 2572 exercitus
1223 2537 1354 2573 Germ.
1371 2539 1479 2572 metu
1498 2536 1725 2572 incitantur.
1752 2535 1860 2572 ERN.

1069 2590 1252 2638 Angebat
1283 2589 1542 2639 aspernantes]
1598 2589 1737 2633 Miror,
1783 2592 1883 2625 tam-

1017 2643 1086 2680 diu
1117 2644 1328 2681 toleratum
1356 2655 1438 2680 esse
1467 2644 1509 2679 in
1537 2643 1674 2680 Tacito
1703 2644 1884 2690 ineptum

1016 2697 1178 2734 verbum
1211 2703 1512 2746 coasperuantes,
1546 2697 1648 2744 quod
1681 2700 1815 2732 tamen
1843 2700 1884 2733 et

1017 2752 1058 2789 in
1075 2752 1207 2801 Guelf.
1229 2751 1285 2802 (et
1298 2748 1415 2800 Bud.)
1437 2755 1516 2786 est:
1544 2761 1634 2787 cum
1662 2750 1705 2786 in
1732 2749 1793 2788 ed.
1822 2760 1883 2798 pr.

1018 2805 1134 2853 plane
1149 2806 1199 2842 sit
1216 2811 1472 2854 aspernanter,
1490 2805 1592 2852 quod
1609 2804 1727 2841 etiam
1741 2815 1763 2840 e
1781 2803 1884 2840 Flor.

1017 2862 1058 2895 et
1076 2860 1173 2907 Agr.
1192 2859 1300 2897 codd.
1315 2858 1479 2907 protulit
1495 2858 1679 2907 Ryckius.
1740 2856 1827 2908 (Est
1843 2861 1885 2894 et

1016 2913 1060 2950 in
1071 2914 1167 2961 Reg.
1186 2911 1319 2962 Lall.).
1349 2913 1444 2949 Mox
1460 2913 1559 2949 maie
1576 2924 1647 2960 pro
1662 2910 1886 2949 verebantur

1015 2967 1185 3014 Ryckius
1210 2978 1232 3003 e
1264 2978 1334 3003 suo
1360 2967 1443 3003 cod.
1475 2965 1770 3004 veuerabautur:
1800 2977 1886 3014 qun

1020 3024 1080 3058 est
1094 3022 1220 3069 glossa
1234 3021 1352 3058 illius.
1404 3021 1511 3057 Male
1530 3021 1648 3058 etiam
1675 3019 1744 3056 aiii
1762 3019 1888 3071 (Pich.

1019 3075 1149 3126 Acid.)
1180 3079 1337 3112 tentant
1362 3075 1639 3112 reverebantur.
1690 3074 1793 3110 Nam
1822 3085 1887 3110 eo·

1019 3128 1108 3166 dem
1136 3140 1252 3166 sensu
1284 3131 1405 3166 vereri
1438 3129 1593 3167 dicitur.
1625 3128 1698 3166 Ed.
1733 3139 1792 3176 pr.
1831 3126 1887 3178 (et

1019 3182 1138 3234 Bud.)
1167 3195 1257 3221 mox
1290 3184 1409 3220 etiam
1443 3183 1564 3219 habet
1596 3183 1774 3227 mititem,
1807 3192 1888 3219 non

1015 3239 1244 3288 principem,
1261 3242 1307 3274 ut
1323 3237 1390 3274 alii
1410 3247 1482 3274 scr.
1496 3242 1537 3273 et
1553 3236 1639 3274 edd.
1659 3239 1755 3272 vett.
1771 3234 1887 3284 idque

1022 3291 1122 3328 bene
1164 3290 1341 3328 restituit
1373 3291 1599 3328 Rhenanus.
1643 3291 1751 3328 ERN.
1806 3289 1888 3329 Qui

1022 3345 1246 3395 Principem
1279 3346 1424 3393 posuit,
1455 3343 1638 3382 credebat
1671 3344 1718 3380 de
1750 3342 1889 3379 Pisone

1021 3410 1236 3437 sermonem
1254 3410 1349 3436 esse.
1375 3399 1477 3435 Bud.
1494 3399 1728 3436 vere-bantur.
1774 3395 1890 3432 Hane

1022 3464 1151 3490 vocem
1171 3453 1352 3490 Petronio
1368 3463 1402 3490 c.
1421 3458 1486 3491 52,
1509 3452 1581 3488 hoc
1597 3462 1714 3488 sensu
1732 3449 1891 3487 reddere

1020 3513 1135 3555 parat
1164 3507 1304 3543 Heins-
1332 3518 1404 3555 pro
1434 3506 1702 3544 reverebantur
1734 3502 1815 3540 scil.
1844 3505 1892 3540 ut

1022 3570 1086 3611 ap.
1104 3561 1190 3602 Liv.
1205 3566 1271 3607 39,
1285 3565 1351 3598 37.
