2190 3880
303 142 406 190 268
918 135 1524 198 ffls'roRIARUM'

156 278 279 320 A.U.
307 283 464 321 mare.
492 268 696 321 auxilia
726 270 924 340 passim
953 273 1283 328 circumfusa
1311 287 1454 329 sunt.
1531 274 1709 346 Eques
1734 277 2000 349 prorupit,
2025 294 2123 332 ex-

157 337 262 428 }236
306 350 606 411 ceptusque
634 345 953 413 compositis
983 346 1221 398 hostium
1251 348 1551 413 ordinibuS,
1581 359 1732 419 terga
1761 349 1813 402 in
1853 368 1978 403 suos
2007 367 2126 402 ver-

178 414 275 482 ‘rb-⁹
307 411 392 463 tit.
471 411 665 466 Caedes
693 414 838 480 inde,
866 434 974 468 non
1017 418 1292 488 proelium.
1370 417 1442 470 Et
1482 417 1808 473 Nerviorum
1849 421 2124 487 cohorteS,

303 495 454 536 metu
483 503 575 536 seu
609 487 852 555 perfidia,
878 488 1045 540 latera
1074 501 1379 542 nostrorum
1411 491 1699 542 nudavere.
1775 493 1866 546 Sic
1892 494 1960 547 ad
1987 493 2126 565 legi-

304 573 436 608 ones
473 570 823 630 perventum:
863 577 1006 628 quae,
1034 560 1242 612 arnissis
1282 561 1471 632 signis,
1503 561 1645 615 intra
1683 562 1880 617 vallum
1919 577 2123 619 sterne-

303 629 534 694 bantur3
573 647 695 681 cum
722 642 942 699 repente
970 647 1113 683 novo
1137 631 1344 685 auxilio
1371 631 1590 685 fortuna
1628 651 1829 704 pugnae
1864 648 2122 690 mutatur.

302 699 613 754 Vasconum
634 701 787 753 lectae
809 719 840 752 a
861 701 1041 754 Galba
1057 703 1309 755 cohortes
1333 723 1396 757 ac
1421 717 1535 758 tum
1559 705 1912 769 accitae‚dum
1931 709 2122 761 castris

301 772 690 844 propinquant,
736 773 926 825 audito
965 774 1339 844 proeliantium
1372 775 1627 842 clamore,
1664 777 1905 830 intentos
1939 779 2122 834 hostes

301 862 334 894 a
358 858 511 915 tergo
541 844 824 910 invadunt,
851 844 1224 917 latioremque,
1251 866 1413 919 quam
1458 868 1554 920 pro
1589 867 1832 915 numero,
1861 862 2120 905 terrorem

300 914 538 967 faciunt:
580 915 698 967 aliis
725 927 765 968 a‘
800 916 1061 982 Novesio,
1089 920 1208 971 aliis
1237 938 1269 970 a
1309 918 1690 991 MagontiacO,
1718 922 1993 976 universas
2027 942 2120 976 co-

298 986 419 1057 pias
463 987 747 1040 advenisse
794 989 1160 1045 credentibus,
1236 990 1291 1043 Is
1334 1009 1483 1045 error
1526 992 1791 1046 Romanis
1823 994 1976 1048 addit
2002 996 2120 1048 ani-

298 1075 437 1123 mos,
464 1071 536 1123 et,
563 1060 691 1111 dum
721 1059 908 1113 alienis
933 1062 1139 1115 viribus
1161 1063 1465 1130 confidunt,
1487 1083 1608 1122 suas
1636 1082 1903 1137 recepere.
1979 1066 2115 1120 For-

299 1130 540 1183 tissimus
563 1133 791 1203 quisque
817 1151 847 1185 e
870 1133 1112 1198 BataviS,
1139 1149 1401 1206 quantum
1442 1136 1684 1208 peditum
1724 1150 1859 1202 erat,
1879 1137 2116 1192 fundun-

299 1212 417 1256 tur:
458 1221 621 1273 eques
658 1205 832 1257 evasit
868 1224 993 1258 cum
1025 1208 1195 1278 signis
1232 1209 1592 1279 captivisque,
1623 1227 1760 1278 quos
1797 1209 1971 1281 prima
2000 1213 2118 1265 acie

297 1276 700 1346 conripuerant.
777 1276 1057 1330 Caesorum
1087 1298 1152 1330 eo
1185 1280 1291 1343 die,
1319 1282 1372 1332 in
1414 1282 1656 1352 partibus
1695 1282 1912 1347 nostris,
1940 1283 2114 1354 major

198 1343 266 1390 34
299 1366 551 1400 numerus
579 1361 633 1400 et
661 1349 943 1416 inbellior3
979 1369 1010 1403 e
1038 1351 1326 1405 Germanis
1355 1353 1473 1424 ipsa
1503 1353 1716 1405 robora.
1796 1353 1926 1408 Dux
1968 1367 2115 1408 uter-

297 1437 420 1490 que,
451 1421 563 1490 pari
593 1421 752 1491 cuipa
794 1422 1016 1473 meritus
1063 1423 1304 1488 adversa,
1346 1424 1616 1496 prosperis
1652 1423 1890 1478 defuere.
1966 1426 2114 1482 Nam

299 1492 510 1555 Civilis,
539 1492 579 1543 si
620 1493 918 1563 majoribus
951 1495 1124 1565 copiis
1167 1496 1514 1548 instruxisset
1549 1497 1740 1561 aciem,
1767 1498 2044 1552 circumiri
2081 1519 2115 1554 a

298 1575 409 1622 tam
440 1565 623 1636 paucis
650 1564 970 1619 cohortibus
999 1567 1292 1638 nequisset,
1319 1579 1602 1641 castraque
1631 1582 1890 1643 perrupta
1933 1572 2112 1625 exsci-

1221 1735 1360 1774 militis
1394 1737 1451 1776 ibi
1496 1737 1684 1775 locarent.
1741 1735 1929 1778 Ceterum
1970 1741 2112 1778 moem'a

1220 1804 1292 1841 pro
1325 1793 1453 1830 media
1488 1792 1638 1830 habent
1671 1792 1758 1830 MS.
1801 1794 1898 1843 Agr.
1943 1795 2004 1833 ed.
2050 1806 2111 1844 pr.

1221 1847 1343 1885 Male.
1388 1848 1487 1884 Item
1514 1850 1681 1896 uterque
1699 1845 1801 1885 liber
1816 1849 1942 1886 catera
1963 1855 2110 1888 nostra.

1221 1901 1329 1939 Eas.
1374 1902 1478 1939 Bud.
1505 1901 1644 1939 media.
1681 1901 1787 1940 Dein
1812 1903 1940 1941 latera
1963 1909 2111 1942 nostro-

1221 1968 1321 1992 rum.

279 1734 418 1773 militis
438 1737 478 1772 et
497 1746 618 1783 supra
649 1740 687 1781 1,
704 1740 769 1775 70.
801 1735 950 1773 mentio
978 1743 1002 1773 a
1028 1736 1167 1775 Tacito

281 1790 440 1836 injecta.
482 1790 520 1828 Is
537 1790 606 1839 qui
625 1791 691 1835 sit,
710 1802 848 1838 parum
867 1792 972 1828 inter
991 1792 1166 1829 eruditos

279 1845 476 1882 convenit.
512 1845 652 1882 Adhuc
668 1846 767 1882 nihil
786 1846 927 1883 melius
940 1846 1036 1892 vidi,
1048 1858 1165 1895 quam

279 1900 383 1948 quod
401 1899 590 1936 Salmasio
608 1899 656 1936 de
674 1900 761 1937 Mil.
777 1901 825 1937 R.
845 1912 876 1937 c.
896 1906 935 1938 4.
961 1912 999 1949 p.
1030 1906 1096 1938 40.
1127 1906 1168 1940 et

279 1954 432 1992 Schelio
449 1955 498 1990 ad
529 1954 678 2002 Hygin.
709 1966 748 2003 p.
781 1959 846 1992 40.
875 1955 1018 2004 placet,
1044 1957 1167 1994 subsi-

277 2020 432 2056 gnanos
445 2009 537 2054 dici,
551 2010 619 2058 qui
634 2009 714 2046 sint
733 2008 806 2045 sub
821 2010 957 2057 signis,
970 2014 1010 2047 et
1023 2011 1165 2048 armati

279 2075 352 2101 sua
377 2063 504 2112 signa,
522 2064 603 2101 sive
631 2064 673 2100 in
701 2064 799 2113 acie,
820 2065 900 2100 sive
924 2065 966 2101 in
995 2066 1167 2113 agmine,

279 2124 507 2167 sequantur.
551 2119 653 2156 Nam
683 2120 855 2168 legiones
882 2119 1068 2157 dicuntur
1094 2121 1166 2159 snb

276 2174 404 2222 signis
421 2185 500 2210 esse
517 2173 683 2210 Pollioni
711 2184 776 2221 ap.
807 2172 888 2211 Cic.
917 2185 980 2222 ep.
1013 2180 1076 2221 10,
1095 2180 1163 2213 33.

277 2231 318 2264 et
349 2228 454 2272 duci,
480 2228 529 2264 ad
561 2228 649 2265 Att.
682 2230 744 2271 16,
776 2233 812 2264 8.
847 2229 987 2276 Itaque
1018 2230 1167 2267 antesi-

274 2282 396 2330 gnani
415 2282 531 2331 primi
556 2281 900 2331 subsignanorum,
919 2285 1165 2332 postsignani

275 2337 477 2386 postremi.
522 2336 594 2374 Sed
629 2340 762 2374 tamen
795 2337 1026 2375 adversatur
1054 2338 1161 2376 locus

275 2391 377 2429 Livii
407 2397 447 2436 8,
469 2397 505 2430 8.
534 2390 604 2429 ubi
631 2392 751 2429 dicit:
781 2391 852 2429 hoc
878 2392 1010 2430 XXX
1032 2395 1160 2431 mani-

268 2447 456 2497 pulorum
469 2458 610 2496 agmen
626 2447 902 2496 antesignanos
913 2447 1161 2496 appellabant

278 2500 350 2545 (sic
383 2502 488 2538 enim
524 2501 748 2549 legendum,
781 2511 861 2538 non
893 2503 1152 2551 antepilanos)

274 2557 368 2606 quia
386 2556 456 2593 sub
470 2557 598 2604 signis
615 2556 690 2593 alii
703 2556 798 2592 XV.
818 2555 969 2593 ordines
979 2557 1158 2594 locaban-

274 2617 361 2647 tur.-
390 2611 458 2659 qui
490 2610 603 2648 loeus·
630 2614 692 2648 est
724 2610 815 2647 huic
843 2614 978 2647 nostro
1008 2610 1159 2649 similis.

274 2665 388 2702 Unde
416 2666 594 2713 suspicor
618 2665 901 2713 subsignanum
926 2665 1092 2702 militem
1118 2666 1158 2703 h.

272 2719 301 2756 l.
337 2731 421 2757 esse
451 2719 642 2765 subsidia,
659 2719 803 2768 quibus
831 2720 935 2757 acies
963 2720 1158 2768 firmatur,

272 2775 311 2812 h.
330 2774 356 2811 l.
376 2775 520 2820 media,
540 2775 656 2824 idque
685 2778 747 2812 est
771 2774 935 2812 verbum
954 2776 1158 2825 proprium

272 2829 318 2867 de
339 2829 537 2866 subsidiis.
592 2830 777 2867 Ceterum
797 2840 875 2867 non
896 2841 1051 2879 negem,
1069 2831 1157 2868 sub-

271 2884 462 2933 signanos
479 2884 598 2921 etiam
616 2895 662 2921 eo
679 2884 793 2922 modo
811 2884 902 2930 dici,
920 2896 998 2934 quo
1011 2885 1159 2923 Salma-

272 2938 353 2975 sius
384 2939 483 2982 vult,
516 2940 619 2976 sicut
647 2942 689 2976 et
711 2939 896 2985 formula,
929 2939 1000 2976 sub
1030 2941 1160 2989 sign&

269 3005 362 3037 esse,
398 2993 551 3031 duobus
586 2994 710 3031 modis
743 2993 900 3030 dicitur.
957 2994 1031 3031 Sed
1060 2994 1157 3032 illud

270 3047 311 3085 h.
331 3046 357 3083 1.
375 3051 435 3083 est
452 3049 600 3096 aptius.
658 3049 844 3086 Ceterum
863 3048 960 3085 illud
973 3049 1158 3086 convenit

269 3112 320 3139 ex
338 3101 377 3139 h.
395 3101 421 3139 1.
436 3101 673 3151 intelligere,
689 3115 736 3139 eo
749 3103 908 3140 nomine
919 3103 1020 3140 solos
1036 3103 1158 3151 legio-

270 3156 402 3192 narios
448 3157 630 3205 intelligi.
691 3158 1007 3206 Distinguuntur
1051 3159 1156 3196 enim

268 3211 372 3247 clare
402 3209 453 3246 ab
478 3211 651 3248 auxiliis.
699 3213 840 3260 ltaque
865 3212 1052 3249 dicuntur
1078 3213 1158 3250 dis·

268 3276 381 3303 cessu
400 3265 636 3303 Nerviorum
660 3263 724 3314 (ea
740 3270 856 3302 erant
882 3266 1047 3316 auxilia)
1076 3268 1156 3305 Ro-

266 3330 473 3358 manorum
499 3320 526 3357 i.
545 3331 580 3358 e.
600 3319 904 3367 legionariorum
930 3321 1055 3358 latera
1082 3333 1157 3358 nu-

267 3375 378 3412 data..
410 3385 548 3412 sensus
589 3374 712 3422 igitur
744 3373 818 3411 loci
855 3374 938 3411 hic:
985 3376 1153 3412 mediam

265 3431 406 3475 aciem,
429 3429 473 3467 in
500 3429 614 3477 cujus
641 3428 781 3471 robore
808 3432 850 3465 et
877 3429 1062 3466 firmitate
1091 3441 1153 3467 res

265 3484 436 3522 maxime
479 3478 718 3529 verteretur,
763 3483 967 3520 firmarent
1011 3483 1150 3530 milite,

266 3550 346 3577 non
375 3538 528 3587 quovis,
543 3538 610 3576 sed
637 3537 868 3587 legionario,
886 3533 999 3585 cujus
1026 3539 1153 3575 maxi-

267 3605 333 3630 ma
350 3593 428 3630 vis:
456 3594 499 3632 h.
519 3605 558 3634 e.
577 3604 695 3642 quam
712 3592 928 3643 plurimum
944 3592 1151 3642 legionarii

1280 2011 1412 2060 Terga
1429 2011 1470 2048 in
1486 2023 1577 2048 suos
1590 2010 1722 2062 vertit]
1745 2011 1836 2049 Non
1849 2014 1910 2048 eet
1919 2016 2111 2062 argutan-

1221 2066 1314 2102 dum
1335 2067 1376 2102 in
1394 2065 1527 2102 verbis
1545 2077 1632 2103 cum
1662 2066 1838 2110 Mureto,
1857 2067 1923 2116 qui
1954 2069 1995 2104 in
2019 2081 2109 2106 suos

1219 2120 1341 2157 deleri
1370 2119 1542 2165 volebat,
1558 2120 1662 2169 quod
1687 2123 1800 2168 terga
1831 2120 2010 2158 hostibus
2040 2121 2109 2159 da—

1219 2181 1373 2222 rentur,
1393 2187 1471 2215 non
1496 2175 1540 2211 in
1555 2186 1620 2211 eos
1638 2178 1903 2222 verterentur,
1920 2175 1989 2224 qui
2012 2175 2110 2226 fuga

1219 2233 1425 2278 petuntur.
1481 2231 1632 2278 Fugam
1652 2230 1828 2268 direxere
1855 2241 1992 2268 versus
2014 2237 2108 2269 suos

1218 2285 1327 2322 ERN.
1599 2286 1601 2288 ’

1269 2339 1384 2376 Dum
1396 2339 1536 2376 castris
1546 2337 1829 2390 propinquant]
1846 2337 1950 2378 Eud.
1961 2351 2101 2390 appro-

1209 2394 1418 2442 pinquant.

1269 2448 1444 2485 Intentos
1461 2445 1601 2497 hostes]
1635 2446 1766 2485 Intell.
1788 2447 1830 2484 in
1853 2446 2014 2493 milites,
2033 2451 2103 2498 qui

1214 2502 1254 2538 in
1285 2502 1436 2539 castris.
1493 2502 1577 2540 Liv.
1606 2507 1647 2548 2,
1684 2506 1752 2540 53.
1778 2513 1876 2552 pars
1906 2503 2103 2543 Romanos

1213 2562 1294 2594 toto
1309 2557 1455 2606 impeta
1468 2557 1634 2594 internos
1647 2557 1689 2593 in
1700 2562 1830 2594 castra
1847 2556 2098 2596 adoriuntur.-

1214 2619 1254 2647 et
1272 2612 1327 2648 sic
1343 2609 1439 2648 alibi
1458 2622 1572 2660 saepe.
1628 2610 1760 2649 Etiam
1778 2621 1944 2661 sequens
1961 2612 2100 2658 forma,

1213 2667 1406 2711 latiorem,
1423 2678 1542 2717 quam
1553 2678 1628 2716 pro
1650 2677 1823 2711 nmnero,
1841 2667 2101 2716 terroremsa-

1213 2721 1336 2766 ciunt,
1348 2723 1410 2757 est
1425 2731 1446 2756 e
1465 2720 1589 2758 Livio.
1644 2720 1741 2758 Mox
1756 2720 1948 2762 Romanis
1958 2720 2100 2760 aberat

1211 2786 1237 2811 a
1267 2775 1351 2813 MS.
1377 2775 1481 2813 Bud.
1509 2786 1582 2812 nec
1600 2775 1720 2812 estin
1738 2774 1843 2813 Flor.
1865 2767 1954 2824 (nec
1977 2774 2095 2826 Agr.)

1211 2829 1271 2867 ed.
1303 2841 1363 2878 pr.
1392 2829 1459 2866 sed
1492 2829 1555 2867 vix
1586 2828 1785 2867 commode
1814 2828 2003 2869 abfuerit.
2056 2831 2098 2868 J.

1213 2885 1436 2922 Gronovius
1451 2884 1523 2922 hoc
1536 2884 1724 2930 sentiens,
1738 2883 2097 2933 interpunctionem

1212 2939 1443 2987 mutandam
1472 2942 1590 2989 putat
1608 2939 1684 2975 sic:
1715 2938 1809 2976 aliis
1829 2937 1873 2988 (i.
1890 2949 1927 2976 ε.
1951 2940 2097 2977 Roma-

1213 2991 1292 3044 nis)
1313 3006 1338 3030 a
1363 2994 1543 3039 Novest‘o,
1563 2994 1657 3031 aliis
1672 3005 1698 3030 a
1715 2993 1834 3042 Mag.
1850 3005 1888 3030 n.
1907 3006 1941 3031 c.
1960 3005 1999 3030 a.
2017 3005 2097 3031 cre·

1213 3048 1401 3094 dentibus,
1423 3050 1458 3085 is
1487 3059 1593 3086 error
1621 3048 1733 3085 addit
1763 3048 1936 3085 animum
1950 3061 1963 3084 .·
1990 3049 2095 3096 quod

1212 3102 1372 3150 probari
1398 3114 1478 3140 non
1507 3106 1657 3152 potest.
1704 3101 1750 3140 In
1781 3100 1911 3139 verbis
1930 3103 1973 3139 Is
1987 3114 2096 3139 error

1211 3158 1371 3195 initium
1384 3168 1468 3194 esse
1487 3169 1596 3194 novae
1613 3155 1832 3201 sententiae,
1843 3155 1955 3192 facile
1970 3157 2095 3194 senti·

1210 3212 1398 3261 atquivis.
1418 3211 1615 3259 Scriptum
1629 3210 1706 3247 fuit
1716 3209 1808 3247 olim
1820 3211 1968 3249 {serr-or
1978 3211 2093 3249 Rom.

1209 3267 1348 3315 Itaque
1367 3266 1481 3302 facile
1494 3266 1566 3302 hoc
1584 3264 1761 3302 excidere
1782 3264 1928 3313 potuit.
1980 3266 2092 3305 ERN.

1208 3320 1303 3358 Mox
1327 3320 1411 3357 cod.
1438 3318 1535 3368 Agr.
1566 3329 1772 3368 suscepere.
1825 3318 1930 3356 Bud.
1959 3320 2094 3368 priora

1208 3376 1263 3412 sic
1280 3387 1288 3410 ε
1318 3376 1484 3412 clamore
1518 3375 1664 3411 intento
1699 3372 1819 3410 hostie
1863 3372 2093 3423 (adcusandi

1207 3440 1315 3474 casu,
1333 3425 1446 3477 puta)
1467 3441 1494 3465 a
1511 3434 1540 3465 t.
1554 3429 1631 3465 inv.

1263 3483 1475 3521 Circumiri
1508 3495 1533 3519 a
1569 3489 1652 3520 tam
1679 3480 1839 3531 paucis]
1874 3482 1959 3521 MS.
1992 3482 2092 3531 Reg.

1205 3538 1303 3586 Agr.
1321 3538 1381 3575 ed.
1402 3548 1461 3585 pr.
1480 3537 1761 3575 circumveniri.
1789 3536 1937 3574 Eadem
1950 3536 2010 3574 ed.
2026 3549 2091 3573 ne-

1205 3593 1387 3642 quivisset
1404 3597 1445 3630 et
1461 3592 1705 3636 excidissent,
1726 3595 1771 3629 ut
1790 3591 1874 3629 MS.
1886 3592 1935 3630 R.
1992 3591 2090 3629 Mox
