2190 3880
358 110 440 152 ·6o
971 103 1592 157 HISTORIARUM

240 251 290 289 A.
310 248 472 286 nvos
498 238 554 283 et
577 230 918 303 legionarios„
953 233 1082 286 dum
1110 233 1210 287 his
1231 245 1325 288 aut
1357 234 1464 288 illis
1504 235 1683 291 studia
1705 235 1938 289 militum
1975 238 2175 311 adgreq

251 305 343 344 823·
375 312 588 373 gantur,
627 321 795 375 prope
833 304 887 356 iu
931 304 1487 375 proelium‘exarsere3
1523 308 1586 358 ni*
1605 306 1798 359 Valens
1832 303 2174 382 animadvcr·{

253 356 526 452 ’ξ’(ξέἰοηε
551 392 843 446 paucorum
871 376 1077 429 oblitos<
1102 375 1219 447 jam
1259 377 1494 430 Bata-vos
1532 379 1740 449 imperii
1780 381 2165 438 admonuisset.

376 445 594 501 Frustra
632 448 883 500 adversus
921 447 1130 500 AEduos
1166 448 1397 518 quaesita
1435 448 1558 500 beili
1597 468 1814 503 caussa.
1829 450 1970 520 jussi
2006 447 2174 522 pecu?

367 518 508 570 niam
533 524 684 590 atque
707 536 851 570 arma
876 516 1082 590 deferre,
1110 519 1375 591 gratuitos
1413 521 1630 592 insuper
1654 534 1984 575 commeatus
2021 517 2175 594 prui-⁸

367 590 566 644 buere:
605 591 749 660 quod
779 589 944 642 AEdui
982 590 1287 656 formidine,
1317 591 1701 662 Lugdunenses
1740 594 1941 664 gaudio
1964 593 2160 651 fecere.

354 662 474 714 'Sed
509 661 653 732 legio
682 661 874 714 Italica
897 672 953 713 et
985 662 1068 714 ala
1092 661 1327 716 Taurina
1360 664 1628 716 abductae.
1705 664 2001 718 Cohortem
2026 666 2172 719 duo--

364 733 743 786 devicesimam
788 732 1072 804 Lugduni,
1107 734 1277 787 solitis
1321 735 1424 787 sibi
1474 733 1732 801 hiberniS,
1778 735 2006 809 relinqui
2045 738 2159 811 pla-

364 805 497 858 cuit.
550 803 794 857 Manlius
818 804 1034 869 ValeuS,
1064 805 1297 876 Legatus
1326 806 1531 859 Italicae
1560 806 1806 878 legionis,
1831 825 2159 893 quamquain

363 877 502 928 bene
527 875 594 928 de
621 876 864 946 partibus
890 877 1132 941 merituS,
1159 877 1306 930 nullo
1332 878 1475 948 apud
1506 878 1779 932 Vitellium
1807 878 2012 932 honore
2031 879 2160 936 fuit.

364 947 582 1001 secretis
619 952 743 1000 eum
781 947 1249 1016 criminationibus
1286 949 1638 1002 infamaverat
1675 949 1873 1004 Fabius
1906 953 1920 1002 i
2003 969 2157 1007 arum

279 1024 347 1076 65
364 1032 436 1084 et,
475 1037 583 1091 quo
622 1019 888 1072 incautior
929 1020 1284 1092 deciperetur,
1322 1021 1497 1091 palam
1539 1019 1832 1075 laudatum.
1954 1033 2156 1078 eterem

360 1091 502 1144 inter
554 1091 939 1162 Lugdunenses
994 1093 1429 1163 Viennensesque
1473 1091 1795 1146 discordiam
1843 1093 2154 1167 proximum

358 1163 560 1217 beilum
585 1163 920 1216 accenderat.
959 1165 1141 1218 multae
1180 1165 1412 1217 invicem
1438 1163 1633 1229 cladeS,
1669 1164 1919 1219 crebrius·
1942 1165 2153 1222 infesti-

359 1250 545 1306 usque,
571 1253 730 1304 quam
763 1245 824 1287 ut
865 1235 1074 1288 tantum
1114 1249 1336 1308 propter
1378 1236 1652 1291 Neronem
1679 1235 2020 1308 Galbamque
2045 1257 2147 1312 pu-

355 1319 630 1379 gnaretur.
705 1305 777 1360 Et
799 1306 977 1360 Galba
1003 1308 1205 1362 reditus
1232 1307 1692 1380 Lugdunensium,
1718 1308 2001 1362 occasione
2034 1309 2149 1376 irre,

355 1379 412 1431 in
452 1379 641 1433 fiscum
687 1389 950 1432 verterat:
989 1380 1187 1433 multus
1232 1386 1423 1433 contra
1471 1379 1526 1431 in
1574 1379 1905 1435 Viennenses
1954 1378 2147 1435 honor.

355 1451 498 1504 unde
535 1449 809 1506 aemulatio
837 1461 893 1502 et
931 1450 1136 1506 invidia
1160 1460 1216 1504 et
1243 1470 1350 1504 uno
1376 1469 1533 1504 amne
1568 1450 1813 1504 discretis
1838 1468 2148 1507 connexum

350 1678 352 1680 Ι
406 1629 685 1679 Lugdunenses
711 1630 861 1679 gaudio
882 1628 1029 1680 ficere]
1073 1631 1222 1668 Caussa

351 1685 499 1734 gaudii,
517 1685 618 1734 quod
640 1685 844 1722 Vitellium
861 1684 965 1722 bello
988 1687 1121 1733 petere
1147 1698 1222 1734 pu-

351 1738 491 1776 tabant
508 1750 612 1784 eum,
630 1739 697 1787 qui
723 1742 859 1776 contra
887 1739 1083 1777 Neronem
1110 1740 1222 1776 fecis-

351 1799 425 1839 set,
453 1793 502 1830 ab
532 1805 660 1841 eoque
693 1793 907 1839 defecisset,
935 1805 1054 1842 seque
1078 1794 1221 1832 incom-

350 1847 474 1886 modis
505 1847 706 1885 affecisset.
733 1849 781 1885 V.
808 1859 841 1885 c.
871 1851 936 1885 65.
963 1849 1073 1887 ERN.

406 1902 582 1940 cohortes
610 1903 815 1940 octodecim
844 1901 1053 1952 Lugduni]
1085 1899 1140 1941 At
1157 1905 1219 1940 tot

340 1956 525 1994 >cohortes
542 1956 639 1994 mihi
663 1956 832 2006 relinqui
859 1967 938 1994 non
956 1956 1098 2006 placet.
1137 1957 1219 1994 Cur

347 2012 468 2058 enirn,
490 2023 580 2049 cum
610 2012 782 2060 undique
811 2010 922 2048 miles
949 2011 1217 2060 conquiratur,

347 2068 388 2102 et
405 2077 450 2102 eo
473 2066 522 2102 ad
538 2066 660 2103 aciem
685 2077 798 2115 opus,
824 2066 868 2102 in
881 2076 962 2104 nno
981 2076 1104 2114 eoque
1118 2066 1216 2102 ami-

346 2131 392 2156 co
410 2121 567 2170 oppido,
596 2120 784 2170 impositae
805 2123 867 2157 tot
891 2117 1099 2158 cohortes?
1141 2120 1217 2158 Sed

340 2174 403 2210 vait
421 2176 540 2212 etiam
559 2179 692 2212 vetera
709 2179 749 2212 et
775 2175 891 2211 solita
907 2178 970 2212 tot
990 2173 1214 2213 cohortibus

346 2227 510 2266 hiberna
543 2229 677 2267 fuisse.
722 2229 825 2278 qnod
871 2229 1027 2267 falsum.
1089 2228 1216 2267 Unica

344 2283 449 2320 enim
478 2284 684 2321 dumtaxat
708 2283 790 2332 jam
820 2281 913 2320 olim
941 2282 1122 2332 Lugduni
1150 2294 1214 2320 co-

343 2336 454 2375 hors:
484 2338 645 2376 eTaciti
661 2336 709 2375 A.
724 2342 844 2384 3,41.
873 2338 1105 2387 Andegavos
1117 2338 1215 2375 Aci-

343 2393 419 2430 lius
445 2394 588 2430 Aviola
617 2393 746 2430 excita
765 2393 927 2438 colzorte,
946 2404 1030 2442 quoe
1047 2393 1213 2442 Lugdu-

332 2448 384 2484 'm‘
410 2448 638 2498 pree-sidium
667 2447 859 2496 agitabat,
895 2447 1073 2485 coercuit.
1125 2446 1212 2483 Ma-

335 2501 560 2550 nuscriptos
580 2501 702 2550 igitur
722 2513 827 2538 meos
852 2501 983 2546 audio,
1000 2505 1042 2538 et
1069 2499 1133 2537 hic
1150 2512 1211 2537 co—

1273 1629 1438 1668 abesset.
1491 1630 1566 1668 Sed
1584 1631 1812 1679 pronomina
1832 1632 1931 1670 talia
1948 1631 2143 1677 interdum

1274 1686 1393 1722 ctiam
1406 1697 1430 1721 a
1449 1684 1651 1723 brevitatis
1668 1686 1849 1727 studiosi·
1864 1687 2144 1736 admittuntur,

1274 1742 1322 1777 ut
1338 1740 1388 1776 ad
1405 1740 1884 1779 Suetonium-notavimus.
1909 1741 2019 1781 Eme.

1332 1795 1504 1832 Veterem
1520 1793 1766 1846 discordiam]
1797 1795 1948 1845 nequa
1959 1795 2035 1833 vid.
2047 1796 2146 1834 Dio·

1270 1847 1332 1886 nis
1352 1849 1458 1898 Epit.
1486 1851 1553 1885 46.
1577 1859 1692 1897 quem
1721 1848 1849 1888 locum
1867 1848 1951 1897 jam
1967 1850 2144 1888 laudavit

1270 1903 1454 1951 Ryckius.
1528 1903 1623 1940 Mox
1665 1903 1838 1941 redditus
1879 1915 1952 1954 pro
1993 1905 2141 1943 reditas

1271 1957 1403 1995 Guelf.
1435 1957 1586 1994 Puteol.
1615 1957 1717 2006 quod
1746 1957 1977 2006 praeferebat
2005 1959 2139 1996 Done-

1271 2011 1366 2049 sius.
1394 2011 1512 2048 Male.
1539 2012 1646 2050 Eun.
1673 2011 1824 2049 Vitiosa
1844 2012 2039 2061 scriptura
2053 2013 2139 2050 red—

1268 2066 1376 2104 ditus
1406 2066 1577 2103 medium
1607 2076 1731 2103 sevum
1760 2065 1878 2115 sapit,
1909 2078 1987 2116 quo
2013 2067 2069 2104 sic
2093 2067 2138 2106 iu

1271 2132 1358 2159 usu.
1415 2119 1477 2158 Sic
1495 2124 1536 2156 et
1551 2120 1654 2157 Bud.

1321 2175 1477 2212 Mettus
1492 2187 1526 2212 c.
1557 2175 1584 2212 ἰ.
1608 2175 1835 2213 Viennenses
1861 2173 1996 2225 honor]
2028 2175 2137 2214 Hinc

1265 2230 1413 2267 factum
1430 2232 1547 2278 putat
1563 2229 1698 2266 Marcu
1714 2229 1741 2265 1.
1757 2239 1793 2265 c.
1811 2231 1856 2266 ut
1877 2229 2014 2266 ordine
2027 2229 2135 2267 civili

1265 2283 1420 2322 Vienna
1448 2284 1639 2332 Lugduno
1672 2286 1976 2331 preponeretur,
2010 2287 2059 2322 ut
2091 2284 2135 2322 in

1266 2337 1517 2387 inscriptione
1545 2337 1718 2386 epistolae
1741 2347 1806 2386 up.
1830 2337 1975 2376 Euseb.
2001 2337 2056 2375 H.
2084 2338 2135 2376 E.

1267 2397 1307 2439 5,
1325 2398 1359 2430 1.
1387 2394 1494 2429 Ean.
1524 2392 1757 2441 Lugdunum
1775 2391 1853 2429 fuit
1868 2391 2017 2429 colonia
2028 2391 2132 2440 juris

1264 2447 1458 2493 Romanu
1503 2447 1657 2483 Vienna
1686 2445 1829 2485 Italici.
1875 2446 1937 2483 Cf.
1965 2447 2132 2496 laccary

1263 2501 1354 2539 hist.
1369 2500 1494 2538 colon.
1514 2512 1554 2549 p.
1579 2506 1667 2539 192.
1685 2504 1725 2536 et
1741 2500 1852 2537 Brot.
1868 2500 1918 2536 ud
1935 2501 1976 2538 h.
1996 2500 2023 2537 1.

1320 2555 1426 2593 Unde
1443 2555 1639 2592 mulatio
1668 2553 1756 2605 eta]
1788 2554 1938 2591 Auctor
1962 2554 2028 2591 des
2046 2555 2130 2592 An-

1260 2609 1426 2659 tiquitez
1460 2610 1507 2646 de
1541 2610 1648 2657 Lyon
1685 2621 1723 2657 p.
1746 2613 1838 2650 978.
1868 2609 1938 2645 has
1971 2619 2127 2647 caussas

1261 2676 1339 2702 non
1357 2665 1546 2713 agnoscit,
1563 2667 1603 2701 et
1620 2662 1715 2701 alius
1732 2663 1870 2701 adfert.
1897 2663 2004 2701 Enni.

1313 2719 1374 2757 Et
1425 2731 1500 2755 uno
1545 2730 1655 2755 amne
1699 2718 1871 2756 diseretis
1911 2728 2123 2754 comacum

340 2555 484 2593 lem-tem
510 2556 870 2593 decimumoctavum
900 2566 1058 2604 repono.
1122 2555 1208 2592 Vox

339 2610 458 2647 etiam
489 2610 696 2659 Lugduni,
715 2621 956 2658 supervacua
981 2610 1150 2654 videtur,
1169 2614 1209 2647 et

337 2664 446 2702 velut
475 2664 868 2713 interpretamentum
898 2665 1060 2701 inserta.
1092 2664 1205 2702 ers.

334 2718 482 2755 Verum
501 2719 599 2756 vidit
616 2719 785 2768 Lipsius.
837 2717 883 2756 In
901 2718 1003 2756 mor.
1022 2717 1208 2756 colam-tem

338 2773 509 2811 XVIII.
538 2774 741 2823 Lugdu-ni.
770 2772 865 2821 Agr.
893 2773 1080 2810 cohortem
1108 2773 1209 2810 deci·

336 2833 626 2866 mamoctavam.
676 2827 780 2878 (Non
799 2829 856 2865 ita
874 2828 939 2863 sed
957 2826 1207 2865 duodevicesi-

334 2894 439 2918 mam
455 2882 618 2919 totidem
635 2881 760 2919 literis
789 2881 961 2927 exhibet,
979 2884 1080 2918 teste
1107 2881 1206 2930 Ryc-

334 2934 432 2984 kio).
460 2936 533 2973 Ed.
554 2947 614 2985 pr.
644 2942 817 2974 octavam
842 2937 1039 2974 decimam.
1092 2936 1205 2984 Lug·-

334 2990 430 3026 dnm‘
448 3001 562 3038 porro
582 3002 660 3027 non
679 2994 737 3027 est
754 2990 796 3027 in
824 2991 908 3028 MS.
926 2991 1055 3027 oxon.
1099 2990 1203 3027 Tum

326 3043 422 3088 sibi,
458 3045 559 3092 quod
594 3056 664 3092 pro
698 3046 754 3082 ibi
796 3043 951 3082 volebat
987 3043 1201 3090 Acidaiius,

331 3096 436 3134 Flor.
458 3097 550 3146 Agr.
581 3098 712 3136 Gueif.
741 3098 802 3135 ed.
827 3111 887 3148 pr.
908 3099 1060 3137 Puteol.
1078 3098 1199 3135 Bero—
1253 3103 1327 3146 est,
1345 3099 1422 3136 nisi
1451 3099 1491 3135 in
1521 3098 1610 3135 lusu
1637 3096 1856 3136 verborum.
1909 3097 2040 3135 Etiam
2076 3095 2123 3135 τὸ

331 3150 408 3188 ald.
440 3150 526 3188 Aic.
564 3153 738 3189 Primum
765 3153 806 3189 in
831 3153 890 3189 ed.
918 3152 1042 3189 Rhen.
1069 3153 1195 3202 reperi
1250 3167 1326 3191 uno
1343 3165 1421 3189 non
1453 3153 1547 3190 satis
1564 3162 1772 3201 concoquo.
1825 3152 1908 3196 An,
1924 3150 2016 3199 quia
2038 3161 2120 3188 uno

329 3205 385 3241 ihi
400 3219 411 3240 .·
440 3206 542 3253 quod
560 3206 655 3243 vitio
673 3217 878 3256 operarum
894 3207 1065 3255 irrepsit,
1082 3207 1194 3252 alias,
1247 3211 1404 3246 tuntum
1430 3217 1543 3244 amne
1561 3206 1731 3254 discreti,
1747 3209 1953 3255 propterea
1970 3215 2011 3240 se
2026 3204 2118 3241 ode·

324 3258 361 3294 'si
405 3258 496 3296 libri
544 3260 757 3306 firmarent,
797 3273 876 3297 non
923 3261 1194 3309 spernendum.
1246 3269 1355 3308 runt,
1374 3261 1483 3298 velut
1511 3259 1621 3297 nullo
1647 3260 1719 3297 tali
1747 3262 1897 3297 natum
1913 3269 2028 3308 opere
2056 3269 2116 3296 se-

325 3313 364 3356 'V
365 3313 416 3350 id.
435 3314 483 3349 ad
520 3326 554 3351 c.
584 3319 651 3355 70.
707 3315 794 3352 Sibi
810 3315 996 3356 restituit
1014 3315 1193 3351 Pichena.
1240 3316 1411 3363 junctos.
1450 3314 1513 3353 An
1530 3314 1608 3352 fuit
1627 3315 1814 3352 Rhodano
1829 3313 1851 3351 t
1877 3313 1939 3351 vel
1956 3324 2116 3361 magno·

326 3367 387 3404 De
405 3369 541 3405 castris
558 3368 882 3417 Lugdunensibus
902 3381 938 3406 v.
957 3369 1130 3406 Marcam
1146 3370 1192 3404 de
1246 3370 1319 3407 Sed
1336 3369 1430 3418 quid
1447 3368 1703 3417 argutantur?
1733 3367 1829 3417 ipsi,
1845 3367 1911 3417 qui
1929 3366 2005 3403 istu
2021 3377 2115 3406 ucu-

323 3421 484 3459 Primat.
503 3423 625 3471 Lugd.
646 3435 684 3472 p.
708 3428 800 3462 290.
831 3435 887 3472 sq.
918 3424 1026 3461 ERN.
1057 3424 1120 3461 Ibi
1137 3423 1190 3459 le-
1243 3424 1352 3460 mina
1380 3426 1554 3472 captant,
1573 3434 1672 3471 saepc
1702 3433 1781 3459 non
1809 3425 1968 3471 possent
1995 3420 2112 3471 plane

324 3475 433 3525 gitur
451 3476 491 3513 in
508 3477 611 3515 Bud.
631 3477 718 3514 inde
737 3478 861 3514 Rhen.
1243 3477 1449 3526 explicare,
1468 3480 1514 3514 ut
1531 3477 1682 3526 opinor,
1698 3477 1872 3525 argutias
1903 3486 2008 3520 suns,
2025 3486 2111 3524 quae

378 3530 547 3570 Secrem'
573 3543 659 3570 eum
691 3530 762 3582 cn]
811 3532 920 3568 Eam
955 3531 1189 3569 commodius
1243 3533 1323 3569 fere
1376 3531 1518 3569 auditoe
1562 3530 1732 3579 placent,
1761 3542 1838 3568 non
1889 3530 2108 3568 intellecto.

1261 2772 1408 2823 odium]
1440 2773 1689 2820 Quamquam
1712 2783 1826 2809 amne
1844 2771 1999 2808 discreti
2012 2782 2037 2807 a
2053 2781 2125 2808 na.—

1258 2833 1352 2866 tura
1379 2832 1507 2870 erant,
1524 2829 1658 2864 tamen
1689 2826 1786 2863 odiis
1819 2825 1980 2870 incensi,
2012 2826 2124 2874 quasi

1257 2881 1451 2920 tollebant
1469 2883 1566 2919 fines
1597 2884 1760 2927 naturae,
1778 2883 1817 2923 ,et
1836 2879 2126 2929 conjungebant

1258 2936 1463 2984 disjuncta.
1516 2936 1582 2974 An
1608 2935 1747 2972 habuit
1770 2934 1813 2972 in
1837 2934 1968 2971 animo
1993 2933 2123 2972 locum

1255 2992 1399 3029 Horat.
1418 2992 1546 3028 carm.
1579 2995 1616 3036 1,
1633 2995 1675 3035 3,
1705 2994 1773 3028 21.
1827 2988 1901 3026 Sed
1916 2991 2050 3026 tamen
2071 2988 2121 3025 nd

1255 3057 1384 3082 meum
1419 3055 1574 3082 sensum
1608 3053 1771 3080 acumen
1802 3042 2005 3080 sententie,
2040 3053 2120 3079 nou
