2190 3880
731 196 885 251 LIB.
929 198 1015 252 IV.
1068 202 1229 251 CAP.
1267 208 1344 252 58.
1806 206 1902 255 293

105 327 270 384 lerant
293 345 404 384 cum
428 328 892 399 maximeinopiam
920 327 1264 399 obsidiumque
1289 326 1429 396 apud
1458 325 1635 382 Vetera
1661 327 1898 401 legionesi,
1914 347 1961 387 Α,
1981 347 2037 391 υ,

105 419 192 454 nec
216 411 406 455 terrore
427 410 520 454 aut
535 401 798 472 promissis
813 401 1155 453 demoveretur.
1233 398 1412 462 Nobis,
1426 417 1571 468 super
1595 419 1739 452 arma
1758 410 1806 453 et
1818 402 1896 454 vi·
1929 406 2024 443 824-

100 490 184 524 ros
205 481 255 524 et
279 473 484 554 egregia
508 482 786 525 castrorum
813 473 1140 536 munimenta,
1149 469 1479 542 frumentum
1505 479 1552 521 et
1577 482 1893 537 commeatus,
1909 456 2032 547 A51C.

102 544 332 613 quamvis
355 543 506 615 longo
528 543 656 597 bello
711 562 837 597 ares.
911 542 1144 595 Pecunia
1169 560 1327 611 nuper
1346 542 1498 594 etiam
1521 541 1762 594 donativo
1786 543 1896 615 suf·
1940 526 1951 553 ⁴
1990 537 2002 548 ’

81 612 252 686 jecit:
289 615 424 687 quod
444 616 548 676 sive
585 635 618 667 a
651 563 975 686 fflespasianO,
1001 615 1103 666 sive
1123 633 1160 665 a
1193 613 1416 678 Vitellio,
1452 612 1629 665 datum
1653 613 1900 683 interpre-

102 686 207 738 tari
225 687 486 753 mavultis,
508 686 572 739 αὖ
592 686 904 756 Imperatore
925 695 1052 738 certe
1075 684 1310 737 Romano
1330 685 1605 754 accepistis,
1637 684 1729 737 Tot
1747 683 1901 737 bello-

102 775 216 810 rum
239 758 468 823 victores,
482 759 622 828 apud
642 756 946 820 Geldubam,
964 757 1103 827 apud
1133 756 1184 808 V
1179 765 1330 821 ctera,
1332 756 1462 829 fuso
1484 756 1662 808 totiens
1686 756 1838 822 hoste,
1856 758 1903 809 si

54 828 63 831 ’
93 829 296 897 pavetis
310 830 485 893 aciem,
501 829 765 900 indignum
780 829 838 880 id
850 828 1075 899 quidem:
1095 827 1180 879 sed
1194 836 1263 880 est
1278 828 1469 880 vallum
1483 829 1713 899 murique
1723 837 1774 881 et
1789 837 1900 880 tra·-

100 899 255 954 ltendi
271 909 424 966 artes,
439 901 591 954 donec
613 919 639 952 e
650 900 899 982 proximis
911 900 1190 970 provinciis
1204 899 1401 951 auxilia
1420 899 1666 952 exercitus
1704 919 1763 953 ue
1779 904 1897 952 con·
1964 963 1966 965 K

99 980 330 1024 currant.
350 971 486 1026 Sane
499 991 588 1043 ego
603 971 911 1042 displiceam.
934 980 1048 1023 sunt
1063 971 1157 1023 alii
1174 970 1378 1042 Legati,
1400 969 1635 1035 Tribuni,
1701 969 1897 1023 enturio

97 1041 326 1115 denique,
354 1054 448 1096 aut
469 1044 628 1096 miles,
706 1042 788 1096 Ne
811 1042 901 1096 hoc
924 1043 1216 1113 prodigium
1236 1051 1340 1094 toto
1366 1051 1616 1093 terrarum
1642 1040 1758 1093 orbe
1782 1041 1899 1094 vul-

92 1115 415 1186 getur„vobis
436 1115 757 1179 satellitibus,
773 1113 989 1168 Civilem
1007 1124 1055 1167 et
1074 1113 1352 1166 Classicum
1370 1112 1589 1165 Italiam
1609 1113 1912 1166 invasuros.-

102 1186 211 1250 An,
235 1186 280 1239 si
303 1187 374 1239 ad
409 1188 595 1240 moenia
620 1188 761 1239 urbis
791 1186 1038 1239 Germani
1067 1183 1313 1254 Gallique
1350 1183 1606 1250 duxerint,
1632 1202 1777 1235 arma
1793 1200 1896 1254 pa-

95 1257 207 1318 trice
231 1256 498 1329 inferetis?
536 1259 732 1311 Horret
752 1258 950 1310 animus
975 1257 1107 1310 tanti
1111 1255 1321 1326 flagitii
1346 1255 1586 1326 imagine.
1663 1254 1897 1307 Tutoriu'

101 1327 314 1381 Trevero
339 1339 556 1401 agentur
579 1328 835 1383 excubias?
873 1328 1089 1400 Signum
1113 1328 1231 1380 belli
1261 1326 1499 1379 Batavus
1523 1324 1708 1378 dabit?
1761 1325 1896 1379 Ger-

94 1418 359 1453 manorum
389 1410 615 1454 catervas
639 1400 970 1471 supplet-itis?
998 1400 1108 1471 quis
1129 1399 1303 1451 deinde
1328 1399 1523 1452 sceleris
1547 1396 1747 1451 exitus?
1782 1417 1898 1452 cum

97 1469 346 1525 Romanae
372 1471 586 1545 legiones
624 1482 798 1525 contra
824 1472 1126 1524 direxerint:
1173 1470 1449 1542 transfugae
1475 1489 1501 1522 e
1525 1468 1824 1541 transfugi8‚
1849 1479 1910 1524 et*

87 1543 370 1614 proditores
394 1563 421 1597 e
449 1544 815 1616 proditoribus,
840 1544 972 1596 inter
996 1562 1158 1596 recens
1178 1552 1224 1595 et
1249 1552 1388 1595 vetus
1422 1549 1789 1594 sacramentum
1814 1541 1910 1594 iri-2

93 1614 190 1667 visi
209 1614 342 1668 Deis
359 1615 636 1669 errabitis?
666 1616 753 1680 Te,
770 1615 979 1686 Jupiter
1003 1615 1186 1685 optime
1206 1613 1442 1678 maxime,
1465 1630 1609 1684 quem
1623 1631 1718 1683 per
1735 1613 1897 1666 octin»

90 1694 270 1757 gentos
305 1687 493 1759 viginti
519 1707 692 1753 annos,
720 1697 794 1740 tot
820 1688 1088 1757 triumphis
1115 1686 1374 1750 coluimus,
1411 1694 1474 1750 te,
1520 1682 1755 1749 Quirine,
1785 1683 1896 1738 Ro..

93 1776 254 1811 mance
270 1777 457 1830 parens
481 1760 638 1826 urbis,
653 1777 836 1830 precor
859 1777 1176 1829 venerorque,
1199 1767 1274 1822 ut,
1296 1758 1340 1809 si
1364 1756 1505 1810 vobis
1528 1753 1761 1826 nonfuit
1786 1774 1897 1809 cor-

93 1829 165 1895 di,
194 1848 271 1883 me
315 1829 465 1895 Duce
488 1831 589 1884 leaec
629 1838 794 1884 c'astra
819 1832 1119 1900 inconrupta
1164 1839 1212 1882 et
1258 1830 1556 1881 intemerata
1590 1828 1804 1894 servari,
1841 1837 1899 1880 at

91 1910 221 1954 certe
235 1901 407 1972 pollui
428 1900 732 1977 foedarique
782 1921 816 1956 a
847 1902 1036 1955 Tutore
1074 1910 1122 1955 et
1167 1899 1391 1954 Classico
1417 1918 1479 1952 ne
1517 1899 1719 1952 sinatiS.
1780 1898 1896 1973 Mi-

1017 2062 1140 2106 vium,
1154 2060 1181 2098 1.
1200 2072 1234 2098 c.
1268 2061 1377 2098 ERN.

92 2073 160 2098 cur
174 2073 277 2098 nunc
304 2064 476 2100 mime
489 2077 502 2099 .·
538 2063 642 2112 quod
670 2063 858 2100 factum-e
878 2075 965 2100 cum

1076 2116 1213 2153 Tutori
1252 2110 1432 2162 Treuero]
1473 2111 1558 2149 MS.
1594 2111 1699 2150 Flor.
1733 2112 1794 2150 ed.
1827 2124 1894 2160 pr.

0 2087 3 2164 ⁵
91 2116 273 2163 mma-ime,
302 2121 348 2154 ut
373 2121 434 2154 est
463 2117 506 2155 in
534 2118 594 2155 ed.
620 2129 680 2166 pr.
705 2117 903 2164 ediditque
925 2116 963 2167 (e

88 2167 209 2219 Bud.)
248 2170 477 2208 Rhenanus.
535 2173 687 2211 Ceterae
713 2174 806 2208 ante
831 2171 961 2209 Rhen.
1021 2170 1187 2208 Tutorin
1201 2183 1213 2205 .-
1244 2169 1345 2217 quod
1361 2169 1400 2205 J.
1416 2168 1586 2203 Gronov.
1605 2166 1692 2203 vult
1710 2177 1794 2203 esse
1815 2168 1902 2206 Tu-

90 2236 191 2260 nunc
206 2225 392 2271 mwime,
405 2225 556 2262 solenni
574 2226 617 2263 in
636 2226 708 2262 hac
722 2236 814 2262 voce
832 2236 965 2262 corru-

92 2278 238 2326 ptione.
254 2277 304 2316 V.
321 2279 370 2316 ad
388 2291 421 2318 c.
438 2283 503 2318 65.
530 2281 579 2318 In
597 2280 657 2317 ed.
674 2285 807 2317 autem
825 2291 885 2327 pr.
903 2283 964 2316 est

87 2332 257 2370 tulerant
278 2333 433 2380 vitiose,
449 2338 490 2371 et
512 2335 767 2383 conjunctum
785 2345 874 2371 cum
892 2345 962 2370 an-

88 2386 370 2426 teeedentibus.
413 2388 522 2426 ERN.
567 2387 667 2426 Mox
709 2388 813 2427 Bud.
861 2388 962 2426 male

89 2438 195 2491 apud
209 2447 348 2479 veteres
363 2442 547 2492 legiones.

141 2494 338 2533 Donativo
353 2487 512 2547 sufficit]
542 2498 682 2543 Immo,
696 2495 860 2545 suffecit.
876 2497 963 2534 Nu-

89 2560 160 2597 per
177 2549 282 2586 enim
299 2550 525 2588 donativum
546 2555 790 2599 acceperant.
821 2552 961 2599 Supra.

90 2604 199 2641 Lu’s.
215 2603 378 2653 Recepit
396 2609 501 2642 recte
518 2605 703 2643 Pichena.
721 2605 829 2649 ERN.
856 2605 960 2646 Bud.
978 2650 981 2652 ,

108 2656 246 2707 afficit.

141 2713 245 2749 Sane
270 2724 342 2761 ego
369 2713 609 2764 displiceam]
653 2713 734 2750 Hic
766 2716 806 2750 et
838 2713 881 2750 in
903 2724 963 2748 se-

89 2765 300 2814 quentibus
317 2770 410 2803 ante
427 2767 557 2804 oculos
574 2767 715 2805 habuit
742 2767 867 2804 locum
898 2767 963 2804 Li-

86 2820 142 2856 vii
170 2821 211 2857 in
234 2820 303 2857 Or.
339 2821 381 2859 Ρ.
402 2820 592 2870 Scipionis
616 2825 705 2870 post
732 2822 961 2859 seditionem

89 2875 281 2912 exercitus
305 2874 348 2910 in
367 2873 576 2924 Hispania,
601 2881 668 2921 28,
690 2881 755 2915 27.
781 2876 962 2924 Denique

87 2940 160 2978 ego
177 2930 266 2974 sim,
285 2927 397 2977 cujus
424 2930 578 2979 imperii
594 2931 732 2967 taedere
752 2931 963 2970 exercitum

87 2986 163 3020 etc.
238 2984 401 3020 Precum
433 2983 601 3021 formula
633 2984 771 3020 deinde
806 2995 853 3020 ex
885 2983 964 3020 alio

86 3035 172 3074 loco
189 3043 333 3083 sumta,
354 3040 400 3073 ut
417 3038 572 3086 Lipsius
590 3037 756 3074 monuit.
784 3039 892 3075 ERN.

143 3090 324 3129 Centurio
342 3091 501 3141 denique
519 3098 589 3129 aut
605 3091 730 3142 miles]
765 3092 963 3129 Centurio-

89 3157 161 3195 que
180 3152 259 3190 ‚aut
282 3159 336 3183 m.
366 3145 452 3183 MS.
481 3146 612 3183 Guelf.
647 3147 732 3183 edd.
760 3147 886 3183 Rhen.
925 3145 962 3195 (e

88 3196 207 3248 Eud.)
227 3211 310 3249 sqq.
329 3211 452 3250 usque
471 3201 519 3238 ad
538 3200 727 3249 Lipsium.
746 3200 853 3238 Eas.
879 3200 962 3240 Qui

87 3252 294 3291 lectionem
313 3253 482 3291 veterem
499 3255 691 3302 restituit,
704 3266 821 3304 quam
835 3258 876 3292 et
887 3255 964 3292 Pu-

90 3305 183 3344 teol.
201 3311 243 3343 et
258 3307 345 3347 Ale.
365 3308 526 3348 habent.

143 3360 208 3397 Ne
234 3360 305 3398 Ιιοο
316 3363 546 3412 prodigium
576 3369 655 3402 toto
679 3370 870 3400 terrarum
886 3363 964 3400 orb.

90 3413 144 3464 v.]
177 3414 311 3462 Friget
329 3421 422 3454 coto.
475 3419 576 3456 Puto
601 3417 782 3455 Tacitum
811 3417 960 3454 dedisse

89 3473 258 3514 tamum,
275 3479 355 3506 non
376 3471 665 3515 adverbialiter,
683 3474 730 3508 ut
758 3471 961 3508 Broterius

88 3521 271 3570 putabat,
290 3522 358 3559 sed
389 3529 436 3562 ut
479 3527 528 3562 ad
572 3525 792 3574 prodigium
817 3525 963 3562 refera-

89 3581 182 3613 tur:
212 3587 446 3625 quamquam
472 3582 601 3615 totum
626 3579 698 3615 hoc
726 3585 754 3615 t.
773 3584 964 3616 terrarum

90 3630 175 3671 orbe
191 3630 324 3682 friget,
340 3635 382 3669 ot
398 3631 564 3682 glossam
580 3633 696 3683 sapit.
731 3631 882 3680 Inspice
901 3633 965 3673 Li-

1017 2223 1130 2262 torin’
1151 2223 1211 2261 vel
1233 2224 1371 2260 Tutori
1388 2234 1447 2258 ne.
1476 2221 1584 2257 ERN.
1612 2219 1714 2256 Bud.
1731 2226 1836 2258 tutor
1853 2222 1897 2258 in

1017 2279 1173 2324 treviro,
1193 2277 1416 2325 sejunctim.
1453 2274 1527 2311 Sed
1546 2274 1605 2311 vel
1624 2274 1680 2310 sic
1695 2275 1897 2322 conjectu-

1015 2344 1098 2368 ram
1117 2331 1305 2369 Gronovii
1318 2331 1461 2373 firmat.
1895 2366 1898 2370 ⁴

1069 2387 1149 2424 Per
1176 2388 1413 2434 octingentos
1442 2383 1590 2431 viginti
1619 2380 1755 2432 annos]
1805 2382 1894 2421 Vid.

1014 2441 1063 2477 ad
1085 2446 1122 2486 l,
1145 2446 1180 2478 1.
1216 2441 1327 2488 cujus
1346 2438 1422 2475 loci
1453 2437 1569 2474 lectio
1596 2437 1667 2473 hoc
1697 2435 1782 2484 ipso
1808 2436 1894 2472 loco

1014 2495 1279 2532 confirmatur.
1307 2493 1373 2537 sed
1407 2495 1450 2528 et
1466 2491 1529 2534 hic
1554 2490 1684 2528 Guelf.
1714 2490 1895 2527 ducentos

1014 2556 1051 2586 et
1071 2549 1167 2586 XX.
1201 2549 1311 2586 ERN.
1341 2548 1473 2594 Longe
1503 2544 1582 2581 alia
1612 2544 1714 2581 ratio
1741 2547 1802 2580 est
1820 2543 1895 2580 hu-

1009 2603 1076 2650 jus
1094 2602 1170 2639 loci
1186 2606 1227 2639 et
1244 2601 1357 2643 istius
1376 2612 1424 2641 ex
1443 2599 1498 2637 H.
1519 2605 1555 2648 l,
1578 2605 1612 2636 1.
1653 2598 1818 2651 Respice
1836 2596 1894 2639 ibi

1015 2661 1165 2694 notata.

1070 2713 1118 2749 Si
1149 2710 1252 2747 vobis
1286 2721 1362 2746 non
1383 2708 1475 2757 suit
1521 2705 1650 2756 cordi]
1692 2706 1894 2743 Imitatum

1017 2765 1120 2803 clare
1139 2777 1161 2801 e
1178 2764 1287 2801 Livio
1305 2768 1345 2808 9,
1368 2767 1404 2800 8.
1438 2762 1527 2804 Vos,
1546 2761 1624 2799 Dii
1641 2760 1892 2805 inmmrtales,

1011 2832 1167 2869 precor,
1180 2830 1391 2868 quoesoque,
1410 2817 1446 2855 si
1462 2815 1565 2852 vobis
1593 2814 1765 2863 nonfuit
1787 2815 1895 2852 cordi

1016 2875 1087 2924 Sp.
1105 2873 1349 2910 Postumium
1381 2883 1469 2908 cum
1485 2870 1727 2907 Samnitibus
1754 2869 1895 2905 bellum

1015 2940 1159 2977 gerere.
1205 2926 1366 2963 Tacitus
1396 2924 1498 2962 infra
1530 2928 1593 2960 81.
1642 2923 1693 2959 Id
1719 2922 1894 2971 sortasse

1017 2983 1124 3020 cordi
1141 2982 1252 3025 Diis,
1272 2986 1308 3017 et
1333 2980 1481 3016 Divino
1507 2978 1718 3014 ministerio
1737 2976 1895 3013 Princi-

1012 3050 1101 3086 pem
1118 3037 1289 3073 electum.
1343 3034 1426 3071 Nec
1445 3032 1656 3080 quidquam
1676 3031 1739 3067 hic
1762 3031 1894 3079 scrupi
1935 3042 1937 3045 ·

1017 3095 1088 3127 aut
1119 3090 1223 3126 nodi.
1255 3089 1470 3125 Rhenanus
1499 3091 1632 3122 tamen
1651 3083 1720 3121 ‘ait
1738 3086 1780 3121 in
1809 3085 1895 3121 Bu-

1018 3145 1142 3190 densi,
1163 3142 1204 3180 ero*
1222 3143 1343 3186 cordi,
1360 3153 1440 3178 non
1455 3140 1534 3188 legi
1550 3153 1558 3175 ε
1589 3153 1635 3177 ex
1653 3150 1730 3188 quo
1751 3139 1815 3175 ille
1827 3139 1895 3185 ju-

1017 3206 1126 3236 ratus
1145 3197 1340 3242 emendat,
1360 3197 1397 3233 si
1415 3195 1520 3232 vobis
1536 3194 1721 3242 nonfuit.
1761 3193 1800 3230 id
1818 3196 1893 3238 est,

1017 3253 1143 3299 licuit,
1152 3252 1304 3301 jnquit,
1316 3261 1421 3286 more
1437 3249 1582 3286 Graeco.
1610 3249 1734 3292 Bene,
1756 3247 1892 3291 Beate,

1017 3297 1204 3345 Manilius
1222 3306 1302 3342 tuis
1321 3305 1401 3350 sit3
1430 3315 1521 3340 nam
1536 3303 1709 3351 perjuria
1728 3302 1807 3337 haec
1826 3301 1893 3337 lit-

1016 3365 1248 3405 teratorum,
1269 3359 1416 3408 pariter
1434 3369 1479 3395 ac
1495 3358 1729 3400 amantium,
1750 3361 1794 3390 ut
1807 3364 1893 3401 spe-

1014 3427 1072 3461 ro,
1088 3416 1194 3451 venti
1213 3415 1409 3451 auferunt.
1431 3413 1539 3450 Lu’s.
1573 3413 1778 3459 Pei-peram
1798 3418 1895 3455 quo·-

1015 3482 1090 3519 que
1110 3470 1238 3507 Rhen.
1256 3468 1372 3504 aliam
1398 3466 1646 3502 omissionem
1668 3464 1770 3500 Bud.
1789 3460 1894 3497 codi-

1016 3525 1071 3561 cis
1088 3527 1241 3567 tuetur,
1260 3522 1380 3558 babet
1407 3519 1510 3554 enim
1529 3520 1690 3563 servari,
1710 3523 1751 3552 at
1786 3513 1894 3551 (Ias-

1017 3580 1095 3615 sico
1129 3590 1176 3613 ne
1204 3577 1359 3618 sinatis,
1391 3573 1455 3608 sed
1487 3577 1611 3619 patet,
1631 3571 1681 3608 ab
1710 3575 1752 3606 at
1782 3568 1831 3604 ad
1858 3572 1896 3606 et

1017 3630 1268 3668 transsiliisse
1286 3627 1506 3667 librarium.

1085 3689 1179 3734 113
