2190 3880
632 121 784 180 LIB.
817 121 857 170 1.
892 121 1050 170 CAP.
1075 125 1151 174 68,
1176 125 1255 171 69.
1772 126 1834 170 63

49 264 135 300 sos
159 246 216 300 in
238 246 507 318 legionem
536 245 818 299 Helvetios
845 264 876 297 a
901 255 1053 316 tergo
1082 244 1516 315 adgrederentur.
1579 245 1684 310 Illi,
1710 258 1897 302 anteA.
1914 266 1967 303 Π.

46 319 332 380 discrimen
359 317 582 384 feroces,
608 318 662 369 in
691 316 930 388 periculo
957 317 1156 386 pavidi,
1183 333 1508 386 quamquam
1550 317 1724 385 primo
1753 331 1836 369 tu-
1867 321 1960 390 8235

45 388 221 441 multu
249 389 536 442 Claudium
570 389 824 440 Severum
867 387 1078 440 Ducem
1116 388 1375 457 legerant,
1418 405 1525 438 non
1557 405 1705 437 arma
1741 374 1969 464 no-ALOC'

47 476 212 526 scere,
238 478 347 513 non
373 461 585 512 ordines
611 460 781 529 sequi,
806 477 914 510 non
943 460 998 510 in
1026 477 1191 509 unum
1217 457 1511 510 consulere.
1549 459 1839 510 exitiosum
1856 446 1949 532 6⁴3⁸

48 529 300 598 adversus
337 544 616 584 veteranos
659 530 931 602 proelium,
970 530 1146 581 intuta
1182 530 1412 593 obsidio,
1440 529 1659 598 dilapsis
1693 541 1843 581 vetu-

49 612 188 654 state
230 603 524 655 moenibus·
562 602 689 654 hinc
737 602 966 653 Caecina.
1005 618 1129 652 cum
1177 601 1354 652 valido
1401 601 1677 665 exercitu3
1719 600 1847 652 inde

52 670 321 727 Rhaeticae
347 673 445 726 alae
472 673 828 742 cohortesque
852 685 906 724 et
936 673 1172 741 ipsorum
1216 671 1534 724 Rhaetorum
1564 671 1846 740 juventuS,

55 755 209 796 sueta
235 745 395 798 armis
420 756 476 796 et
500 761 649 796 more
674 744 883 796 militiae
918 744 1176 795 exercita.
1216 744 1454 811 undique
1484 743 1761 813 populatio
1791 755 1847 794 et

51 816 246 869 caedes.
272 815 373 886 ipsi
402 815 457 867 in
486 816 663 867 medio
690 815 833 884 vagi,
857 814 1084 884 abjectis
1110 815 1289 877 armiS,
1318 833 1514 884 magna
1535 833 1652 884 pars
1677 814 1846 865 saucii

51 897 146 939 aut
170 887 429 957 palanteS‚
472 887 525 939 in
563 898 802 938 montem
831 886 1118 938 Vocetium
1159 887 1459 956 perfugere.
1531 886 1615 937 Ac
1642 886 1846 950 statim,

51 957 272 1010 inmissa
297 958 521 1011 cohorte
556 956 845 1022 Thracum,
872 957 1098 1027 depulsi,
1126 970 1198 1021 et,
1234 958 1670 1009 consectantibus
1709 956 1849 1008 Ger-

49 1027 224 1082 manis
262 1028 598 1099 Rhaetisque,
635 1047 730 1100 per
759 1029 917 1080 silvas
955 1037 1116 1097 atque
1156 1029 1210 1079 in
1250 1028 1379 1098 ipsis
1426 1028 1642 1080 latebris
1684 1028 1848 1080 truci-

51 1098 184 1151 dati.
220 1099 391 1152 multa
415 1101 695 1154 hominum
725 1100 889 1151 millia
917 1118 1074 1164 caesa,
1103 1099 1270 1150 multa
1297 1100 1395 1150 sub
1423 1117 1621 1151 corona
1642 1117 1846 1151 venun-

50 1169 193 1223 data.
269 1170 535 1243 Cumque,
560 1171 751 1224 dirutis
777 1170 1421 1234 omnibus‚'Aventicum,
1457 1172 1634 1240 gentis
1664 1181 1848 1240 caput,

43 1242 198 1312 justo
235 1244 453 1315 agmine
480 1254 772 1313 peteretur,
813 1241 981 1306 missi,
1021 1243 1112 1310 qui
1153 1242 1410 1293 dederent
1445 1243 1754 1294 civitatem:
1792 1252 1849 1293 et

51 1313 256 1366 deditio
299 1328 539 1383 accepta.
617 1313 680 1365 In
731 1313 936 1378 Julium
983 1313 1262 1382 Alpinum,
1306 1331 1335 1364 e
1384 1314 1740 1383 principibUS,
1788 1326 1848 1364 ut

54 1385 384 1438 concitorem
426 1385 567 1449 be'lli,
599 1386 821 1436 Caecina
857 1385 1267 1436 animadvertit:
1307 1397 1512 1436 ceteros
1550 1385 1723 1436 venire
1763 1384 1846 1435 vel

53 1455 279 1508 saevitiae
307 1455 509 1509 Vitellii
539 1456 772 1526 reliquit.
838 1455 999 1506 Haud
1029 1455 1185 1507 facile
1211 1455 1360 1507 dictu
1389 1467 1486 1518 est,
1518 1455 1679 1526 legati
1712 1454 1845 1507 Hel·
1859 1455 1928 1516 69

53 1527 316 1580 vetiorum
354 1529 531 1580 minus
559 1528 874 1598 placabilem
906 1526 1310 1596 Imperatorem,
1339 1546 1404 1578 an
1439 1527 1663 1579 militem
1698 1527 1847 1579 inve-

52 1598 249 1650 nerint.
276 1599 496 1651 civitatis
521 1599 768 1651 excidium
807 1611 1054 1669 poscunt,
1083 1599 1187 1650 tela
1208 1614 1287 1667 'ac
1315 1617 1502 1650 manus
1531 1599 1584 1649 in
1623 1617 1717 1650 ora
1746 1599 1846 1650 Le·
1879 1665 1884 1669 ἡ

54 1680 301 1740 gatorum
341 1671 628 1723 intentant.
703 1669 790 1722 Ne
831 1668 1075 1721 Vitellius
1113 1670 1330 1739 quidem
1371 1670 1530 1721 minis
1568 1688 1630 1721 ac
1672 1671 1846 1723 verbis

54 1742 423 1811 temperabat:
462 1759 586 1795 cum
615 1741 871 1794 Claudius
900 1740 1116 1806 COSSUS,
1145 1759 1280 1793 unus
1319 1759 1387 1792 ex
1429 1741 1662 1812 LegatiS‚
1702 1755 1846 1798 notate

54 1811 341 1877 facundiae,
379 1813 469 1865 sed
516 1812 729 1866 dicendi
773 1826 940 1878 artem
987 1825 1114 1882 apta
1165 1811 1523 1883 trepidatione
1570 1813 1847 1872 occultans

53 1895 216 1954 atque
254 1901 318 1937 eo
358 1883 601 1951 validior,
641 1883 826 1940 militis
874 1883 1112 1940 animum
1149 1884 1452 1955 mitigavit:
1493 1898 1555 1944 ut
1597 1896 1679 1944 est
1718 1902 1849 1944 mox

16 2110 20 2113 ,
103 2068 206 2107 Adv.
231 2068 443 2120 veteranos]
474 2070 653 2118 Intellige
678 2073 828 2108 veteres
850 2071 923 2107 mi-

50 2122 139 2160 lites
173 2123 224 2160 ad
252 2124 510 2162 differentiam
542 2125 732 2162 tironum.
788 2126 851 2162 Sic
883 2129 923 2162 et

51 2177 160 2216 alibi.
176 2178 223 2215 V.
242 2177 371 2216 index.

2 2235 7 2238 '
105 2232 156 2268 In
173 2238 338 2270 montem
359 2232 574 2283 Vocetium]
618 2232 789 2274 Quidam
815 2232 921 2279 libri,

56 2287 253 2323 Voeetum.
294 2286 400 2325 And.
425 2287 607 2324 schottus
637 2292 768 2324 noster
797 2289 923 2336 Voge-

50 2352 136 2377 sum
151 2339 378 2388 reponebat.
431 2341 560 2381 Quem
588 2342 712 2378 fateor
741 2353 819 2379 non
838 2342 924 2390 qui-

51 2394 139 2430 dem
157 2394 197 2430 in
215 2394 408 2435 Helvetiis
428 2406 525 2441 esse,
553 2395 619 2432 sed
641 2406 712 2431 nec
727 2395 841 2444 longe
868 2396 918 2455 aab

52 2447 114 2484 iis.
160 2449 275 2486 Certe
318 2448 472 2486 Vocetii
503 2461 582 2487 non
625 2448 720 2486 alibi
759 2450 919 2488 mentio.

51 2501 162 2539 ers.
203 2503 403 2540 Vocetium
427 2502 530 2542 Flor.
553 2504 650 2551 Agr.
678 2503 808 2542 Guelf.
835 2505 919 2541 edd.

51 2567 111 2603 pr.
126 2559 226 2594 vett.
244 2568 339 2604 quas
358 2557 524 2605 inspexi.
567 2559 715 2595 Putant
731 2569 813 2594 esse
829 2569 919 2606 par-

50 2614 132 2646 tem
155 2611 278 2655 Jurae,
295 2621 379 2659 quae
403 2611 518 2648 hodie
538 2611 730 2659 Boezberg
746 2615 919 2648 vocatur.

52 2664 159 2701 Ean.
210 2663 314 2701 Bud.
360 2663 462 2701 male
510 2666 750 2702 Vocemium.
803 2666 920 2702 Mons

55 2718 236 2755 Vocetius
252 2728 341 2765 pars
357 2719 572 2766 asperrima
587 2722 646 2755 est
661 2719 829 2758 Jurassi.
859 2721 920 2756 Cf.

51 2771 196 2809 Cellar.
215 2771 264 2809 G.
280 2774 362 2809 ant.
373 2775 404 2808 t.
425 2777 459 2808 1.
478 2783 520 2820 p.
540 2775 631 2810 226.
658 2777 699 2809 et
714 2771 920 2810 D'Anville

51 2825 178 2863 notice
209 2825 255 2861 de
284 2826 325 2861 la
352 2825 477 2862 Gaule
506 2837 545 2874 p.
572 2831 662 2866 714.
706 2827 920 2863 Frickianae

51 2879 143 2917 valli
175 2879 353 2916 inminet.
375 2879 423 2916 V.
440 2879 656 2928 Busching.
699 2879 805 2917 Male
830 2891 922 2928 ergo

50 2933 244 2971 ortelius..
254 2933 360 2982 apud
385 2937 563 2971 nostrum
593 2933 758 2982 parabat
795 2935 922 2983 Voge-

49 2999 136 3026 eum
152 2999 354 3035 reponere.

105 3042 274 3091 Cumque
301 3042 443 3079 dirutis
464 3038 652 3090 omnibus]
683 3040 788 3077 Flor.
811 3038 922 3091 (Reg.

51 3094 167 3145 Lau.)
188 3094 281 3143 Agr.
299 3096 359 3133 ed.
380 3107 439 3144 pr.
458 3096 613 3132 dirutis.
637 3095 765 3132 Guelf.
785 3092 919 3144 (Bud.)

51 3149 138 3186 edd.
157 3149 307 3187 Puteal.
333 3149 513 3186 Beroald.
541 3152 616 3186 etc.
648 3149 827 3197 diruptis.
858 3148 923 3197 Li·

50 3203 159 3251 psius
175 3203 296 3241 tacite
313 3203 433 3240 edidit
447 3204 620 3252 direptis,
644 3203 774 3239 nescio
789 3202 894 3244 unde
910 3215 918 3237 :

51 3257 155 3304 quod
170 3266 303 3294 omnes
322 3257 445 3294 secuti
462 3262 570 3294 sunt.
611 3256 775 3296 Dinnis
791 3255 923 3293 defen-

52 3310 110 3346 dit
135 3310 175 3348 ὖ.
190 3311 425 3356 Gronovius,
441 3314 483 3347 et
499 3311 741 3350 commodum
765 3320 922 3347 sensum

52 3362 182 3400 habet.
196 3390 206 3398 2
237 3364 427 3402 Heinsius
454 3364 502 3400 ad
522 3364 660 3401 Vellei.
683 3369 722 3409 2,
745 3369 833 3401 115.
865 3368 924 3400 et-

53 3417 132 3453 iam
148 3417 290 3454 dirutis
305 3419 400 3455 vicis
416 3419 588 3455 omnibus
601 3433 612 3454 :
638 3417 740 3466 quod
757 3429 837 3454 non
854 3430 921 3454 ne·

51 3471 259 3507 cessarium
287 3475 397 3519 puto.
452 3471 492 3508 Si
509 3473 668 3520 direptis
694 3471 804 3509 libris
828 3472 923 3508 scri-

51 3524 130 3574 ptis
146 3525 382 3571 firmaretur,
406 3536 628 3564 servassem.
682 3525 797 3563 Nunc
820 3526 921 3563 anti·

975 2081 1092 2119 quam
1120 2074 1160 2107 et
1189 2070 1298 2109 MSS.
1326 2071 1530 2110 lectionem
1556 2072 1724 2109 restitui.
1770 2072 1853 2108 Die.

973 2132 1114 2174 ruptus·
1129 2126 1276 2162 factum
1293 2137 1314 2160 e
1332 2127 1498 2171 dirutus,
1516 2127 1579 2163 cui
1607 2138 1707 2174 saepe
1735 2126 1778 2163 in
1801 2126 1851 2162 li,

975 2178 1056 2216 bris
1073 2178 1328 2217 substituitur
1353 2180 1466 2216 male.
1511 2181 1558 2217 V.
1574 2179 1773 2217 Drakenb.
1800 2180 1851 2216 ad

976 2234 1060 2271 Liv.
1086 2239 1127 2277 9,
1155 2238 1220 2270 45.
1249 2233 1447 2271 Gebhard.
1478 2234 1527 2269 ad
1554 2234 1634 2271 Cic.
1660 2246 1722 2282 ep.
1750 2240 1790 2280 4,
1810 2239 1849 2272 5.

975 2288 1082 2326 ERN.
1135 2288 1305 2325 Piehena
1323 2287 1366 2324 ere}
1382 2288 1540 2337 direptis
1557 2287 1708 2335 probat.

1028 2340 1276 2391 Aventicum]
1311 2341 1441 2378 Hodie
1466 2341 1588 2379 Gallis
1619 2343 1764 2379 dicitur
1789 2342 1850 2380 A·-

976 2397 1142 2432 vem-hes.
1168 2396 1257 2432 Vid.
1278 2395 1418 2432 Cellar.
1447 2397 1495 2432 G.
1514 2396 1564 2433 A.
1585 2399 1616 2432 t.
1638 2402 1671 2434 1.
1697 2409 1736 2444 p.
1754 2402 1849 2434 223.

973 2450 1019 2484 de
1063 2461 1141 2498 qua
1182 2452 1289 2486 extat
1325 2449 1479 2497 elegans
1514 2450 1649 2487 Wildii
1677 2450 1848 2487 libellus.

973 2504 1080 2542 ERN.
1128 2503 1206 2540 Sub
1227 2505 1484 2540 Constantino
1497 2503 1580 2550 jam
1605 2504 1772 2549 deserta,
1789 2508 1849 2540 te—

972 2561 1031 2595 ste
1051 2557 1259 2594 Ammiano
1272 2558 1343 2603 15,
1363 2563 1424 2594 11.
1453 2558 1614 2595 Pristini
1630 2558 1848 2606 splendoris

972 2611 1160 2658 hodieque
1190 2612 1357 2659 vestigia
1384 2614 1536 2657 extant,
1565 2613 1612 2648 de
1639 2612 1780 2659 quibus
1810 2624 1848 2648 v.

973 2665 1146 2703 Schmidt
1178 2666 1271 2702 Rec.
1306 2664 1479 2713 d'Antiq.
1512 2666 1694 2703 trouvees
1730 2665 1756 2702 a
1791 2665 1848 2705 A·

971 2719 1137 2755 venches
1166 2723 1239 2757 ete.
1267 2723 1304 2755 4.
1334 2719 1462 2755 Berne
1499 2722 1615 2758 1760.
1647 2723 1688 2755 et
1713 2718 1847 2756 Ritter

973 2771 1093 2810 Mem.
1128 2775 1168 2808 et
1201 2771 1345 2808 recueil
1375 2773 1421 2808 de
1448 2781 1528 2820 qu.
1563 2772 1700 2821 Antiq.
1732 2773 1778 2810 de
1807 2772 1849 2810 la

973 2827 1115 2863 Suisse.
1132 2831 1170 2862 4.
1197 2826 1325 2864 Berne
1351 2831 1465 2866 1788.

1034 2879 1219 2918 claudius
1250 2880 1401 2929 Cossus]
1436 2879 1520 2917 MS.
1551 2881 1677 2917 Oxon.
1709 2881 1849 2918 Come-

974 2934 1052 2972 lius
1071 2934 1220 2971 Cossus.
1249 2935 1350 2980 quod
1379 2933 1555 2982 placebat
1579 2934 1618 2971 J.
1636 2935 1847 2971 Gronovio.

976 2987 1075 3026 Sane
1096 2987 1231 3026 Cossus
1242 2992 1305 3027 ,est
1332 2999 1544 3036 cognomen
1562 2988 1847 3033 Corneliorum,

975 3053 1054 3079 non
1073 3040 1337 3080 Claudiorum.
1396 3042 1515 3090 quue
1543 3045 1584 3079 et
1611 3043 1694 3090 ipse
1711 3054 1848 3083 verum

975 3099 1083 3144 puto.
1111 3096 1217 3135 ERN.

1028 3150 1138 3197 Apta
1153 3148 1307 3198 trepid.]
1331 3149 1377 3186 In
1395 3149 1501 3189 Bud.
1515 3156 1608 3199 apta
1626 3149 1747 3187 deest.

1033 3203 1084 3240 Ut
1103 3209 1158 3241 est
1182 3216 1263 3239 moe
1287 3204 1406 3252 vulgo
1421 3217 1432 3239 :
1459 3205 1643 3241 mutabile
1664 3203 1750 3253 eta]
1783 3203 1846 3241 Sie

973 3256 1101 3293 locum
1136 3268 1157 3292 e
1188 3256 1298 3296 libris
1342 3258 1598 3295 restituimus.
1651 3258 1849 3295 Mutabile

976 3311 1086 3348 MSS.
1105 3311 1201 3358 Agr.
1219 3310 1320 3347 Eud.
1342 3310 1454 3360 (Reg.
1472 3310 1584 3360 Lau.)
1606 3311 1664 3347 ed.
1686 3323 1745 3359 pr.
1783 3312 1846 3348 Ex

977 3376 1022 3402 eo
1037 3365 1261 3403 mutabilem
1287 3365 1448 3410 factum,
1466 3366 1567 3413 quod
1595 3365 1644 3401 ad
1672 3366 1847 3402 animum.

973 3418 1209 3462 referebant,
1241 3430 1329 3455 cum
1363 3419 1410 3454 ad
1442 3421 1586 3467 vulgus
1619 3419 1847 3466 pertineret.

974 3471 1103 3520 Atque
1127 3473 1222 3514 ⁴hinc
1254 3473 1513 3513 necessarium
1541 3474 1666 3509 visum
1692 3470 1848 3508 Freins-

973 3525 1102 3565 hemio
1132 3536 1222 3564 mox
1247 3526 1439 3573 corrigere
1475 3526 1716 3572 immodicus,
1745 3523 1848 3573 quod
