2190 3880
336 158 397 200 14
929 140 1543 201 HISTORIARUM

192 298 246 336 A.
266 293 319 333 U.
334 275 471 328 bant
493 273 704 330 venalia
741 283 940 330 cuncta
979 285 1344 348 praepotentes
1382 276 1595 331 liberti:
1635 291 1910 330 servorum
1934 290 2126 329 manus

210 351 303 393 8222
334 346 529 400 subitis
566 347 761 414 avidae,
804 358 879 413 et,
923 357 1199 418 tamquam
1235 348 1379 420 apud
1415 365 1617 413 senem,
1652 347 2000 400 festinantes:
2037 365 2128 400 ea-

199 400 319 499 ⁵59}
330 416 562 490 demque
585 435 743 472 novae
769 418 906 472 aulae
933 418 1090 483 mala,
1115 436 1271 488 aeque
1307 420 1511 489 gravia,
1537 437 1644 472 non
1672 436 1827 490 aeque
1850 430 2127 472 excusata.

334 487 463 562 Ipsa
476 499 608 543 aetas
630 490 825 544 Galbae
847 489 1037 544 inrisui
1057 506 1122 543 ac
1143 489 1362 543 fastidio
1381 501 1496 542 erat
1511 491 1745 543 adsuetis
1749 508 1776 562 J
1785 497 1997 543 uventae
2016 488 2069 542 N
2071 507 2128 542 e-

331 561 497 626 ronis·‚
522 572 579 614 et
606 560 963 632 Imperatores
1000 560 1176 614 forma
1200 579 1264 614 ac
1299 561 1494 614 decore
1518 561 1779 633 corporis,
1805 572 1868 613 ut
1900 569 1984 613 est
2008 577 2126 614 mos

282 640 316 689 8
333 631 502 704 vulgi,
527 633 984 714 comparantibus,
1059 631 1131 685 Et
1155 632 1247 685 hic
1271 633 1490 702 quidem
1518 631 1732 699 Romae‚
1759 643 2032 701 tamquam
2068 631 2125 686 in

329 714 483 756 tanta
519 703 884 770 multitudine,
920 702 1139 757 habitus
1185 704 1485 758 animorum
1531 703 1654 756 fuit.
1729 703 1775 755 E
1815 700 2128 774 provinciiS,

329 773 618 846 Hispaniae
645 786 875 845 praeerat
898 775 1126 829 Cluvius
1154 774 1351 840 Rufus,
1376 776 1459 829 vir
1485 775 1747 828 facundus
1786 785 1842 827 et
1906 774 2016 827 acis
2041 790 2128 827 ar·

327 846 496 911 tibus,
523 845 678 899 bellis
704 846 1037 919 inexpertus,
1090 846 1305 912 Galliae,
1333 864 1492 918 super
1518 847 1831 900 memoriam
1860 793 2126 910 Uindicis,

328 916 590 988 obligatae
629 918 832 970 recenti
878 917 1337 971 dono‘Romanae
1377 918 1634 984 civitatis„
1660 928 1716 970 et
1754 919 1811 969 in
1848 928 2127 988 posterum

329 988 523 1040 tributi
548 988 871 1042 levamento.
923 989 1199 1044 Proximae
1227 1000 1407 1042 tamen
1430 989 1770 1043 Germanicis
1795 987 2127 1041 exercitibus

330 1059 632 1113 Galliarum
672 1061 939 1127 civitates,
978 1079 1089 1114 non
1128 1060 1318 1114 eodem
1362 1060 1567 1114 honore
1613 1060 1834 1126 habitae,
1873 1057 2128 1132 quaedam

328 1131 493 1184 etiam
521 1131 719 1184 finibus
744 1132 1029 1204 adempti3‚
1095 1133 1173 1185 ari
1198 1131 1383 1185 dolore
1407 1130 1694 1186 commoda
1718 1131 1891 1184 aliena
1914 1149 1979 1184 ac
2002 1146 2127 1183 suas

326 1202 403 1283 inj
415 1203 553 1284 urias
579 1203 959 1257 metiebantur.
1091 1203 1346 1256 ermanici
1374 1203 1661 1270 exercitus,
1688 1202 1833 1274 quod
1861 1199 2127 1273 periculo-

327 1291 600 1327 sxsmmum
626 1274 683 1327 in
709 1275 875 1329 tantis
893 1275 1116 1343 viribUS,
1135 1275 1354 1329 solliciti
1378 1286 1435 1328 et
1459 1275 1603 1342 irati,
1618 1274 1871 1347 superbia
1893 1272 2125 1327 recentis

381 1439 590 1477 Servorum
616 1451 756 1478 manus
786 1440 927 1479 subitis
959 1438 1101 1493 avidoe]
1136 1439 1202 1479 Ad

327 1504 377 1531 ea
401 1491 628 1540 auferenda,
649 1505 736 1542 qaae
765 1493 896 1532 subito
922 1494 1090 1532 fortunae
1115 1505 1203 1532 mu-

327 1559 423 1587 nere
442 1546 698 1594 obvenerant,
716 1550 764 1585 ut
779 1553 884 1586 recte
899 1549 1080 1586 Pichena.
1125 1549 1201 1585 Ve-

327 1605 446 1641 nuste
471 1601 749 1650 exprimuntur
770 1613 897 1640 mores
927 1602 1128 1642 hominum
1145 1603 1202 1640 fa-

326 1655 570 1702 melicorum,
592 1655 734 1704 quibus
757 1667 807 1694 ex
837 1656 1036 1705 insperato
1059 1668 1203 1706 magna

330 1721 373 1749 se
389 1710 658 1759 ingurgitandi
675 1710 841 1748 facultas
857 1711 950 1748 data
967 1714 1041 1749 est.
1069 1709 1184 1748 Ean.

385 1764 610 1815 Eademque
655 1777 763 1802 novoe
823 1764 942 1816 auloe]
1000 1765 1204 1802 Sententia

334 1815 443 1869 (nam
459 1817 555 1856 alios
572 1818 768 1856 involvere
791 1816 918 1868 video)
939 1819 1072 1856 eadem
1097 1819 1202 1856 mala

324 1884 435 1911 nove
450 1872 552 1909 aulae
570 1871 772 1910 Galbianae
787 1873 922 1919 fuisse,
939 1884 1026 1923 quae
1041 1873 1199 1920 veteris,

324 1927 366 1965 id
381 1926 716 1976 &Neronianam
745 1926 813 1964 sed
839 1937 920 1966 non
947 1937 1056 1977 aeque
1083 1938 1200 1965 excu-

324 1977 442 2018 sata.'
479 1980 586 2022 Quid
604 1980 688 2018 ita?
716 1981 811 2030 quia
827 1981 934 2019 Nero
961 1985 1053 2019 ortu
1071 1983 1112 2018 et
1129 1993 1201 2019 na-

321 2034 469 2073 talibus
495 2035 697 2084 Princeps,
724 2035 819 2085 quia
838 2034 1011 2083 juvenis,
1035 2035 1128 2084 quia
1154 2035 1197 2074 in

324 2088 480 2140 plebem
509 2089 628 2126 etiam
659 2089 867 2138 gratiosus.
921 2090 1060 2140 Itaque
1087 2089 1197 2139 plus-

324 2144 456 2181 culum
475 2143 511 2181 ei
534 2142 650 2181 licere
668 2142 851 2181 volebant
875 2147 916 2181 et
929 2143 1196 2193 ignoscebant.

324 2198 414 2237 Non
433 2197 488 2236 sic
507 2197 703 2245 inGalba‚
715 2198 783 2247 qui
797 2198 962 2236 electus:
982 2198 1050 2248 qui
1063 2209 1197 2244 senex,

326 2252 490 2302 ideoque
518 2251 690 2300 prudens
718 2263 806 2290 esse
830 2251 1019 2290 debebat:
1049 2252 1117 2301 qui
1133 2253 1200 2290 de-

326 2306 446 2357 nique
460 2317 616 2356 parcus,
631 2306 772 2352 tristis,
785 2308 826 2342 et
843 2317 913 2355 per
927 2307 1088 2344 omnino
1103 2318 1202 2355 pau·

325 2361 383 2398 eis
403 2364 555 2409 gratus.
583 2361 698 2398 Lu’s.
741 2361 838 2398 Mox
869 2361 957 2398 dedi
985 2361 1126 2399 irrisui
1152 2374 1200 2398 ac

313 2415 488 2464 fastidio
502 2425 524 2451 e
553 2414 656 2452 Flor.
674 2417 714 2451 et
731 2415 793 2452 ed.
810 2425 870 2463 pr.
925 2415 1056 2453 Ceteri
1081 2421 1119 2452 et
1146 2416 1196 2452 ir.

325 2468 471 2517 etsast.
516 2468 660 2506 Melius
678 2469 779 2506 foret
795 2469 928 2507 irrisu.
958 2468 1066 2507 Eas.
1092 2469 1198 2508 Bud.

325 2529 364 2562 et
382 2524 434 2562 ἐν.
451 2523 606 2573 desast-

384 2578 599 2627 Tamquam
624 2577 669 2614 in
685 2582 796 2614 tanta
821 2574 952 2627 mula]
985 2577 1201 2629 Tamquam

326 2630 439 2669 abest
454 2643 479 2667 a
495 2631 580 2668 MS.
597 2631 724 2668 oxon.
752 2629 862 2668 ERN.

379 2686 590 2735 Hispania.-
615 2684 801 2736 preerat]
846 2684 998 2734 Nempe
1023 2684 1196 2724 citeriori

328 2752 360 2778 s.
376 2739 673 2778 Tarraconensi.
724 2738 774 2777 V.
801 2739 905 2777 infra
919 2742 961 2786 4,
979 2741 1045 2779 39.
1072 2737 1184 2777 ERN.

383 2795 546 2832 Cluvius
573 2793 723 2846 Rufina]
754 2794 816 2832 De
842 2794 915 2832 hoc
943 2806 980 2833 v.
1006 2793 1107 2833 Plin.
1134 2805 1198 2845 ep.

326 2853 369 2896 e,
391 2850 455 2888 19-

379 2901 441 2939 Et
450 2903 564 2950 pacis
579 2901 728 2939 artibus
737 2901 847 2939 bellis
858 2900 1096 2953 inexpertus]
1117 2902 1201 2939 Pa·

327 2955 386 2993 cis
399 2954 549 2993 artibus
566 2956 656 2992 ferri
677 2957 822 3003 potest,
847 2956 881 2992 si
903 2968 994 2994 cum
1009 2956 1200 2994 Rhenano

327 3009 524 3058 intelligas
552 3014 744 3060 expertus,
770 3009 872 3058 quod
895 3008 995 3047 latet
1020 3009 1063 3047 in
1079 3009 1200 3047 verbo

326 3064 550 3114 inexpertus
562 3077 575 3099 .·
592 3063 704 3110 cujus
715 3063 867 3111 generis
884 3067 926 3101 et
934 3064 1013 3101 alia
1022 3063 1200 3113 exempla

327 3116 370 3154 in
386 3117 536 3156 Tacito.
591 3117 840 3166 Quamquam
865 3129 915 3154 ne
943 3119 1017 3155 hoc
1041 3118 1198 3167 quidem

326 3171 588 3209 necessarium
614 3173 689 3217 est,
706 3183 795 3208 cum
811 3171 972 3209 Tacitus
997 3183 1099 3221 saepe
1128 3172 1201 3209 tali

326 3224 514 3271 ablativo,
530 3225 709 3263 absolute
734 3226 878 3274 posito,
904 3228 1056 3271 utatur,
1073 3229 1121 3263 ut
1141 3226 1201 3263 in·

325 3279 544 3329 telligatur,
562 3280 793 3326 instructus,
801 3278 1018 3318 abundans,
1036 3279 1109 3316 Sed
1121 3280 1197 3317 Fa-

328 3345 448 3371 ernus
468 3333 525 3383 (et
540 3331 725 3383 Ursinus)
744 3332 834 3370 addi
849 3333 1035 3371 volebant
1050 3334 1195 3380 clarus,

329 3388 434 3437 quod
462 3390 523 3425 est
552 3387 594 3424 in
612 3387 698 3426 MS.
715 3388 813 3435 Agr.
841 3387 1031 3425 Heinsius
1055 3399 1118 3436 ep.
1145 3389 1195 3425 ad

330 3443 458 3481 Graev.
474 3445 507 3480 t.
525 3445 564 3478 4.
577 3441 674 3480 Coll.
684 3442 822 3479 Burm.
833 3442 948 3491 pacis
958 3453 1036 3491 par
1048 3441 1198 3479 artibus

329 3507 372 3544 p.
381 3498 474 3536 49⁸.
485 3495 588 3545 quod
595 3496 707 3533 valde
716 3495 859 3546 probat
865 3496 1039 3534 Graevius
1052 3506 1092 3544 p.
1105 3499 1199 3536 505.

330 3550 427 3588 Mox
453 3550 563 3589 bellis
581 3550 693 3589 MSS.
720 3550 826 3589 Flor.
842 3550 973 3589 Guelf.
995 3550 1081 3589 edd.
1107 3553 1201 3589 ante

1251 1441 1378 1479 Rhen.
1395 1441 1466 1490 qui
1489 1439 1592 1480 male
1611 1438 1650 1491 (e
1666 1436 1783 1489 Bud.)
1806 1437 2013 1476 substituit
2037 1436 2129 1478 betti·

1255 1493 1326 1546 (sc.
1355 1492 1536 1546 artibus).
1587 1495 1713 1533 Vetus
1738 1493 1916 1531 restituit
1940 1492 2126 1542 Ryckius.

1253 1549 1383 1587 Bellis
1394 1550 1615 1599 inea-pertus
1638 1551 1713 1595 est,
1727 1548 1796 1598 qui
1808 1547 1936 1585 nullas
1948 1558 2010 1585 res
2022 1546 2127 1585 bello

1253 1602 1389 1653 gessit,
1421 1603 1565 1653 quibus
1591 1603 1755 1640 scientia
1778 1601 1959 1641 militaris
1984 1611 2128 1650 eogno-

1253 1661 1440 1695 sceretur.
1466 1657 1575 1696 ERN.
1603 1658 1752 1696 Contra
1777 1655 1867 1695 beai
1888 1657 2127 1706 inreverens,

1254 1711 1321 1761 qui
1338 1711 1485 1749 bellum
1500 1722 1701 1761 nunquam
1719 1709 1832 1749 vidit.

1307 1766 1469 1804 Reoenti
1483 1766 1579 1803 dono
1596 1765 1786 1803 Romam
1795 1761 1984 1815 civitatis]
2014 1762 2131 1805 Quo·¹

1252 1820 1367 1857 modo
1383 1818 1556 1857 recenti?
1580 1822 1621 1856 et
1637 1830 1767 1857 nonne
1775 1817 2009 1867 iampridem
2018 1816 2127 1856 Galli

1254 1873 1320 1910 isti
1333 1874 1475 1911 comati
1491 1874 1530 1911 id
1540 1873 1672 1923 adepti
1683 1885 1708 1911 a
1718 1870 1904 1912 Claudio?
1924 1871 2072 1910 clarum
2083 1871 2125 1908 id

1253 1927 1423 1965 eTacito
1435 1928 1485 1966 A.
1495 1930 1512 1965 l
1522 1931 1558 1974 1,
1569 1934 1634 1966 23.
1647 1927 1722 1966 Sed
1733 1926 1910 1976 expedio.
1921 1925 2024 1964 Olim
2037 1924 2125 1976 qui-

1253 1981 1340 2019 dem
1345 1981 1412 2030 ius
1421 1982 1566 2020 civium
1573 1982 1806 2031 adepti‚non
1817 1984 1951 2019 tamen
1961 1978 2127 2030 promis·

1249 2036 1410 2084 cue,sed
1422 2048 1599 2085 proceres
1608 2039 1779 2075 tautum.
1794 2036 1921 2074 Caute
1931 2034 1989 2075 ibi
2000 2037 2041 2072 et
2049 2032 2126 2072 cir·

1248 2095 1469 2140 cumspecte
1481 2091 1642 2129 Tacitus
1654 2103 1666 2126 ε
1692 2091 1882 2141 primores
1897 2088 2052 2132 Gallie.
2062 2087 2126 2126 in·

1248 2144 1349 2194 quit,
1362 2157 1447 2198 quoe
1460 2146 1620 2183 Comata
1636 2144 1866 2195 appellatur.
1894 2143 2010 2192 idque
2027 2141 2127 2180 mihi

1251 2202 1376 2238 notes.
1429 2199 1504 2238 Sed
1520 2211 1625 2237 nunc
1640 2209 1729 2236 ecce
1755 2209 1781 2236 a
1795 2195 1924 2236 Galba
1939 2195 2125 2235 diffusum

1254 2253 1294 2290 id
1310 2253 1378 2301 jus
1394 2252 1437 2291 in
1453 2253 1587 2292 Gallos
1603 2263 1753 2300 omnes,
1781 2251 1849 2302 qni
1867 2262 1940 2302 pro
1958 2249 2124 2289 Vindice

1254 2308 1465 2346 stetissent.
1495 2307 1727 2346 Plutarchus
1742 2305 1985 2356 apertissime
2006 2315 2040 2342 e.
2061 2308 2126 2342 1⁸.

1249 2361 1321 2399 'Ex
1345 2358 1381 2399 δῖ
1400 2359 1531 2400 «πότον
1546 2360 1613 2400 καὶ
1639 2359 1692 2400 ni
1709 2357 1862 2427 ffltffge'aef
1885 2356 2125 2413 fga-ripum

1250 2411 1417 2457 Βιαέολόιν
1435 2412 1548 2467 εἶχεν,
1575 2414 1620 2457 ὦς
1645 2414 1698 2453 τὰ
1726 2427 1812 2467 προς
1831 2411 1914 2454 τοὺς
1939 2409 2126 2452 raude

1249 2465 1405 2507 Οὒΐνδικι
1435 2466 1705 2522 σννᾳμμίηνς.
1771 2462 1936 2506 ‘Eunoen
1964 2464 2042 2518 γὰρ
2084 2463 2126 2503 οὗ

1249 2521 1513 2576 φιλανθρωπίᾳ
1531 2523 1598 2561 τοῦ
1618 2520 1899 2575 αὐτοκράτορος)
1925 2518 2020 2557 ὶλλῖ
2037 2516 2128 2557 nini-⁴

1250 2591 1345 2626 μενοι
1375 2576 1462 2631 παρ’
1498 2575 1651 2615 omnim
1679 2575 1880 2626 τυγχάνειν
1907 2569 2052 2616 ninia-‘⁹5
2082 2585 2125 2610 «rs

1250 2627 1410 2680 δασμῶν,
1427 2631 1494 2670 καὶ
1510 2628 1714 2673 πολιτείας.
1743 2631 1854 2668 Lu’s.

1307 2685 1466 2724 Dibuti
1480 2683 1707 2736 leivanoento]
1747 2684 1901 2726 Quarta
1915 2684 2028 2734 parte
2048 2678 2126 2718 tri·

1254 2738 1357 2777 buti.
1376 2751 1411 2777 c.
1430 2742 1497 2778 51.

1309 2794 1512 2832 Germanis
1541 2791 1682 2843 exerc-J
1729 2790 1828 2831 Edd.
1868 2792 1961 2828 ante
1991 2789 2123 2828 Rhen.

1252 2859 1385 2885 omnes
1410 2846 1513 2886 male
1529 2847 1733 2886 Romanis.
1785 2845 1881 2884 Mox
1885 2843 2037 2894 finibus
2052 2841 2124 2880 ad-

1251 2903 1378 2949 emtis,
1397 2902 1472 2941 int.
1491 2907 1603 2952 parte
1622 2910 1817 2950 agrorum.
1870 2899 1966 2936 Mox
1983 2907 2123 2934 rursus

1251 2956 1340 2993 dedi
1375 2956 1559 2995 Germani
1588 2956 1780 2994 exere-aus
1810 2953 1913 3002 quod
1942 2955 1983 2988 et
2011 2950 2126 2989 MSS.

1252 3010 1409 3060 quidam
1425 3013 1466 3047 et
1488 3010 1573 3047 edd.
1590 3012 1740 3047 veteres
1756 3005 1918 3052 habent,
1938 3016 2010 3054 pro
2028 3005 2129 3042 Ger--

1251 3066 1412 3111 ηιαπίεἰ,
1428 3067 1476 3102 ut
1503 3062 1717 3101 similitudo
1742 3064 1858 3099 esset.
1884 3061 1993 3100 ERN.
2019 3057 2124 3098 Bud-

1254 3119 1457 3156 Germanis
1470 3117 1713 3156 aven-itibus.
1725 3140 1738 3152 .
1753 3141 1767 3154 .
1779 3139 1793 3154 .
1808 3113 2031 3153 Germania·
2055 3124 2124 3150 es*-

1253 3173 1408 3210 ercitus.
1461 3170 1683 3209 Similitudo
1709 3173 1756 3207 ut
1781 3167 2123 3219 sin-posteriorem

1252 3226 1415 3263 formam
1432 3228 1598 3274 utroque
1612 3224 1696 3262 loco
1712 3234 1866 3272 sequor.
1892 3221 1954 3260 Sic
1970 3225 2013 3259 et
2028 3220 2124 3271 Bip.

1248 3280 1346 3329 Agr.
1363 3291 1516 3328 quoque
1535 3279 1785 3317 Germanicis.

1302 3333 1470 3371 Finibus·
1486 3332 1663 3383 ademtis]
1697 3331 1757 3369 Cf.
1773 3342 1807 3368 c.
1826 3330 1892 3368 53.

1300 3388 1475 3425 Solliciti
1500 3394 1537 3424 et
1564 3386 1676 3438 irati]
1716 3385 1837 3425 Haud
1858 3387 2006 3420 temere
2034 3392 2127 3420 mu·

1251 3445 1345 3479 tem.
1371 3442 1502 3490 aptior
1528 3445 1662 3479 tamen
1690 3439 1952 3477 membrorum
1979 3447 2124 3474 conne-

1254 3507 1328 3534 xus
1341 3499 1382 3534 et
1392 3497 1608 3545 responsio,
1624 3495 1658 3532 si
1669 3493 1790 3544 legas,
1801 3491 1948 3530 soliciti
1961 3498 1999 3530 et
2012 3491 2123 3530 etati.

1254 3551 1368 3591 Metu
1382 3560 1523 3602 nempe
1539 3549 1696 3599 soliciti,
1708 3547 1872 3589 victoria
1886 3546 1992 3586 elati.
2010 3545 2123 3586 Lxrs.
