2190 3880
657 168 829 223 'L1B.
878 174 938 220 v.
997 172 1158 220 CAP.
1192 177 1240 221 2.
1294 176 1299 178 ·
1769 173 1863 218 321

63 300 207 358 diem
246 302 494 361 tradituri
538 303 740 366 sumus,
782 301 1085 371 congruens
1133 297 1364 361 videtur,
1401 296 1698 367 primordia
1747 297 1864 367 ejus
1880 312 1929 352 A.
1948 310 2006 351 U.

7 423 14 437 ,
62 378 287 448 aperire.
356 374 576 440 Judaeos‚
607 374 759 425 Creta
797 371 965 424 insula
991 367 1256 443 panugos,
1287 368 1558 420 novissima
1587 368 1760 437 Libyca
1783 369 1863 420 in-
1897 369 1990 405 824·

61 447 252 514 sedisse,
296 457 618 510 memorant,
645 462 746 516 qua
785 440 1467 514 tempestatRsSaturanvi
1500 441 1643 507 Jovis
1669 439 1862 509 pulsem,
1877 419 1999 515 A7‘1cf'

64 519 260 572 cesserit
283 519 484 590 regm‘s:
523 524 925 587 (argumentum
957 532 986 566 e
1014 513 1233 565 nomine
1262 512 1501 583 petitur:
1540 510 1784 580 inclytum
1809 513 1866 564 z'n

70 587 224 644 Creta
268 589 422 642 Idam
460 598 693 655 montem,
719 587 922 639 adcolas
970 582 1432 650 Idceos;.aucto*2ffn
1473 580 1747 633 barbarum
1788 602 1871 634 co-

0 671 2 688 ³
59 670 349 732 gnomento,
375 661 580 715 Judaeos
608 659 822 712 vocitari
837 661 876 722 :)
911 657 1150 727 quidam,
1177 663 1414 726 regnante
1436 653 1590 717 Iside,
1610 653 1871 724 exundan-

64 741 162 785 tem
179 752 275 804 per
299 734 577 805 AEgyptum
602 730 994 793 multitudinem,
1011 727 1224 786 dacibus
1244 725 1595 796 Hierosolymo
1616 743 1675 776 ac
1703 725 1871 790 Juda,

57 805 322 874 proximas
358 806 414 857 iu.
443 813 608 856 terras
644 810 992 855 exoneratam:
1042 800 1300 870 plerique,
1330 797 1625 867 AEtlzz'opum
1653 797 1871 866 prolem,

68 893 191 946 quos
220 875 359 947 Rege
388 874 576 945 Cepheo
602 883 757 926 metus
788 881 939 943 atque
973 871 1143 923 odium
1179 879 1376 921 mutare
1412 868 1540 920 sedes
1572 868 1872 938 perpulerit.

72 949 230 1013 Sunt,
256 947 349 1017 qui
379 947 610 1010 tradant,
634 944 869 1016 Assyrios
903 961 1162 1006 convenas,
1191 940 1422 1012 indigum
1449 958 1688 1011 agrorum
1704 959 1874 1011 popu-

0 1053 5 1061 *
68 1017 192 1084 lum,
228 1026 380 1088 parte
423 1017 640 1089 AEgypti
676 1017 883 1087 Ροῑὶῖοε,
925 1028 1044 1068 mox‘
1070 1013 1310 1083 proprias
1347 1012 1488 1064 urbes
1530 1011 1874 1082 Hebraeasque

69 1097 230 1142 terras
254 1088 301 1142 et
316 1091 562 1161 propiora
586 1088 626 1140 S
620 1090 751 1160 yrice
775 1086 980 1139 coluisse
1005 1104 1147 1138 rura.
1221 1083 1350 1148 Alii,
1375 1083 1666 1136 Judaeorum
1685 1081 1869 1149 initia,

72 1159 319 1234 SolymoS,
340 1160 648 1215 carminibus
675 1158 892 1212 Homeri
928 1157 1229 1210 celebratam
1260 1163 1476 1226 gentem,
1502 1155 1757 1207 conditam
1783 1174 1873 1208 ur-

998 1317 1324 1369 pronunciatione
1353 1314 1607 1365 intelligenda
1635 1316 1729 1354 sunt
1746 1314 1875 1352 Taciti

122 1321 351 1361 primordia
384 1320 468 1373 ejus
499 1296 664 1372 aperire]
701 1318 756 1368 Si,
784 1320 870 1369 qu'ae
897 1317 945 1356 de

999 1373 1132 1412 verba.
1186 1362 1288 1410 Nam
1317 1373 1359 1409 in
1391 1373 1525 1411 Graeca
1554 1382 1576 1407 e
1602 1370 1803 1419 trisyllabo
1831 1371 1878 1406 fit

72 1375 189 1414 rebus
223 1377 400 1414 Judaicis
440 1377 563 1414 tradit
601 1376 779 1421 Tacitus,
813 1376 946 1411 omnia

69 1425 255 1479 excutere
273 1435 276 1438 ⁴
291 1431 518 1480 diligentius
549 1429 750 1475 vellemus,
776 1429 947 1478 plurima

68 1485 232 1526 dicenda
249 1485 391 1523 forent.
445 1484 520 1522 Sed
546 1485 641 1521 istas
661 1484 947 1533 disputationes

70 1551 151 1577 non
184 1540 349 1589 capiunt
373 1543 490 1586 notae,
523 1539 567 1576 in
602 1538 744 1588 quibus
781 1539 948 1575 maxime

71 1597 287 1645 spectatur,
300 1579 569 1632 ufemendata
589 1593 707 1631 verba
725 1594 819 1639 sint,
831 1596 872 1630 et
889 1593 949 1630 in-

70 1647 274 1697 telligatur
293 1660 428 1686 sensus
458 1659 606 1685 eorum.
659 1648 949 1696 Adspergemus

69 1706 207 1755 tamen
225 1703 392 1740 subinde
416 1703 579 1751 aliquid,
596 1701 666 1740 ubi
683 1713 782 1751 opus
802 1702 950 1739 videbi-

71 1760 152 1803 tur.
206 1757 310 1795 Illud
338 1757 387 1794 ab
420 1757 537 1796 initio
571 1757 706 1793 mirari
739 1756 851 1802 libet,
881 1757 948 1805 qui

15 1835 17 1838 -
72 1812 312 1849 commiserit
344 1812 522 1858 Tacitus,
552 1815 601 1849 ut
632 1811 793 1859 Josephi
829 1810 950 1848 libros

71 1877 152 1912 non
172 1866 407 1918 consuleret,
426 1866 494 1916 qui
514 1865 592 1912 illis
610 1865 850 1914 temporibus
870 1877 950 1902 non

12 1959 26 1966 ‚
73 1919 231 1966 obscuri
261 1925 375 1958 erant
402 1922 548 1966 Romae,
572 1924 614 1956 et
643 1931 664 1956 e
696 1920 950 1970 scriptoribus

73 1975 245 2014 externis
273 1976 404 2027 potius
432 1975 622 2021 hauserit,
649 1986 766 2023 quam
793 1978 952 2011 auctore

74 2029 255 2067 Judaico.
301 2030 449 2068 Verum
467 2030 540 2067 hoc
555 2040 707 2078 quoque
726 2041 797 2078 pro
814 2030 952 2066 Tacito

75 2083 217 2131 dicam,
237 2095 319 2122 non
340 2084 474 2122 omnia
500 2095 591 2121 eum
623 2095 695 2132 pro
724 2084 839 2120 certis
870 2087 952 2120 tra-

74 2138 182 2185 dere,
199 2139 266 2176 sed
277 2150 363 2187 quae
381 2139 499 2187 vulgo
514 2138 778 2183 traderentur,
794 2137 834 2174 in
849 2149 951 2174 com-

76 2193 265 2242 pendium
289 2197 474 2241 congesta
501 2192 711 2229 lectoribus
738 2203 955 2242 proponere

76 2243 259 2294 voluisse.
314 2248 410 2284 Late
428 2250 558 2285 totum
577 2247 680 2284 hunc
698 2247 823 2284 locum
849 2259 955 2284 exse-

76 2305 193 2339 cutus
225 2304 284 2338 est
320 2301 467 2339 Christ.
495 2302 709 2348 Wormius,
743 2303 785 2338 in
814 2302 958 2339 Corru-

75 2352 156 2405 ptis¹
181 2349 475 2405 Antiquitatum
508 2355 604 2393 Ebr.
635 2356 742 2404 apud
769 2357 954 2394 Tacitum

77 2413 121 2447 et
135 2409 310 2450 Manial.
321 2410 509 2459 vestigiis.
522 2410 681 2447 Hafniae
704 2413 819 2450 1693.
846 2411 953 2449 Emi.

77 2464 244 2513 Egregie
263 2466 382 2502 etiam
409 2465 485 2501 ista
504 2464 717 2516 illustravit
735 2465 952 2502 Broterius.

131 2518 305 2556 Adcolas
359 2520 718 2556 Idoeos-—Judoeos
771 2519 950 2569 vocitari]

79 2570 196 2610 Unde
221 2573 305 2609 haec
321 2573 483 2610 traditio
510 2573 558 2609 de
579 2574 711 2618 Creta,
729 2574 754 2610 J
758 2573 954 2611 udaeorum

80 2625 225 2675 patria,
244 2627 356 2664 docet
382 2626 508 2664 Huet.
528 2628 641 2664 Dem.
659 2628 811 2675 Evang.
841 2629 954 2676 Prop.

79 2685 121 2727 4,
152 2685 192 2720 9.
221 2693 261 2730 p.
296 2686 384 2720 194.
418 2680 626 2731 putatque,
660 2682 828 2718 exoticos
862 2682 954 2718 scri-

78 2738 210 2784 ptores
230 2735 359 2773 Idaeos
382 2731 571 2773 Cretenses
586 2747 673 2773 cum
692 2736 727 2772 J
726 2737 847 2773 udoeis
865 2747 956 2772 con-

79 2784 240 2826 fudis‘se.
296 2788 428 2838 Negat
450 2789 523 2826 hoc
550 2791 615 2827 Fr.
635 2790 707 2828 Ad.
736 2791 881 2838 Lampe
909 2790 956 2827 de

0 2876 3 2880 ,
79 2841 210 2891 cymb.
235 2846 314 2880 vet.
346 2848 386 2889 2,
406 2848 429 2882 9
461 2837 511 2880 et*
533 2849 595 2881 12.
630 2845 686 2881 At
714 2844 797 2892 ipse
823 2848 958 2882 tamen

0 2942 6 2957 ἡ
79 2898 225 2942 firmat,
249 2897 570 2945 dum-Tacitum,
600 2899 857 2936 similitudine
887 2910 958 2936 no·

80 2951 199 2989 minis
230 2951 452 2999 deceptum,
472 2952 632 3000 Judoeos
652 2965 701 2990 ex
730 2954 842 2991 Creta
863 2965 957 3002 pro-

79 3011 203 3098 ζεόῗοοὲς
221 3005 440 3052 adfirmare,
456 3003 595 3053 tradit,
614 3018 734 3055 quum
752 3007 877 3044 Idoeos
893 3007 958 3044 de-

134 3088 267 3159 Auen
283 3116 326 3153 in
344 3115 547 3153 barbarum
573 3113 838 3165 cognomento]
870 3115 959 3152 Mo-

7 3161 10 3167 ’
81 3179 168 3211 rem,
181 3157 332 3208 addunt
350 3170 433 3208 MS.
453 3169 582 3220 Gueif.
600 3169 960 3208 edd.1›ute01.sser.

83 3211 172 3260 Alc.
188 3223 302 3261 male.
333 3225 601 3262 Barbarorum
620 3229 679 3262 est
697 3225 739 3261 in
758 3224 842 3261 MS.
863 3225 959 3272 Agr.

85 3273 157 3327 ed(
177 3275 484 3328 prgvmgatum
518 3283 684 3316 tuentur
712 3278 826 3316 MSS.
860 3276 963 3314 Flor.

86 3329 190 3368 B'ud'.
208 3331 312 3368 unde
341 3324 473 3370 edidit‘
490 3334 720 3380 Rhenanus,
739 3338 779 3370 et
801 3332 962 3370 Tacitus

6 3399 12 3404 ·
87 3383 171 3432 ipse
188 3384 239 3423 A.
257 3385 301 3431 6,
318 3391 384 3430 42.
416 3400 535 3437 neque
553 3389 594 3424 in
611 3388 813 3425 barbarum
833 3399 963 3425 corru-

83 3437 170 3487 pta.
210 3436 382 3484 Additur
399 3443 512 3491 quasi
531 3443 655 3478 Idoeos
672 3442 712 3478 in
731 3442 814 3480 MS.
829 3441 960 3479 Guelf.

89 3490 178 3529 edd.
216 3490 306 3528 Pnt.
335 3493 440 3531 Ber.
481 3496 697 3543 ceterisque
729 3500 825 3534 ante
856 3496 962 3532 Pieh.

92 3544 212 3594 (Bud.
243 3547 358 3595 quasi
389 3548 520 3598 Ydeos)
550 3553 637 3597 post
663 3550 825 3586 vocitari
852 3551 965 3587 male.

90 3600 277 3638 Ceterum
305 3601 427 3649 magis
456 3602 502 3638 de
530 3604 664 3642 Graeca
692 3615 809 3653 quam
826 3604 967 3645 Latina

170 3668 402 3706 voL.11.
428 3670 478 3707 P.
507 3673 546 3709 1.

1001 1427 1332 1477 quadrisyllabum
1349 1439 1358 1463 ι
1378 1426 1514 1474 augeri
1531 1428 1663 1462 autem
1685 1424 1801 1462 verba
1819 1424 1879 1460 di-

1000 1487 1146 1520 cuntur
1172 1482 1221 1518 ab
1246 1482 1464 1518 accessione
1483 1491 1690 1526 novarum·
1713 1477 1878 1527 syllaba-

1002 1549 1104 1576 rum.
1134 1548 1368 1587 quamquam
1394 1540 1434 1571 et
1449 1535 1616 1575 accessio
1633 1534 1760 1582 literae·
1774 1546 1800 1569 u
1818 1533 1880 1568 in-

1002 1592 1128 1640 telligi
1163 1595 1306 1640 potest.
1354 1591 1460 1628 ERN.
1512 1589 1684 1627 Picheua
1718 1587 1880 1633 delevit,

1005 1647 1189 1696 quianon
1208 1646 1251 1682 in
1265 1644 1369 1683 Flor.
1515 1659 1525 1662 „
1597 1670 1610 1682 -2

1056 1703 1174 1747 Sunt,
1218 1702 1292 1750 qui⁴
1334 1697 1524 1748 tradant]
1571 1697 1749 1735 Tradunt
1794 1696 1883 1734 MS.

1004 1755 1135 1793 Guelf.
1169 1756 1254 1799 edd.
1290 1753 1441 1791 Puteol.
1474 1753 1566 1791 Ber.
1601 1751 1883 1795 Alc.,tradant

1004 1822 1140 1853 verum
1161 1814 1233 1847 est.
1282 1808 1419 1860 (Dedit
1435 1807 1562 1844 Rhen.
1583 1818 1604 1843 e
1629 1803 1748 1856 Bugl.)
1781 1817 1882 1847 sem-
1910 1820 1914 1825 ·

1004 1878 1074 1914 per
1101 1865 1262 1902 Tacitus
1294 1862 1544 1911 conjunctivo
1575 1862 1616 1898 in
1650 1861 1723 1906 hac
1756 1860 1883 1896 forma

1004 1922 1146 1958 utitur.
1199 1919 1274 1956 Sed
1292 1929 1392 1966 saepe
1413 1917 1468 1953 sic
1486 1919 1698 1964 peccarunt
1714 1913 1883 1960 librarii,

1006 1979 1053 2012 ut
1087 1986 1166 2011 non
1202 1985 1279 2010 uno
1317 1973 1402 2008 loco
1446 1972 1494 2007 ad
1540 1970 1695 2018 Livium
1730 1969 1885 2005 notavit

1007 2026 1209 2066 Drakenb.
1265 2028 1348 2064 Nec
1375 2027 1519 2063 mirum
1533 2037 1550 2073 τ,
1572 2036 1661 2061 cum
1680 2024 1798 2060 etiam
1815 2023 1885 2060 ho-

1007 2084 1068 2119 die
1087 2083 1205 2131 vulgo
1222 2082 1323 2118 hanc
1342 2080 1578 2129 elegantiam
1606 2079 1800 2127 ignorent,
1821 2079 1884 2114 fu-

982 2150 983 2154 *
1005 2138 1192 2186 giantque
1211 2138 1252 2173 in
1270 2135 1485 2172 scribendo.
1538 2136 1630 2171 Post
1656 2134 1715 2170 ed.
1739 2143 1801 2180 pr.
1825 2133 1885 2169 in-

1009 2193 1175 2240 dignum
1221 2190 1338 2240 (Bud.
1384 2186 1594 2238 indigum.)
1640 2187 1792 2234 Deinde
1838 2199 1886 2224 ac

1010 2250 1101 2285 aute
1118 2259 1209 2283 mox
1222 2245 1362 2290 delevi,
1380 2255 1468 2280 cum
1487 2243 1634 2291 Ryckio
1646 2246 1692 2293 ‘et
1707 2238 1746 2278 J.
1764 2243 1888 2279 Gron-

1012 2301 1114 2349 quod
1133 2300 1334 2337 addiderat
1351 2299 1397 2335 de
1414 2298 1638 2345 conjectura
1654 2297 1781 2334 Rhen.
1794 2295 1888 2345 quia

1009 2356 1048 2391 in
1074 2355 1177 2392 Bud.
1196 2358 1280 2391 erat
1298 2366 1350 2391 an
1369 2366 1472 2390 mooe.
1528 2351 1655 2389 Abest
1671 2363 1717 2388 ac
1734 2363 1757 2387 a
1776 2350 1888 2388 MSS.

1008 2402 1111 2447 Flor.
1132 2409 1262 2446 Guelf.
1280 2410 1408 2446 oxon.
1425 2407 1623 2466 Agr3edd.
1642 2410 1734 2441 ante
1758 2405 1888 2442 Rhen.
1914 2435 1916 2439 .

1010 2466 1196 2501 Ceterum
1214 2463 1276 2499 hic
1295 2464 1337 2499 in
1355 2462 1501 2498 bonum
1521 2446 1720 2497 fictorem
1749 2459 1889 2496 incidit
1916 2457 1927 2488 -’

1009 2519 1187 2563 Tacitus,
1207 2521 1248 2554 et
1265 2518 1346 2553 haec
1359 2516 1561 2552 verissima
1575 2515 1747 2552 traditio.
1783 2513 1889 2550 Nam

1009 2585 1030 2609 e
1048 2572 1334 2620 Mesopotamia
1350 2570 1479 2619 gentis
1497 2571 1620 2618 origo,
1635 2580 1720 2617 quae
1731 2571 1790 2605 est
1804 2571 1889 2605 vet-

1010 2627 1085 2664 eris
1112 2627 1224 2674 regni
1240 2625 1437 2673 Assyriaci
1463 2635 1567 2673 pars.
1619 2624 1730 2665 ERN.
1786 2621 1891 2662 Bud.

1003 2682 1158 2731 partem
1176 2681 1338 2730 Egypti
1349 2680 1510 2728 potitos.
1842 2676 1845 2681 ’

1067 2735 1250 2773 coluisse.
1274 2729 1408 2782 Clara]
1437 2733 1583 2771 Verum
1608 2730 1687 2778 hic,
1706 2733 1818 2780 puto,
1833 2730 1892 2767 vi-

1012 2790 1113 2826 disse
1130 2788 1308 2839 Bip.pqui
1331 2788 1382 2837 τῷ
1401 2788 1506 2824 clara
1528 2786 1776 2835 substituunt
1795 2797 1891 2822 rura

1012 2848 1052 2880 et
1068 2855 1153 2895 1e0,'
1164 2855 1241 2892 quo
1270 2841 1470 2891 expressi,
1482 2841 1596 2879 modo
1627 2839 1891 2888 distinguunt.

1011 2898 1116 2936 Bud.
1136 2897 1238 2935 male
1251 2897 1471 2946 propriora.

1070 2952 1313 2990 Carminibus
1344 2948 1524 2999 Homeri]
1564 2949 1689 2986 Locus
1724 2943 1908 3000 Homeri⁴

1012 3011 1130 3044 notus
1164 3007 1229 3054 (ex
1251 3006 1297 3043 11.
1316 3004 1351 3054 ζ.
1375 3009 1464 3041 184.
1494 3008 1586 3040 904.
1619 3003 1750 3055 Ode-⁸⁴
1779 2999 1890 3052 283.)

1014 3060 1212 3098 sententia
1243 3063 1399 3097 tantum
1431 3057 1542 3095 valde
1571 3057 1756 3106 ambigua
1788 3056 1893 3093 inter

1014 3119 1196 3152 natantes
1241 3114 1480 3151 scholiastas.
1535 3111 1650 3157 Sunt,
1685 3108 1754 3160 qui
1793 3111 1895 3148 desi-

1014 3170 1127 3218 gnari
1174 3169 1308 3218 Lycios
1355 3172 1426 3205 aut
1470 3166 1656 3205 finitimos
1704 3167 1892 3214 quosdam

1018 3224 1164 3260 velint:
1194 3220 1439 3272 quostrabo
1470 3226 1535 3258 14.
1566 3233 1604 3269 p.
1623 3222 1717 3261 667.
1756 3224 1795 3256 et
1811 3221 1894 3257 Eu·

1018 3278 1187 3315 stathius
1206 3278 1254 3314 ad
1279 3277 1325 3314 11.
1344 3275 1383 3324 ζ.
1401 3281 1490 3314 184.
1519 3279 1558 3312 et
1586 3274 1741 3312 Pindari
1772 3274 1894 3310 inter-

1017 3344 1105 3381 pres
1124 3333 1170 3369 ad
1192 3331 1254 3370 01.
1278 3335 1341 3378 13,
1364 3336 1452 3371 129.
1482 3330 1693 3373 inclinant.
1714 3332 1806 3365 sunt
1826 3327 1894 3375 qui

1017 3387 1190 3424 Pisidas:
1226 3397 1310 3436 quo
1344 3385 1510 3430 Plinius,
1547 3389 1585 3428 5,
1621 3389 1669 3423 27
1711 3381 1813 3430 (24).
1854 3384 1896 3417 et

1019 3441 1252 3494 Stephanus.
1289 3444 1396 3485 suut,
1415 3440 1480 3487 qui
1499 3439 1678 3477 Judaeos:
1706 3435 1806 3484 quod
1826 3446 1896 3470 no-

1018 3500 1100 3533 ster
1130 3491 1194 3532 hic
1227 3494 1415 3542 suggerit,
1445 3496 1485 3528 et
1516 3492 1681 3528 Tzetzes
1717 3489 1817 3525 Cliil.
1854 3494 1897 3532 7,

1024 3556 1112 3590 149.
1150 3549 1342 3587 Eusebius
1366 3547 1485 3583 ctiam
1512 3547 1575 3582 Pr.
1600 3546 1669 3582 Ev.
1691 3548 1727 3582 9.
1745 3555 1784 3591 p.
1803 3546 1898 3579 243.

1022 3603 1180 3643 Chaerili
1200 3605 1327 3641 Poctae
1354 3600 1594 3647 testimonio,
1613 3596 1798 3639 Hebraeos
1827 3594 1896 3635 So-

1123 3672 1158 3707 Y
