2190 3880
632 119 846 171 “12113.
891 121 951 170 V.
997 121 1163 170 cAP.
1205 124 1254 177 ’7.
1783 125 1880 171 329

67 267 212 304 ⁴nere
253 242 831 320 vestigiaiterramque
871 247 1063 318 ipsam,
1090 246 1271 317 speeie
1312 246 1592 312 torridam,
1626 245 1735 299 vim
1769 245 1880 303 fru-
1895 260 1946 300 A.
1967 249 2021 302 U.

22 344 32 353 ⁷¹
85 320 662 392 giferamzperdidisse.
737 319 886 371 Num
924 320 1124 371 cun'eta
1159 330 1354 389 sponte
1391 320 1554 383 edita,
1587 330 1680 370 aut
1717 337 1878 370 manu
1912 316 2007 354 32⁴·

11 432 14 434 ψ
86 405 218 458 sata,
250 393 368 447 sive
419 392 603 444 herbae
649 401 835 444 tenues
874 401 968 443 aut
1004 391 1186 454 floreS‚
1213 402 1272 442 ut
1310 389 1523 441 solitam
1564 390 1616 440 in
1646 391 1880 460 speciem
1895 367 2018 466 A7‘1‘3'

86 464 384 529 adolevere,
435 477 552 516 atra
604 473 661 515 et
715 462 898 516 inania
950 462 1098 515 velut
1161 462 1217 514 in
1270 461 1514 513 >cinerem
1569 474 1907 522 vanescunt„

86 534 208 606 Ego
250 535 392 588 sicut
431 536 643 589 inclitas
691 534 964 605 quondam
1006 534 1164 586 urbes
1205 534 1332 604 igne
1373 532 1582 586 coelesti
1627 533 1885 602 flagrasse

84 608 464 671 concesserim,
494 608 570 659 ita
596 606 766 661 halitu
794 606 938 658 lacus
966 605 1114 658 infici
1143 620 1356 668 terram,
1384 604 1667 674 conrumpi
1702 623 1887 674 super-

82 677 265 731 fusum
306 680 574 749 spiritum,
619 695 791 748 eoque
832 677 1002 730 foetus
1045 689 1288 747 segetum
1332 689 1386 728 et
1425 676 1669 729 autumni
1704 690 1886 746 putre-

9 773 14 780 ·
83 768 231 804 scere
256 767 394 815 reor,
421 750 535 802 solo
561 750 815 819 coeloque
847 749 1015 819 juxta
1040 750 1211 818 gravi.
1271 747 1358 800 -Et
1386 747 1549 800 Belus
1575 749 1747 800 amnis
1784 748 1886 802 Ju-

81 821 240 875 daico
269 821 416 874 >mari
454 821 741 874 inlabitur:
784 820 929 873 circa
961 821 1117 890 cujus
1150 839 1209 871 os
1251 821 1511 873 conlectae
1557 837 1753 887 aronae,
1791 822 1884 873 ad-

81 1002 196 1048 Flor.,
216 1007 257 1041 et
286 1005 388 1045 Bud.
414 1006 546 1056 jactu.
601 1005 664 1043 Sic
692 1009 732 1043 et
761 981 852 1043 edd.
878 1007 956 1043 vet.
1012 1003 1079 1057 (ad
1096 974 1216 1043 ⁴Solin.
1236 1017 1275 1055 p.
1293 1004 1403 1057 430.)
1424 1004 1644 1054 corrigebat
1663 1006 1704 1043 in
1720 1006 1885 1044 solidam

80 1057 272 1097 Heinsius
288 1059 446 1105 volebat
462 1067 585 1107 tactu,
603 1060 653 1098 ut
666 1061 717 1098 A.
741 1066 804 1107 13,
825 1065 888 1097 24.

138 1113 370 1164 Ter-rumque
379 1116 503 1165 specie
519 1114 723 1166 torridam]
755 1116 803 1152 In
820 1114 955 1151 eodem

81 1167 223 1205 orosio
249 1176 464 1220 terramque
495 1171 634 1219 ipsam,
661 1171 796 1219 specie.
815 1169 954 1206 solida.

79 1222 193 1259 Ln’s.
238 1225 372 1273 Ipsam
406 1223 525 1261 etiam
558 1223 663 1261 Flor.
696 1224 800 1261 unde
834 1222 956 1260 edidit

78 1276 265 1324 Pichena,
291 1278 422 1315 Guelf.
453 1275 588 1328 (Bud.)
618 1278 716 1326 Agr.
747 1278 806 1316 ed.
823 1290 885 1327 pr.
913 1281 955 1314 et

79 1331 255 1369 Orosius.
298 1333 476 1381 Solidam
493 1332 623 1371 Orosii
647 1332 824 1382 plerique
841 1332 953 1370 MSS.

76 1385 164 1422 edd.
183 1389 278 1423 vett.
306 1387 380 1424 sed
395 1390 526 1424 tamen
542 1387 700 1434 quidam
717 1399 790 1424 scr.
808 1391 849 1423 et
865 1387 950 1424 edd.

7 1463 13 1473 s
77 1439 196 1476 etiam
214 1441 354 1478 solida.
379 1441 406 1478 i:
423 1452 458 1477 e.
485 1441 654 1489 integra,
671 1445 717 1479 ut
735 1442 821 1478 visu
839 1443 952 1478 steri-

76 1493 230 1531 litatem
243 1506 323 1532 non
339 1495 616 1544 deprehendas.
646 1497 761 1533 Certe
774 1495 951 1540 verbum,

75 1548 183 1597 quod
197 1550 249 1599 τῷ
265 1550 389 1599 speeie
413 1550 592 1593 addatur,
610 1550 758 1599 aliquid
776 1550 870 1587 boni
892 1551 953 1587 in-

10 1635 13 1640 ,
79 1602 208 1640 dicare
239 1603 382 1640 debet:
423 1615 663 1653 quamquam
693 1606 815 1654 specie
849 1604 952 1642 bona

77 1661 152 1703 est,
181 1661 316 1694 tamen
343 1659 422 1696 vim
453 1659 682 1707 frugiferam
706 1671 785 1696 non
814 1659 946 1697 habet.

76 1712 152 1750 Sed
169 1712 247 1749 tale
271 1724 350 1749 non
375 1717 435 1750 est
453 1714 655 1750 torridam.
709 1715 847 1762 ltaque
878 1714 951 1750 hoc

75 1765 241 1803 verbum
274 1778 412 1804 sanum
450 1767 628 1815 judicare
658 1779 737 1804 non
779 1779 950 1816 possum.

77 1820 188 1858 Adde
215 1825 348 1858 notam
376 1822 549 1870 proxime
576 1833 655 1870 seq.
698 1823 806 1859 ERN.
859 1823 950 1871 Bip.

77 1885 126 1912 ex
143 1876 211 1913 cit.
236 1876 366 1913 Orosii
384 1876 469 1912 loco
495 1876 731 1924 exsculpunt
752 1878 876 1926 specie
891 1890 951 1914 so—

76 1931 166 1969 lita.
222 1930 268 1967 Id
286 1930 383 1967 mihi
399 1942 478 1967 non
495 1931 660 1968 adridet.
711 1931 801 1968 Non
827 1932 949 1968 credi-

76 1983 156 2021 bile
193 1990 266 2030 est,
296 1984 482 2023 Tacitum
525 1985 661 2023 iisdem
694 1986 823 2022 verbis
866 1991 948 2022 tam

75 2050 198 2088 prope
215 2040 356 2076 iterum
375 2040 496 2077 fuisse
513 2051 690 2078 usurum.
745 2042 862 2077 Porro
880 2052 949 2077 au-

74 2098 155 2130 tem
192 2093 334 2131 Strabo
372 2097 432 2131 16.
466 2107 505 2144 p.
540 2098 632 2135 764.
679 2105 764 2130 eam
803 2099 950 2131 terram

73 2143 235 2201 τεφρώδη
260 2149 395 2185 eodem
423 2159 540 2186 sensu
567 2149 674 2186 dicit.
718 2149 851 2197 Specie
878 2150 951 2185 mi-

74 2213 151 2238 nus
181 2206 288 2239 recte
316 2203 423 2251 capit
452 2204 550 2240 Ern.
603 2203 728 2239 Notat
759 2203 821 2239 hic
848 2205 949 2250 visu,

76 2257 145 2304 qui
175 2256 427 2304 primus.ejus
450 2257 693 2306 significatus
716 2260 757 2292 et
784 2258 954 2295 nativus.

77 2311 229 2357 Firmat
245 2313 510 2348 narrationem
535 2312 665 2349 Taciti
690 2312 809 2347 etiam
830 2312 901 2351 cit.
930 2323 955 2348 a

75 2365 190 2404 Brut.
232 2365 485 2414 Hasselquist
511 2366 554 2404 in
571 2366 668 2413 Voy.
693 2366 788 2402 dans
816 2367 852 2403 le
882 2367 954 2403 Le-

76 2427 172 2457 vant
188 2422 219 2463 t,
237 2425 276 2458 2.
297 2431 336 2468 p.
361 2424 425 2463 86.

130 2475 220 2511 Sive
237 2474 352 2511 herba
363 2481 480 2512 *tenus
496 2481 566 2512 aut
571 2473 691 2525 flore]
739 2475 801 2511 Sic
830 2475 952 2512 edidit

76 2528 307 2574 Rhenanus,
325 2540 413 2565 cum
443 2533 535 2565 ante
562 2530 760 2577 legeretur
781 2530 866 2565 edd.
892 2541 950 2577 pr.

76 2583 168 2619 Ber.
186 2582 271 2620 Alc.
299 2583 433 2620 herbas
455 2590 585 2620 tenues
608 2589 677 2620 aut
693 2585 828 2631 flores,
850 2583 952 2631 quod

77 2637 120 2673 in
136 2637 222 2674 MS.
241 2637 344 2673 Bud.
367 2642 452 2673 erat
467 2643 586 2674 tenus.
617 2637 660 2674 Id
679 2648 772 2673 sane
790 2641 828 2673 et
847 2648 872 2672 a
889 2649 950 2684 pr.

75 2702 197 2729 manu
230 2691 370 2728 hahuit
405 2691 535 2728 Guelf.
576 2690 696 2727 habet
731 2694 772 2727 et
800 2692 959 2741 Puteol.

76 2746 179 2793 quod
205 2757 282 2783 non
316 2751 376 2782 est
409 2750 568 2783 temere.
623 2747 769 2794 Itaque,
796 2746 953 2782 Rhena-

78 2810 173 2836 num
202 2799 302 2837 bene
331 2801 542 2837 correxisse
571 2806 684 2848 puto,
717 2811 788 2836 nec
822 2800 953 2836 imiter

76 2854 283 2902 Ryckium,
311 2855 378 2902 qui
407 2866 427 2890 e
459 2856 543 2892 MS.
573 2855 671 2902 Agr.
703 2854 847 2890 edidit:
876 2855 956 2891 sive

75 2908 199 2945 lterboe
225 2914 369 2953 tenues,
398 2915 469 2946 aut
482 2911 618 2959 flores,
649 2915 693 2945 ut
725 2910 883 2946 solitam
912 2909 956 2944 in

75 2964 237 3012 speeiem
274 2963 480 3007 adolevere,
517 2964 785 3000 consentiente
822 2967 952 2999 tamen

76 3017 137 3053 ed.
157 3029 217 3066 pr.
240 3017 317 3053 nisi
337 3017 438 3064 quod
459 3017 593 3053 herbas
612 3017 780 3064 praesert.
836 3017 955 3062 Nam,

75 3083 262 3119 quorsum
275 3071 468 3109 addiderit
479 3071 641 3108 Tacitus
660 3070 799 3107 herbas
815 3073 955 3107 tenues

75 3129 147 3161 aut
163 3126 289 3172 flores,
303 3137 388 3174 quae
407 3136 499 3162 sane
514 3131 607 3162 sunt
625 3125 665 3162 in
683 3124 801 3160 rebus
819 3129 957 3172 sponte

74 3181 193 3225 natis,
207 3184 278 3218 aut
295 3192 416 3217 manu
434 3179 540 3216 satis.
567 3181 691 3216 Immo
712 3179 794 3216 vult
808 3179 948 3224 dicere,

77 3233 177 3271 nibil
195 3234 250 3272 ibi
268 3235 310 3271 in
329 3245 442 3271 usum
459 3235 657 3270 hominum
678 3235 804 3270 nasci:
837 3245 884 3268 ne
903 3245 949 3269 ea

76 3288 247 3335 quidem,
266 3290 307 3325 in
325 3289 468 3338 quibus
488 3288 610 3324 herba
622 3292 662 3325 et
679 3288 773 3326 folia
790 3292 947 3324 tantum

75 3345 318 3389 spectantur,
337 3348 407 3380 aut.
426 3344 553 3388 flores,
571 3343 713 3379 habere
742 3353 851 3378 suam
873 3342 949 3378 uti·

75 3394 230 3444 lemque
249 3402 445 3442 naturam,
471 3398 614 3434 nedum
638 3396 847 3443 frugifera:
879 3397 949 3433 hoc

77 3454 151 3494 est,
170 3462 273 3496 cum,
301 3463 373 3499 pro
400 3464 471 3488 sua
498 3452 678 3499 quodque
701 3457 862 3496 natura,
888 3451 949 3488 vel

74 3503 197 3540 herba
212 3508 343 3550 tenus,
359 3506 416 3542 vel
435 3506 542 3551 flore,
553 3506 614 3542 vel
634 3506 675 3542 in
693 3505 844 3542 solitam
863 3517 949 3552 spe-

75 3557 175 3597 ciem
193 3559 395 3597 adolevere
415 3563 489 3601 etc.
536 3560 723 3599 Ceterum
740 3559 950 3599 Salmasius

1007 1062 1183 1110 speciem,
1198 1060 1453 1109 capiebatque
1473 1060 1518 1096 de
1535 1060 1752 1097 fructibus:
1782 1062 1887 1110 quod

1008 1126 1080 1163 ego
1113 1127 1192 1151 non
1224 1115 1320 1151 adeo
1357 1125 1564 1163 spernam:
1605 1118 1743 1163 aptum
1779 1116 1886 1154 enim

1009 1170 1230 1218 contrariiS,
1247 1170 1384 1206 inania
1400 1171 1503 1206 velut
1528 1170 1571 1206 in
1593 1170 1760 1206 cinerem
1772 1183 1887 1208 vane-

1007 1229 1130 1262 scunt.
1171 1223 1244 1261 Sed
1263 1227 1396 1260 tamen
1415 1226 1454 1260 et
1469 1224 1625 1260 solitam
1642 1216 1813 1261 commdd
1821 1236 1886 1261 um

1008 1289 1163 1314 sensum
1195 1277 1301 1314 facit.
1358 1278 1417 1314 Ac
1445 1277 1633 1326 suspicari
1660 1277 1766 1324 licet,
1794 1280 1887 1316 soli-

1007 1333 1097 1369 dam
1115 1345 1185 1381 pro
1203 1333 1392 1370 torridam
1410 1344 1473 1381 ap.
1495 1333 1676 1370 Orosium
1697 1332 1788 1368 hinc
1815 1344 1886 1370 na-

1004 1390 1104 1424 tum.
1149 1389 1258 1424 ERN.
1313 1387 1421 1423 Bene
1441 1388 1512 1423 hoc
1529 1387 1576 1422 de
1593 1387 1732 1424 orosio
1751 1391 1886 1425 monet

1004 1441 1099 1478 Ern.
1136 1442 1260 1478 Locus
1277 1442 1406 1478 Taciti
1424 1441 1580 1479 dubius.
1624 1443 1698 1478 Pro
1715 1441 1884 1480 lectione

1008 1495 1097 1532 inde
1113 1507 1138 1532 a
1155 1496 1345 1533 Rhenano
1360 1499 1518 1545 recepta
1534 1496 1643 1542 facit,
1658 1497 1759 1545 quod
1777 1500 1817 1533 et
1840 1498 1884 1534 in

1006 1550 1109 1587 Flor.
1133 1550 1280 1598 legitur
1285 1553 1398 1600 flore.
1429 1561 1500 1587 nec
1525 1562 1586 1587 me
1616 1554 1760 1596 movet,
1780 1552 1883 1599 quod

1004 1604 1097 1652 Bip.
1116 1605 1161 1640 de
1180 1605 1372 1653 particula
1390 1612 1499 1642 tenus
1508 1605 1704 1642 adferunt.
1724 1600 1880 1644 'Verum

1003 1659 1105 1696 idem
1139 1660 1240 1698 Flor.
1284 1659 1405 1697 habet
1437 1660 1571 1697 herbas
1604 1666 1747 1706 tenuar,
1776 1665 1879 1698 teste

1002 1713 1164 1761 Ryckio‚
1201 1718 1248 1751 ut
1289 1715 1379 1762 Ber.
1422 1718 1462 1751 et
1503 1715 1591 1751 Alc.
1644 1715 1743 1751 Rem
1785 1727 1880 1752 con-

1003 1768 1099 1814 ficit,
1131 1781 1218 1805 meo
1262 1769 1472 1816 arbitratu,
1502 1769 1771 1806 testimonium
1807 1769 1880 1806 ali-

1003 1822 1130 1869 orum,
1165 1835 1252 1860 cum
1286 1824 1453 1860 lectione
1487 1825 1584 1872 Agr.
1628 1823 1879 1862 concordans.

1005 1877 1105 1914 Sane
1132 1878 1214 1914 Jos.
1232 1878 1280 1915 B.
1303 1879 1396 1915 Jud.
1418 1883 1459 1925 4,
1486 1883 1550 1917 27.
1576 1878 1710 1915 itidem
1738 1879 1886 1916 refert:

991 1931 1175 1980 fi·uctum
1202 1934 1447 1982 plantarum,
1478 1945 1596 1982 quum
1629 1933 1805 1970 edulibus
1834 1934 1888 1970 sic

1002 1987 1156 2031 similis,
1192 1989 1233 2023 iu
1264 1987 1428 2035 fimnum
1472 1999 1680 2024 vanescere.
1738 1988 1887 2027 Eodem

1003 2042 1159 2089 respicit
1173 2053 1247 2077 vox
1258 2043 1394 2078 inania
1407 2041 1512 2090 apud
1525 2045 1714 2078 nostrum.
1746 2043 1887 2091 Itaque

1003 2105 1090 2131 cum
1108 2095 1199 2142 Bip.
1217 2096 1455 2143 Ryckianam
1474 2095 1679 2132 lectionem
1702 2097 1886 2133 reducere

1003 2161 1080 2185 non
1096 2150 1286 2187 dubitavi.

1057 2204 1250 2241 Judaicas
1277 2203 1472 2254 quondam
1496 2203 1623 2252 urbes]
1668 2204 1778 2242 Libri
1813 2204 1886 2242 ali-

1010 2263 1105 2306 quot
1134 2260 1290 2296 inclitas
1317 2258 1438 2294 urbes.
1467 2268 1539 2294 nec
1569 2259 1684 2295 aliter
1705 2260 1882 2296 Orosius.

1009 2313 1119 2350 Ltrs.
1148 2313 1212 2349 Sic
1240 2313 1384 2349 diserte
1404 2312 1461 2348 ed.
1482 2325 1541 2361 pr.
1573 2312 1657 2350 MS.
1678 2314 1777 2362 Agr.
1810 2315 1886 2351 Fa-

1007 2371 1073 2403 vet
1102 2371 1143 2404 et
1174 2367 1277 2404 Flor.
1309 2366 1364 2416 (et
1381 2366 1498 2416 Bud.)
1533 2367 1680 2405 habens
1708 2370 1884 2405 indicas.-

1008 2432 1084 2469 quo
1102 2425 1230 2458 motus
1255 2422 1424 2459 Pichena
1451 2422 1611 2468 recepit.
1667 2424 1824 2459 Iriditzcs
1844 2426 1886 2458 et
1916 2432 1918 2434 ·

1005 2476 1163 2512 inclitus
1195 2476 1378 2512 confundi
1411 2487 1530 2522 supra
1569 2476 1633 2522 (ad
1655 2474 1708 2512 H.
1737 2482 1777 2519 3,
1798 2474 1880 2526 44.)

1006 2529 1198 2575 vidimus;
1218 2530 1320 2578 quod
1334 2541 1413 2566 non
1426 2529 1539 2578 longe
1557 2529 1606 2565 ab
1626 2530 1697 2566 hac
1716 2530 1882 2568 lectione

1006 2584 1146 2620 differt.
1175 2585 1282 2621 ERN.

1062 2639 1180 2686 Iufici
1214 2637 1372 2687 terram]
1416 2638 1502 2675 MS.
1532 2638 1662 2675 Guelf.
1692 2638 1880 2686 interfici.-

1006 2692 1046 2727 in
1066 2693 1239 2741 margine
1256 2696 1389 2728 autem
1415 2693 1537 2740 infici,
1558 2703 1662 2729 man.
1682 2703 1757 2728 sec.
1814 2694 1884 2729 Ιη-

1006 2747 1172 2794 τεῃῖεενε
1198 2759 1332 2783 messes
1353 2758 1415 2795 ap.
1435 2747 1643 2794 Virgilium
1662 2747 1710 2783 G.
1730 2751 1770 2790 4,
1789 2751 1886 2784 330.

1007 2804 1046 2835 et
1063 2801 1205 2836 similia
1227 2813 1306 2837 non
1323 2802 1475 2848 ignoro,
1495 2801 1597 2837 unde
1618 2802 1695 2836 haec
1714 2800 1883 2849 scriptu-

1008 2866 1053 2890 ra
1086 2855 1237 2891 defendi
1271 2856 1417 2903 possit:
1461 2855 1526 2891 sed
1554 2856 1757 2904 vulgatum
1787 2855 1826 2892 h.
1854 2855 1884 2894 l.
1931 2886 1940 2892 .

1008 2909 1147 2958 melius
1164 2914 1273 2957 puto.
1292 2935 1294 2938 ι
1328 2909 1438 2946 Infici
1456 2914 1601 2946 terram
1632 2910 1738 2946 velut
1751 2936 1756 2939 -
1769 2920 1885 2946 vene-

1010 2975 1059 2999 no
1096 2964 1239 3012 aliquo.
1293 2965 1366 3000 Per
1399 2964 1645 3012 superfusum
1682 2965 1883 3014 spiritum,

1011 3018 1135 3054 intell.
1153 3030 1279 3054 aerem.
1308 3019 1415 3055 ERN.
1444 3019 1544 3054 Bud.
1567 3019 1606 3054 in
1631 3018 1687 3055 'ei-

1031 3079 1034 3081 ‘
1062 3073 1184 3109 Belus
1218 3071 1358 3121 amnis]
1408 3073 1491 3110 MS.
1521 3072 1651 3111 Guelf.
1679 3073 1765 3111 edd.
1791 3076 1884 3110 ante

1009 3126 1135 3163 Rhcn.
1158 3128 1304 3163 Bellus.
1333 3128 1441 3163 ERN.

1061 3181 1248 3218 Conlectoe
1265 3193 1406 3226 arenoe,
1424 3182 1602 3219 admixto
1620 3180 1742 3230 nitro]
1775 3181 1881 3223 Non.

1003 3235 1192 3283 conjectoe.
1267 3235 1526 3272 Farnesianus
1586 3237 1703 3272 etiam
1762 3241 1881 3277 rect-e,

1003 3290 1110 3325 lectoe
1137 3300 1272 3327 arente.
1307 3290 1485 3326 Plinium·
1510 3291 1573 3326 adi
1603 3294 1669 3335 36,
1695 3293 1746 3326 26
1781 3290 1881 3337 (65).

1004 3343 1233 3380 Strabonem
1274 3347 1333 3381 16.
1368 3356 1407 3392 p.
1444 3349 1535 3383 758.
1586 3346 1698 3381 Lu‘s.
1751 3343 1880 3378 Lecta»

1004 3398 1123 3434 etiam
1137 3398 1238 3435 Flor.
1255 3399 1349 3446 Agr.
1370 3399 1428 3434 ed.
1447 3410 1504 3445 pr.
1526 3400 1672 3435 Ceterae
1687 3398 1769 3432 edd.
1789 3402 1882 3431 ante

1004 3451 1112 3500 Lips.
1141 3464 1273 3488 omnes
1292 3452 1481 3500 conjectas.
1522 3453 1618 3489 Item
1639 3462 1769 3487 omnes
1789 3454 1880 3485 ante

1002 3507 1131 3543 Rhen.
1162 3508 1274 3551 vitro,
1307 3506 1407 3553 quod
1435 3505 1501 3541 iile
1534 3507 1701 3542 correxit
1730 3516 1749 3538 e
1785 3504 1880 3541 min.

1003 3561 1031 3597 l.
1049 3572 1082 3599 c.
1115 3562 1223 3599 ERN.
1266 3560 1368 3598 Bud.
1395 3559 1532 3597 vitiose
1550 3560 1809 3597 tecte—vitro.
