2190 3880
447 102 545 153 DE
574 101 882 171 Meamne
913 102 1304 186 &ERMANIAE
1335 108 1474 165 cAP.
1507 114 1580 161 s..

1811 119 1928 176 351.

96 244 177 294 ms
188 242 375 307 'noane'g
390 227 645 293 §unomen
657 228 823 300 gentis
842 227 1085 291 evaluisse
1090 231 1393 301 paullatim,
1409 245 1468 288 ut
1487 254 1669 303 omneS,
1678 237 1911 307 primum

95 315 131 364 ᾳ
144 306 333 365 motai-e
351 298 638 370 opomerum,
651 318 767 361 mox
781 318 814 355 a
831 300 1001 370 seipsis
1018 302 1219 359 invento
1239 306 1458 371 nomine,
1476 307 1738 364 Germani
1755 327 1912 364 voca-

95 366 538 450 remur.'-r³‚}'uisse
580 370 723 439 apud
757 389 836 430 eos
872 380 920 431 et
964 371 1242 433 Her-cubem
1279 389 1602 443 memorant,
1641 381 1952 450 primum-3

90 455 199 508 que
249 454 496 508 omnium
546 441 784 503 virorum
821 441 1063 511 fortium
1114 445 1243 501 ituri
1302 447 1359 501 in
1421 448 1620 517 proelia
1680 463 1905 508 canunt.

87 602 335 643 transfusum
350 602 402 642 ad
417 614 569 643 omnes.
606 604 720 642 Lirs.
751 605 864 645 Tunc
881 604 968 644 MS.

85 655 224 695 Turio.
239 657 326 697 edd.
343 657 499 713 Bonon.
523 662 641 709 1472.
658 670 724 707 ap.
743 659 970 704 Pichenam,

87 708 297 762 Spirensis,
325 712 446 761 Pogg.
503 711 636 749 Ceteri
665 711 751 749 edd.
781 712 858 749 mei
876 717 969 749 ante

88 765 197 802 Pich.
215 762 277 802 bis
293 776 411 803 nunc.
448 764 545 811 Cod.
576 765 708 813 Kapp.
732 764 782 815 (s.
809 766 870 802 ed.
886 765 971 803 No·

87 816 184 868 rib.)
214 819 368 856 inverse
399 829 447 856 ac
475 824 570 855 tunc
592 819 765 866 Tungri,
786 831 890 856 nunc
922 821 969 858 G.

86 875 136 914 ut
153 870 333 924 Acidalio
349 870 544 924 placebat.
600 871 703 909 Sunt
728 872 815 909 edd.
840 873 968 921 Rhag.

86 925 217 964 Rhea.
240 929 357 965 1519.
410 925 503 963 Post
528 936 600 975 pro
618 938 694 962 non
718 927 852 975 gentis
878 928 970 964 Aci-

86 978 216 1029 dalius
243 978 419 1021 malebat
433 981 477 1016 in
495 991 630 1016 nomen
654 981 788 1028 gentis
805 981 971 1018 evalui-s-

84 1045 154 1070 se.-
181 1033 287 1082 quod
311 1044 393 1070 non
412 1033 609 1083 displicet.
663 1033 738 1073 Est
763 1034 867 1073 enim
886 1035 967 1083 haec

85 1083 265 1134 legitima
283 1087 390 1125 verbi
419 1088 624 1124 evalescere
646 1087 901 1134 constructio,
919 1092 967 1126 ut

83 1140 143 1185 H.
167 1146 203 1186 1,
223 1145 291 1181 80.
321 1143 362 1177 et
388 1140 498 1177 alibi.
543 1141 653 1178 ERN.
698 1141 861 1189 Recipio
876 1152 965 1179 cum

83 1192 177 1242 ij.
221 1194 284 1231 Ex
300 1194 472 1232 hocloco
487 1197 613 1242 patet,
631 1194 842 1245 editionem
858 1198 967 1242 vete,-

83 1257 184 1292 rem,
204 1258 284 1296 qua
312 1259 408 1288 usus
436 1249 476 1285 J.
493 1248 542 1286 E.
571 1248 768 1299 Kappius,
786 1259 866 1287 non
883 1259 967 1288 esse

83 1300 332 1348 Romanam3
377 1302 459 1339 haec
496 1301 603 1339 enim
636 1301 757 1340 habet
784 1314 832 1338 ac
865 1314 967 1340 nunc

87 1351 267 1404 Tungeri
282 1353 376 1392 tuac
396 1356 593 1392 Germani.
620 1355 712 1392 Joh.
726 1355 907 1404 Kappius
922 1356 965 1393 in

4 1390 21 1415 ⁹
82 1403 255 1452 editione
273 1403 584 1460 sua'Germaniae‘
599 1420 636 1446 a.
658 1413 776 1448 1788.
806 1413 964 1446 secutus

82 1458 248 1512 alteram
289 1461 501 1504 editionem
537 1462 653 1499 istam
692 1464 870 1512 reposuit
919 1476 966 1500 ac

82 1520 178 1554 tunc
198 1515 368 1571 ungu,
385 1512 488 1558 mne
506 1517 552 1553 G.
581 1517 645 1554 Ita
663 1527 818 1564 quoque
836 1516 964 1554 visum

82 1568 215 1612 fuerat
243 1569 437 1616 Acidalia,
495 1569 707 1619 Longolius
733 1568 777 1607 «rb
801 1583 849 1608 ac
865 1571 965 1608 reci·

79 1617 251 1674 ᾂβρἆὶῌῃ
267 1619 450 1673 putabat.
504 1624 690 1667 Ceterum
703 1623 964 1662 Bononiensis

79 1675 203 1729 editio.
231 1687 268 1715 a.
307 1681 424 1717 1472.
445 1679 506 1714 est
530 1675 681 1727 eadem,
699 1687 786 1725 quae
809 1677 961 1726 Poggii,

132 1780 314 1828 afchterus
342 1782 388 1834 in*
411 1784 493 1821 alia
519 1784 652 1822 'omnia
671 1783 769 1822 abit.
824 1785 969 1830 Servat

78 1837 286 1887 vulgatum
302 1844 380 1885 naqa
403 1838 536 1888 gentis
553 1841 595 1884 et
617 1849 760 1874 nomen
787 1839 960 1876 nationis

80 1888 274 1941 intelligit
288 1892 566 1938 Gmnanorum
576 1907 592 1933 ;
621 1892 768 1941 gentis,
785 1891 962 1930 Theotis-

77 1942 210 1998 corzim
219 1957 238 1998 ς.
249 1940 374 1993 istud,
388 1956 469 1988 non
481 1945 567 1992 hoc,
583 1944 833 1995 praevaluisse
848 1946 961 1995 paul·-

77 1997 190 2036 latim
207 1995 355 2044 censet.

0 2087 14 2097 ,
62 2080 74 2087 ν
131 2052 176 2098 A
190 2053 332 2097 victore
349 2053 393 2090 ob
410 2052 570 2103 metum]
601 2052 689 2090 Vox
705 2053 889 2098 Germani
905 2053 960 2089 ei-

76 2102 166 2147 den'is
194 2099 406 2155 Bambqsrg.
438 2111 544 2143 recte
578 2106 705 2144 abest.
762 2108 853 2155 Istav
873 2107 960 2154 ipsa

75 2155 183 2213 enim
209 2159 364 2198 noviter
390 2160 645 2209 interpretari
674 2171 786 2208 posse
809 2160 957 2207 videor,

77 2215 120 2250 et
153 2217 296 2262 praeter
329 2217 503 2264 mentem
540 2213 731 2260 omnium,
763 2214 837 2250 etsi
877 2225 958 2251 non

74 2261 219 2317 praeter
234 2278 385 2318 verum.
439 2268 591 2313 Censeo
607 2278 697 2304 eum
723 2268 797 2304 hoc
814 2267 957 2306 dicere.

76 2320 257 2367 Factum,
274 2324 321 2358 ut
344 2332 494 2366 omnes,
512 2320 581 2370 qui
606 2321 792 2359 Rhenum
808 2321 958 2359 accole-

74 2374 178 2418 r'ent,
197 2373 346 2411 nomen.
357 2373 410 2411 ab
428 2375 506 2412 ista
534 2373 694 2412 victrice
718 2375 878 2411 natione
897 2375 957 2412 in-

73 2422 271 2477 uenirent,
302 2424 353 2466 ob
383 2432 535 2479 metum
577 2427 726 2464 scilicet
757 2431 956 2466 recentem

75 2477 305 2519 Gallorum:
347 2483 428 2530 qui,
448 2482 602 2531 quoties
633 2482 679 2518 de
709 2485 957 2529 transgressu

74 2531 138 2570 vel
163 2535 336 2574 adventu
354 2535 665 2576 Transrhenanas
684 2535 857 2571 nationis
884 2547 955 2572 au-

75 2587 218 2637 dirent,
232 2588 394 2634 aiebant
408 2587 553 2637 trepidi
566 2588 778 2630 adventare
792 2589 956 2624 Germa-

75 2652 159 2679 nos.
187 2645 232 2680 at
247 2641 315 2678 isti
333 2643 490 2691 proprie
505 2642 708 2687 Germani,
723 2652 868 2678 novum
886 2654 956 2679 no-

74 2690 166 2735 men
182 2696 408 2743 invenirent
423 2692 458 2732 ’a
476 2707 516 2732 se
532 2696 644 2744 ipsis,
663 2694 956 2733 discriminandi

73 2748 261 2794 nimirum
279 2760 430 2796 caussa,
446 2756 487 2787 et
507 2750 680 2786 dicerent
703 2760 744 2784 se
760 2749 955 2797 Tungros.

73 2799 226 2839 Possim
242 2802 440 2852 vulgatam
463 2803 568 2840 tueri
585 2808 626 2839 et
651 2802 859 2850 explicare.
889 2804 955 2840 sed

75 2866 146 2898 cut·
182 2855 338 2905 unger?
387 2856 468 2893 haec
497 2868 607 2893 mera
637 2856 795 2894 veritas.
838 2857 952 2893 Llrs.

74 2908 146 2949 Vir
174 2909 310 2950 doctus
333 2909 453 2959 (dela
476 2907 664 2959 Bleterie)
691 2910 797 2958 apud
814 2910 956 2946 Brote-

75 2961 182 3004 riutn
199 2963 362 3011 corrigit
391 2964 444 3005 ad
463 2971 622 3009 metum,
647 2963 750 3011 quod
777 2967 839 3000 est
862 2964 958 3000 faci·

75 3014 168 3107 Ιὲιιε,
186 3017 253 3056 sed
280 3017 324 3054 ob
353 3029 404 3058 m.
432 3017 535 3057 idem
565 3017 784 3065 significare
816 3022 958 3064 posset.

117 3079 187 3106 ΒΝ.

68 3153 78 3158 ..
129 3123 233 3172 Max
263 3135 344 3165 ase
373 3123 484 3174 ipsis]
518 3123 620 3161 Moa-
649 3135 719 3171 pro
743 3127 878 3171 postea
894 3125 955 3159 est

77 3177 252 3230 etapud
282 3178 386 3216 Flor.
404 3183 446 3223 3,
481 3181 546 3224 10,
566 3183 603 3215 8.
622 3176 692 3215 ubi
717 3177 791 3214 vid.
821 3176 955 3214 Duke-

78 3240 159 3273 rus.

133 3281 175 3320 A
206 3283 343 3333 seipsis
377 3285 530 3323 invento
559 3284 712 3320 nomine
750 3281 950 3333 Germani]

79 3335 119 3372 Si
148 3336 342 3379 mordicus
371 3339 473 3374 hanc
502 3337 664 3382 retines,
693 3338 835 3384 legam,
865 3349 891 3373 α
917 3349 959 3373 re

79 3391 167 3437 ipsa
184 3391 348 3430 invento.
404 3391 591 3429 Germani
609 3392 713 3426 enim
729 3394 858 3438 etymo
875 3391 955 3438 pri-

79 3441 143 3482 sco
175 3441 341 3482 bellaces
370 3444 447 3483 viri
476 3448 583 3483 sunt.
640 3445 775 3492 Gerra,
793 3443 956 3485 bellum.

78 1729 184 1820 wod
203 1733 245 1766 et
261 1730 358 1769 alibi
375 1731 585 1774 monitum.
639 1732 686 1768 In
705 1731 962 1780 sequentibus
982 1748 986 1751 -

1022 605 1209 643 invenere
1224 616 1318 655 engo
1335 606 1375 644 id
1392 618 1552 654 nomen,
1564 607 1617 646 ab
1633 609 1720 658 ipsa
1735 622 1792 658 re,
1812 614 1907 661 quia

1021 659 1136 698 tales.
1195 660 1408 711 vulgatam
1454 663 1646 711 quomodo
1688 667 1869 712 expedies
1884 667 1903 703 Ξ·

1022 716 1095 749 aut
1122 714 1194 765 qui
1219 725 1244 751 a
1273 715 1413 763 seipsis,
1442 726 1585 753 nomen
1615 716 1686 753 hoc
1704 718 1904 766 invenere,
1975 746 1977 748 -

1023 763 1127 814 quod
1141 770 1261 804 antea
1273 769 1315 804 in
1326 769 1502 817 Tungris
1517 768 1532 805 ?
1559 770 1659 807 Sane
1671 771 1908 821 interpretes

1024 820 1089 856 hic
1115 820 1329 868 fluctuant,
1348 823 1672 860 et-fluctuabunt
1702 828 1908 865 aeternum.

1024 874 1138 912 L112s.
1166 875 1294 912 Locus
1319 887 1367 914 ex
1397 875 1490 923 illis,
1517 877 1560 914 in
1585 877 1728 928 quibus
1757 880 1909 927 majore

1025 938 1114 964 cum
1143 928 1287 966 fiducia
1306 930 1484 967 destruas
1502 931 1648 978 aliena,
1679 943 1796 981 quam
1822 945 1907 970 mo·

1024 980 1134 1018 liaris
1151 985 1192 1018 et
1222 986 1352 1020 struas
1383 987 1465 1021 tua.
1523 985 1747 1033 Utrumque
1771 990 1908 1027 autem
1954 1008 1958 1012 -

1022 1035 1176 1072 defendi
1191 1036 1316 1085 possit
1332 1049 1359 1074 a
1385 1038 1542 1082 victore,
1560 1038 1694 1078 malim
1721 1042 1857 1089 tamen*
1880 1053 1907 1079 a

1020 1090 1193 1135 victrice,
1207 1088 1260 1126 ‘ut
1276 1090 1472 1126 referatur
1489 1092 1538 1127 ad
1564 1093 1772 1131 nationem.
1823 1092 1905 1131 De-

1020 1142 1111 1178 inde
1124 1142 1335 1191 utrobique
1351 1143 1520 1185 admitto
1537 1146 1771 1193 scripturam
1783 1147 1906 1184 Bam-

1020 1194 1262 1244 bergensem.
1318 1196 1485 1238 Sensus:
1529 1201 1576 1234 ut
1607 1200 1906 1239 transrhenana

1020 1253 1174 1301 gentes,
1196 1245 1301 1286 in'ter
1319 1250 1470 1295 Gallos,
1489 1256 1529 1294 et
1547 1250 1597 1287 ab
1615 1251 1677 1287 his
1694 1252 1743 1289 ad
1758 1254 1905 1291 Roma-

1021 1313 1091 1338 nos
1126 1304 1358 1352 Graecosque
1385 1305 1632 1352 potissimum
1662 1316 1732 1353 per
1762 1307 1906 1344 Massi·

1020 1355 1161 1393 lienses
1176 1361 1394 1405 propagata
1409 1359 1606 1394 communi
1623 1359 1904 1408 appellatione,

1019 1420 1045 1445 a
1061 1410 1220 1447 victrice
1235 1412 1410 1456 natione,
1428 1415 1538 1448 metu
1563 1412 1750 1458 dictante,
1769 1425 1905 1452 omnes

1022 1464 1206 1502 Germani
1235 1463 1353 1514 (quod
1373 1465 1508 1512 primis
1526 1466 1805 1513 experimentis
1823 1468 1904 1504 vir-

1018 1517 1118 1554 tutis
1148 1518 1469 1566 appellabantur,
1490 1519 1558 1566 qui
1587 1522 1723 1567 postea
1742 1521 1903 1570 Tungri

1019 1570 1094 1607 dici
1111 1571 1301 1621 maluere)
1319 1584 1423 1618 mox,
1437 1575 1646 1620 postquam
1663 1584 1742 1610 non
1755 1578 1902 1621 metus,

1018 1625 1086 1660 sed
1103 1625 1217 1668 ratio,
1237 1626 1379 1672 valuit,
1398 1630 1438 1661 et
1470 1626 1638 1663 interius
1671 1638 1724 1663 eae
1754 1627 1902 1665 Trans-

1017 1677 1203 1723 rhenanae
1220 1682 1358 1727 gentes
1377 1683 1468 1716 sunt
1487 1680 1664 1727 cognitae,
1682 1681 1842 1728 proprio
1859 1684 1903 1719 et

1017 1741 1042 1767 a
1070 1732 1207 1780 seipsis
1236 1733 1397 1770 invento
1424 1733 1598 1778 nomine,
1629 1734 1739 1777 velut
1766 1734 1901 1782 Suevi,

1017 1785 1141 1831 Catti,
1162 1785 1368 1832 Sicambri,
1390 1785 1595 1832 Cherusci,
1614 1787 1796 1837 Usipetes
1822 1793 1897 1828 etc,

1015 1844 1262 1877 vocarentur.
1290 1841 1426 1876 GnoN.
1455 1840 1540 1877 MS.
1569 1840 1724 1877 Arund.
1752 1854 1845 1880 mox·
1861 1849 1900 1880 et

1017 1904 1041 1928 a
1068 1905 1108 1930 se
1134 1894 1163 1929 i.
1186 1894 1213 1930 i.
1249 1894 1356 1931 ERN.
1386 1894 1590 1934 Quaeritur
1617 1894 1704 1930 hic:
1736 1896 1824 1942 quis
1840 1897 1901 1933 vi-

1016 1951 1098 1982 ctor
1135 1947 1187 1983 sit
1217 1946 1526 1996 intelligendus?
1569 1948 1751 1996 Tungros
1779 1948 1900 1996 vulgo

1016 2002 1176 2046 putant,
1209 2012 1378 2048 quorum
1422 2000 1635 2048 pristinum
1670 2013 1814 2038 nomen
1847 2001 1899 2040 ob

1014 2057 1165 2090 metum
1183 2054 1271 2091 aliis
1302 2066 1380 2102 quo
1436 2065 1458 2089 e
1489 2055 1540 2090 sit
1564 2055 1715 2100 datum,
1733 2058 1780 2091 ut
1798 2056 1899 2092 Ger·-

1012 2107 1120 2143 mani
1149 2066 1643 2155 dicerenturQLongOIiO,
1661 2119 1778 2156 quem
1806 2120 1898 2151 cum

1013 2160 1179 2208 Kappio.
1201 2160 1408 2210 Bipontini
1435 2164 1671 2208 sequuntur,
1699 2174 1811 2199 secus
1837 2163 1898 2199 vi-

1013 2213 1141 2251 detur.
1169 2214 1246 2252 His
1264 2216 1388 2252 victor
1405 2217 1464 2250 est
1490 2215 1664 2262 Populus
1680 2215 1897 2255 Romanus.

1012 2267 1096 2314 qui,
1131 2268 1206 2304 etsi
1240 2279 1319 2307 non
1347 2268 1513 2304 domitos
1541 2279 1566 2304 a
1593 2280 1634 2305 se
1663 2269 1896 2316 Germanos,

1012 2321 1138 2362 victos
1188 2325 1338 2366 tamen,
1384 2321 1616 2369 crepabant,
1664 2325 1712 2358 ut
1755 2323 1896 2361 Florus

1012 2373 1135 2411 habet
1158 2380 1286 2420 4,112.
1342 2375 1534 2412 Metuisse
1563 2387 1667 2420 vero,
1690 2377 1784 2412 satis
1803 2389 1897 2415 con-

1011 2430 1104 2465 stat.
1158 2427 1256 2474 Alii,
1296 2429 1495 2473 Muretus,
1530 2429 1753 2473 Cluverius,
1788 2431 1897 2467 Har·

1011 2482 1121 2526 laeus,
1141 2484 1182 2517 et
1200 2493 1328 2530 nuper
1361 2481 1523 2518 Lallem.
1553 2481 1818 2529 conjiciebant
1838 2484 1895 2519 le-

1009 2535 1182 2582 gendum
1212 2547 1238 2571 a
1267 2536 1396 2579 victis,
1421 2535 1526 2582 quod
1554 2535 1702 2571 bonum
1734 2547 1894 2575 sensum

1010 2588 1142 2625 fundit
1157 2599 1170 2634 ;
1199 2599 1350 2633 verum,
1369 2588 1660 2636 refragantibus
1677 2589 1894 2637 codicibus,

1011 2642 1116 2679 haud
1132 2641 1432 2678 admittendum,

1069 2696 1254 2732 Virorum
1272 2696 1458 2743 sortium.
1505 2695 1628 2745 Ituri]
1677 2697 1799 2732 Recte
1834 2696 1894 2734 di-

1010 2748 1142 2787 stinxi.
1200 2749 1291 2785 Non
1305 2749 1410 2785 enim
1435 2759 1484 2784 ea
1511 2759 1637 2794 mens,
1664 2750 1767 2797 quod
1786 2750 1891 2786 Her-

1009 2803 1137 2839 culem
1154 2805 1300 2838 canant
1314 2814 1327 2848 3
1359 2803 1426 2838 sed
1455 2802 1559 2849 quod
1577 2803 1724 2839 alacres
1742 2808 1782 2839 et
1800 2815 1892 2842 cum

1008 2860 1128 2893 cantu
1147 2855 1339 2904 incipiant
1355 2867 1522 2903 pugnas.
1574 2855 1741 2906 Tacitus
1770 2858 1825 2894 H.
1848 2863 1890 2903 2,

1010 2915 1076 2949 22.
1138 2910 1290 2946 Temere
1314 2910 1514 2946 subeuntes
1541 2911 1712 2947 cohortes
1731 2911 1891 2949 Germ-

1009 2975 1161 3007 noram,
1180 2969 1297 3000 cantu
1315 2964 1420 3000 truci
1446 2969 1483 2999 et
1498 2974 1601 2999 more
1611 2964 1747 3012 patrio
1772 2966 1891 3002 nudis

1012 3016 1243 3065 corporibus.
1277 3015 1365 3053 Lib.
1384 3021 1426 3061 4,
1448 3021 1509 3053 18.
1543 3015 1595 3052 Ut
1611 3018 1780 3054 virorum
1797 3030 1905 3055 cam.

1012 3076 1070 3115 tu,
1078 3070 1337 3118 foeminarum
1351 3070 1507 3108 ululatu
1522 3072 1654 3113 sonuit
1672 3073 1785 3108 acies.
1807 3072 1891 3108 No-

1007 3127 1050 3159 to
1076 3127 1225 3167 autem,
1243 3123 1363 3159 etiam
1392 3123 1593 3171 Hispanos
1620 3125 1763 3173 praeliis
1790 3137 1890 3174 prae-

1008 3177 1191 3220 cinuisse,
1211 3188 1258 3213 ex
1270 3177 1365 3216 Silio
1387 3182 1449 3222 10,
1464 3179 1691 3215 aaa—«ritu
1699 3179 1791 3227 jam
1808 3192 1889 3215 nw-

1008 3232 1066 3268 ris
1080 3231 1182 3267 Iberi
1196 3231 1381 3268 Carmina
1389 3232 1551 3279 pulsata
1552 3232 1785 3280 fundentem
1802 3233 1889 3268 bar·

1011 3283 1106 3320 bara
1124 3290 1241 3320 cetra.
1295 3284 1492 3324 Diodorus
1521 3286 1690 3330 Siculus,
1709 3286 1755 3322 de
1773 3285 1889 3322 Lusi·

1010 3338 1116 3374 tanis
1145 3341 1185 3382 5,
1205 3341 1270 3375 34.
1323 3336 1384 3375 Ἐν
1404 3340 1477 3379 τοῖς
1499 3338 1669 3385 maium
1691 3338 1776 3389 πρὸς
1798 3338 1889 3387 ῥυθ-

1007 3389 1073 3438 μὸν
1104 3389 1319 3439 ἰμέωἵνονσι,
1337 3389 1404 3427 καὶ
1431 3393 1589 3433 παιᾶνας
1622 3390 1774 3445 ᾅδουσιν,
1798 3388 1890 3429 ὅταν

1009 3442 1137 3483 ἐπίωσι
1166 3445 1241 3487 «τοῖς
1272 3443 1609 3493 ἀντιτεταγμένοις.
1665 3444 1815 3482 Similia
1845 3444 1890 3484 in
