2190 3880
672 137 848 190 212113.
881 139 922 190 Ι.
967 139 1144 191 -ΟΑΡ.
1175 145 1225 196 ¹7.
1799 148 1859 194 13

74 262 203 318 meri
244 281 274 317 e
302 261 594 318 Germania
619 283 683 318 ac
709 263 992 317 Britannia
1016 275 1071 318 et
1093 264 1330 336 Illyrico,
1355 283 1490 337 quos
1525 265 1667 329 idem
1695 266 1860 335 Nem,
1875 286 1927 326 A.
1946 284 2001 327 U.

73 334 270 389 electos
287 330 695 405 =praemissosque
714 335 787 388 ad
800 336 1031 388 claustra
1050 336 1386 408 Caspiarum,
1408 348 1463 390 et
1478 338 1694 403 bellum,
1715 341 1860 410 quod
1902 343 1995 380 322·

74 405 130 470 in
155 403 394 475 Albanos
423 407 663 477 parabat,
690 408 1056 478 opprimendis
1083 407 1326 470 Vindicis
1351 409 1550 479 coeptis
1576 427 1860 463 revocave-
1873 392 1995 489 ‘⁴595‘

73 487 186 529 rat:
225 476 414 548 ingens
440 478 592 533 novis
619 478 777 530 rebus
815 478 1056 543 materia,
1085 490 1145 531 ut
1177 497 1288 531 non
1325 480 1380 531 in
1417 498 1584 532 unum
1625 479 1858 550 aliquem

73 564 245 617 prono
296 547 498 614 favore,
543 550 621 607 ita
662 548 878 606 audenti
926 562 1129 618 parata.
1205 550 1367 604 Forte
1411 562 1751 622 congruerat,
1797 564 1902 619 ut7

0 679 1 685 ¹
75 616 256 683 Clodi-i
302 617 479 674 Macri
522 632 582 672 et
633 620 844 678 Fonteii
905 620 1189 691 Capitonis
1223 623 1415 685 ,caedes
1466 622 1857 675 nuntiarentur.

0 687 1 690 ’
73 685 346 755 Macrum,
371 690 426 743 in
466 689 654 749 Africa
678 691 822 744 haud
862 691 1025 750 dubie
1067 693 1394 758 turbantem,
1420 692 1719 745 Trebonius
1748 693 1860 746 Ga-

0 763 1 776 *
73 760 340 826 rucianuS,
369 760 708 826 Procurator,
727 761 883 830 jussu
920 762 1149 829 Galbae3
1190 763 1512 834 Capitonem
1538 765 1595 816 in
1634 764 1862 817 Germa-

72 831 182 895 nia,
200 849 325 887 cum
353 832 549 898 similia
572 844 858 903 coeptaret,
882 832 1164 885 Cornelius
1187 834 1433 905 Aquinus
1453 846 1507 888 et
1530 835 1728 887 Fabius
1751 836 1860 888 Va-

71 899 204 966 lens,
233 902 423 974 Legati
463 903 755 974 legionum,
781 905 1179 970 interfecerant,
1205 918 1492 976 antequam
1518 907 1857 976 juberentur.

74 970 245 1025 Fuere
269 974 362 1043 qui
387 974 682 1040 crederent,
710 974 1054 1047 Capitonem,
1082 987 1142 1028 ut
1177 979 1403 1041 avaritia
1427 990 1482 1031 et
1503 977 1727 1037 libidine
1754 978 1860 1031 foe-

74 1043 202 1107 dum
229 1063 293 1099 ac
319 1045 667 1111 maculosum,
697 1045 774 1098 ita
811 1046 1143 1116 cogitatione
1181 1065 1356 1101 rerum
1398 1067 1657 1103 novarum
1693 1050 1862 1102 absti-

74 1114 412 1182 nuisse3'sed
437 1135 470 1168 a
497 1117 733 1189 LegatiS,
764 1117 958 1169 bellum
987 1119 1351 1184 suadentibuS,
1379 1132 1661 1190 postquam
1690 1120 1860 1191 inpel-

70 1184 178 1239 lere
225 1188 578 1257 nequiverint‚
618 1189 819 1241 crimen
865 1206 928 1240 ac
967 1188 1150 1241 dolum
1187 1192 1547 1261 compositum
1589 1191 1765 1247 ultro:
1805 1203 1861 1244 et

75 1256 308 1310 Galbam
350 1259 649 1322 mobilitate
687 1258 910 1329 ingenii,
937 1277 1023 1326 an,
1057 1278 1125 1311 ne
1162 1260 1318 1325 altius
1358 1273 1698 1327 scrutaretur,
1725 1281 1860 1332 quo-

73 1346 181 1396 quo
221 1329 382 1382 modo
427 1341 564 1396 acta,
608 1331 733 1402 quia
771 1330 966 1382 mutari
1005 1349 1113 1382 non
1155 1344 1421 1401 poterant,
1462 1336 1857 1403 comprobasse.

75 1398 327 1452 Ceterum
368 1412 591 1471 utraqu-e
633 1402 807 1460 caedes
855 1402 1066 1459 sinistre
1092 1414 1342 1478 accepta.-
1392 1414 1447 1463 et
1486 1405 1659 1465 inviso
1699 1406 1859 1465 semel

73 1467 344 1546 Principe,
371 1489 462 1538 seu
506 1471 776 1540 bene„'seu
810 1472 949 1533 male
977 1472 1120 1525 facta
1163 1486 1433 1546 premunt.
1502 1475 1629 1538 ‚Iam
1655 1476 1860 1533 adferes

69 1635 230 1679 Tacitus
243 1635 320 1690 bac
347 1650 440 1678 voce
468 1639 611 1678 iterum
628 1650 736 1686 usus,
754 1639 798 1681 in
821 1638 939 1692 Agri-
992 1639 1101 1677 Ltrs.
1127 1636 1280 1690 Nempe
1315 1651 1402 1678 res.-
1442 1649 1526 1688 quoe
1551 1650 1625 1684 vox
1654 1640 1697 1678 in
1729 1638 1859 1686 Guels,

69 1690 154 1727 cola
183 1696 245 1728 18.
303 1694 546 1744 Quamquam
579 1701 775 1732 transacta
810 1702 937 1741 aestas,
995 1691 1130 1744 (Bud.)
1153 1694 1237 1731 edd.
1255 1697 1351 1732 vett.
1373 1698 1414 1731 at
1433 1693 1573 1731 nonin
1590 1693 1650 1731 ed.
1671 1707 1730 1744 pr.
1747 1695 1858 1734 codd.

68 1742 277 1794 sparsi‘per
284 1749 528 1797 provinciam
545 1751 707 1786 numeri.
740 1749 836 1785 Haec
854 1749 939 1797 qui·
992 1741 1095 1785 Flor.
1113 1748 1211 1796 Agr.
1241 1748 1349 1786 ERN.
1584 1800 1587 1801 ⁷

69 1798 156 1835 dem
171 1798 294 1848 proba
323 1805 363 1838 et
378 1805 498 1839 certa.
525 1803 592 1839 sed
616 1802 708 1839 illex
726 1802 801 1839 ista
815 1802 935 1839 libido
1045 1801 1198 1838 Crimen
1216 1815 1262 1840 ac
1276 1802 1405 1839 dolum
1428 1799 1564 1852 comp]
1594 1800 1699 1839 Bud.
1717 1802 1860 1839 crimen

68 1858 342 1900 correctorum,
360 1855 495 1904 ignara
523 1857 719 1905 quiescere
748 1857 865 1893 etiam
894 1856 936 1894 in
989 1855 1042 1892 ad
1056 1856 1186 1892 dolum
1203 1868 1322 1905 comp.

70 1907 200 1944 certis.
254 1908 390 1958 Itaque
419 1909 599 1962 rescribit
637 1911 810 1960 quidam,
834 1911 934 1963 mul-

69 1960 104 2003 ti
136 1961 190 1997 ad
217 1961 287 1999 hoc
333 1964 538 2014 innumeri.
592 1962 647 2014 ,id'
673 1962 762 2017 est,
784 1964 934 2016 inquit,

70 2013 138 2061 qui
181 2014 223 2064 in
252 2026 432 2065 numeros
476 2012 723 2067 legionesque
762 2012 935 2067 nondum

67 2063 194 2113 relati.
257 2063 479 2115 ‘A'cuxhen-l'
508 2067 609 2124 quqd
638 2065 773 2125 ἕρκος
801 2066 936 2120 super-

5 2152 12 2157 .
67 2118 186 2158 fuisse
203 2119 423 2171 illi'juireni,
440 2125 563 2174 magis
588 2136 703 2173 quam
716 2121 932 2175 judicium}

69 2174 144 2213 nisi
170 2177 273 2224 quod
299 2182 392 2215 aetas
417 2182 551 2216 tamen
578 2179 618 2216 id
637 2175 867 2230 correxisset
891 2176 936 2216 'et

67 2228 283 2269 direxisset.
335 2232 393 2270 At
403 2236 560 2270 tantum
576 2233 701 2279 abest,
718 2239 764 2271 ut
781 2230 829 2270 de'
841 2234 938 2270 tiro-

66 2281 186 2321 nibus
202 2287 273 2322 aut
296 2285 503 2324 collectitio
519 2286 644 2324 milite
667 2288 730 2324 hic
746 2287 905 2326 Tacitus
925 2300 934 2323 :

67 2339 113 2374 ut
138 2342 273 2376 contra
288 2343 490 2378 veteranos
519 2341 722 2389 intellegat
739 2346 780 2378 et
795 2341 937 2378 electos

67 2389 141 2429 sub
174 2393 338 2430 vexillis.
409 2395 546 2443 Itaque
586 2396 708 2444 magis
751 2396 934 2433 distincte

67 2445 200 2493 paullo
216 2450 305 2495 post
322 2448 477 2497 Illyrici
503 2451 693 2486 exercitus
709 2451 842 2487 electos
864 2461 934 2486 no·

66 2498 192 2537 minat
224 2506 262 2538 et
293 2502 520 2540 Germanica
553 2503 712 2540 vexilla.
766 2504 934 2550 Omitto,

66 2554 169 2602 quod
184 2554 382 2592 notionem
400 2566 485 2592 eam
509 2556 613 2593 vocis
640 2556 753 2594 nobis
774 2557 934 2606 ingerit,

68 2607 150 2644 sine
184 2608 372 2656 exemplo.
404 2609 516 2647 Lu’s.
550 2610 699 2648 Firmat
729 2611 935 2649 correctio-

66 2671 156 2698 nem
183 2662 306 2710 Lipsii
335 2663 438 2715 Flor.
470 2663 532 2702 ed.
561 2675 621 2712 pr.
667 2666 816 2702 Ceterae
844 2666 932 2704 edd.

65 2717 158 2756 ante
182 2716 308 2753 Rhen.
342 2717 396 2754 ad
414 2717 503 2754 lzoec·
519 2717 726 2758 innumeri.
779 2720 874 2756 Inde
909 2731 935 2756 a

66 2767 256 2823 Rhenano
291 2768 328 2821 (e
360 2768 478 2822 Eud.)
515 2771 568 2813 ad
603 2772 671 2828 Ιιοέ
708 2778 745 2809 et
785 2774 933 2810 imnum.

67 2820 205 2874 Guelfss
241 2823 362 2861 adhoc
394 2826 598 2862 innumeri.
627 2824 629 2826 ’
653 2826 760 2862 ERN.
784 2822 786 2824 ’
819 2824 935 2867 Quod

67 2877 114 2913 de
138 2874 315 2927 Feri-etto
341 2878 530 2930 adfertur,
548 2889 628 2915 non
657 2879 714 2915 ita
739 2890 779 2916 se
802 2879 934 2917 habet.

66 2931 106 2968 Is
123 2943 200 2968 non
217 2927 265 2969 eit
282 2932 454 2980 ingenio,
471 2931 539 2970 sed
551 2943 599 2971 ex
615 2931 703 2970 aliis
718 2928 934 2984 variantem

65 2985 269 3023 lectionem
287 2987 444 3035 promit.
916 2982 923 2995 ἲ

78 3084 83 3087 μ
122 3039 249 3077 Clodii
274 3036 424 3091 Macri]
467 3038 619 3076 Mentio
636 3038 720 3086 ejus
748 3039 790 3076 in
814 3052 934 3092 numo

67 3092 202 3132 Galbae
218 3104 282 3142 ap.
298 3087 480 3147 Patinum
497 3092 547 3130 ad
572 3091 688 3149 Suet:
699 3095 864 3132 Galbam
896 3093 932 3134 c‘.

66 3152 135 3185 ll.

78 3190 303 3251 ‘'lFonteiur
332 3198 485 3253 Capito]
519 3199 664 3238 Consul
694 3202 812 3254 hujus
839 3203 934 3255 anni

67 3266 155 3292 cum
186 3255 232 3292 C.
263 3254 371 3292 Julio
408 3254 524 3292 Rufo.
595 3254 656 3290 Sic
689 3255 859 3292 Ca'ssiod.
893 3262 934 3298 et

65 3309 173 3346 Fasti
217 3309 356 3357 Graeci.
394 3308 489 3346 Mox
531 3307 632 3345 Bud.
676 3306 930 3359 nuntiaretur.

68 3362 202 3401 Paullo
217 3356 311 3399 ante'
328 3361 441 3400 Acid.
458 3361 626 3399 malebat
638 3364 804 3410 parato.'
880 3360 889 3369 “

78 3453 82 3455 a
121 3416 246 3454 Haud
259 3416 370 3454 dubie
391 3414 621 3464 turbantem]
652 3415 793 3454 Vocem
821 3415 932 3464 ejeci,

68 3481 154 3518 quae
177 3469 312 3506 aberat
338 3474 440 3506 recte
473 3469 524 3506 ab
556 3468 701 3516 optimo
732 3469 846 3507 libro.
889 3471 933 3506 'et

68 3523 212 3573 passim
245 3524 302 3561 ita
331 3524 514 3562 turbandi
541 3522 658 3561 verbo
696 3525 759 3562 usi
791 3516 931 3574 'prisci-

1003 1906 1006 1908 ’
1040 1907 1100 1946 Et
1130 1910 1254 1946 inviso
1283 1909 1400 1953 ‚semel
1432 1908 1618 1957 Principe
1643 1906 1735 1966 eta]
1807 1919 1859 1956 go

988 1962 1050 1997 hic
1067 1974 1145 1999 non
1168 1963 1374 2000 haesissem.
1428 1962 1485 2000 At
1511 1962 1622 1998 haesit
1649 1962 1751 2000 Grut
1825 1975 1858 2008 s,

989 2016 1054 2064 qui
1071 2015 1225 2053 volebat
1243 2023 1285 2054 ut
1298 2033 1313 2058 ;
1350 2017 1494 2053 haeserc
1523 2015 1603 2059 alii,
1623 2016 1690 2064 qui
1717 2012 1862 2053 vellent

987 2066 1241 2116 accusativos,
1276 2082 1370 2119 quos
1406 2070 1525 2106 etiam
1557 2070 1692 2107 Scotus
1724 2069 1862 2108 edidit.

988 2124 1135 2161 verum
1164 2136 1243 2162 non
1270 2136 1358 2161 raro
1385 2123 1522 2161 Tacito
1549 2123 1598 2160 ad
1625 2124 1860 2160 sententiam

988 2177 1107 2230 talem
1140 2179 1332 2217 transitus
1373 2177 1419 2214 fit
1452 2190 1521 2226 per
1556 2177 1749 2226 copulam,
1782 2188 1861 2226 quo

989 2229 1104 2278 ruodo
1137 2244 1206 2269 nos
1238 2233 1356 2269 etiam
1384 2232 1426 2268 in
1459 2231 1668 2269 vernacula
1694 2231 1860 2268 utimur.

990 2280 1146 2333 Deinde
1158 2281 1199 2324 in
1211 2287 1329 2335 sucta
1353 2292 1535 2334 premunt
1551 2284 1726 2334 intellige
1743 2286 1858 2322 modo

989 2334 1088 2387 emhf.
1111 2334 1114 2337 ’
1141 2340 1189 2387 In
1220 2336 1325 2389 Flor.
1359 2338 1415 2391 (et
1441 2338 1564 2388 Bud.)
1595 2341 1654 2376 est
1667 2340 1857 2388 principi,

988 2396 1034 2429 ut
1060 2391 1253 2431 referatur
1278 2394 1327 2431 ad
1343 2393 1473 2444 sactu.
1530 2394 1604 2430 Sed
1629 2393 1748 2430 ceteri
1764 2392 1857 2429 libri

987 2458 1119 2484 omnes
1145 2440 1352 2498 ‘v'ulgatqn'i'
1375 2445 1535 2485 habent.
1571 2446 1677 2486 ERN.
1713 2445 1859 2484 Similis

986 2500 1149 2538 ablativi
1175 2496 1413 2539 constructio
1430 2496 1491 2537 A.
1507 2503 1548 2546 4,
1571 2505 1633 2539 19.
1687 2500 1793 2537 Male
1815 2501 1857 2538 in

987 2555 1070 2592 cod.
1101 2555 1198 2603 Agr.
1216 2559 1276 2593 est
1295 2560 1540 2605 premunt-ur,
1557 2554 1660 2603 quod
1687 2553 1859 2603 Ryckius

988 2608 1233 2658 praeferebat.
1404 2604 1409 2609 ’
1502 2605 1506 2610 “
1529 2607 1533 2609 ’
1563 2606 1567 2611 “

1039 2663 1138 2700 Jam
1155 2663 1364 2715 qfferebant
1379 2675 1414 2700 v.
1435 2660 1485 2712 c.]
1519 2661 1608 2699 Hoc
1619 2671 1777 2715 ,quoque
1799 2661 1858 2697 te-

986 2728 1091 2753 mere
1103 2719 1294 2762 tentatur,
1306 2718 1431 2765 primo
1447 2728 1472 2759 a
1485 2715 1654 2759 Pichena
1666 2716 1706 2763 est
1717 2713 1860 2759 *Frein-

988 2770 1151 2815 shemio,
1169 2771 1235 2818 qui
1254 2769 1482 2819 intel-pungi
1499 2768 1638 2806 v'olunt
1653 2763 1741 2818 pos't
1765 2772 1858 2804 cun-

988 2829 1050 2860 cta
1064 2838 1076 2860 .-
1106 2826 1146 2860 et
1162 2824 1218 2862 ita
1234 2825 1467 2861 sententiam
1494 2820 1773 2874 corrumpunt.
1795 2820 1857 2874 De

985 2876 1089 2925 aliis,
1107 2877 1174 2926 qui
1193 2881 1378 2915 nocerent
1397 2875 1546 2923 Galbae,
1563 2876 1728 2921 dixerat.
1781 2875 1859 2911 Ve'-‘

987 2930 1049 2967 nit
1076 2931 1234 2968 tandem
1263 2932 1311 2969 ad
1329 2931 1534 2972 avaritiam
1565 2928 1796 2967 libertorum
1817 2932 1858 2975 et

987 2980 1199 3032 servorum.
1251 2985 1342 3023 Non
1366 2985 1465 3022 bene
1482 2984 1599 3021 etiam
1628 2996 1650 3020 e
1678 2987 1749 3020 suo
1773 2978 1858 3020 co'd.

991 3032 1119 3088 (Agr.)
1139 3038 1308 3090 qukius
1324 3039 1431 3077 dedit
1446 3037 1558 3088 off'ere
1581 3043 1662 3084 ant,
1673 3036 1780 3085 ‘quod
1793 3034 1856 3072 ciii

987 3103 1066 3129 non
1082 3093 1124 3130 in
1140 3090 1308 3148 'mentem
1322 3095 1460 3142 sponte
1477 3094 1565 3129 v'em
1592 3091 1595 3094 ’
1612 3118 1622 3128 .
1666 3089 1858 3139 Loquitur

988 3132 1034 3182 de
1052 3147 1114 3192 iis,
1133 3145 1224 3185 data
1241 3158 1372 3196 opera,
1389 3143 1587 3194 tamquam
1604 3144 1650 3182 de
1668 3142 1857 3181 mercato-

985 3199 1109 3246 ribus,
1127 3197 1194 3249 qui
1207 3203 1350 3249 merces
1364 3200 1516 3237 venales
1532 3196 1726 3236 adferunt.
1746 3196 1856 3236 ERN.

985 3248 1154 3291 Pichena
1179 3253 1356 3298 volu'er'at
1373 3254 1464 3302 jam
1485 3251 1740 3302 afferebantur
1757 3262 1791 3289 v.
1821 3264 1856 3290 c.

986 3306 1163 3347 Freinsh.
1183 3310 1292 3357 Iram
1318 3307 1528 3356 ffrebaut
1559 3319 1594 3343 v.
1624 3310 1656 3343 c.
1712 3305 1854 3342 Acida-

985 3361 1061 3398 lius
1079 3362 1121 3401 τὸ
1138 3361 1346 3409 efferebant
1372 3360 1536 3397 delebat.
1561 3363 1564 3366 ’
1592 3359 1707 3400 Quod
1730 3358 1856 3395 Lalle*

986 3417 1102 3452 mand
1122 3427 1169 3452 ex
1186 3414 1290 3452 Pich.
1309 3419 1349 3451 et
1379 3414 1560 3452 Freinsh.
1580 3403 1706 3450 adfert
1738 3411 1853 3461 ‹fibn-

986 3464 1138 3530 deqtint,
1154 3469 1258 3518 apud
1275 3471 1369 3507 istos
1386 3478 1464 3506 non
1476 3467 1639 3517 reperio.
1758 3467 1762 3473 '
1842 3467 1845 3470 '
