<?xml version="1.0" encoding="UTF-8"?>
<!DOCTYPE html PUBLIC "-//W3C//DTD XHTML 1.0 Transitional//EN"
    "http://www.w3.org/TR/xhtml1/DTD/xhtml1-transitional.dtd">
<html xmlns="http://www.w3.org/1999/xhtml" xml:lang="en" lang="en">
 <head>
  <title>
</title>
<meta http-equiv="Content-Type" content="text/html;charset=utf-8" />
  <meta name='ocr-system' content='tesseract 3.04.00' />
  <meta name='ocr-capabilities' content='ocr_page ocr_carea ocr_par ocr_line ocrx_word'/>
</head>
<body>
  <div class='ocr_page' id='page_1' title='image "./p1operaexrecensi02taciuoft_0253.png"; bbox 0 0 2190 3880; ppageno 0'>
   <div class='ocr_carea' id='block_1_1' title="bbox 707 129 1916 190">
    <p class='ocr_par' dir='ltr' id='par_1_1' title="bbox 707 129 1916 190">
     <span class='ocr_line' id='line_1_1' title="bbox 707 129 1916 190; baseline 0.001 -11"><span class='ocrx_word' id='word_1_1' title='bbox 707 129 867 190; x_wconf 55' lang='lat' dir='ltr'><strong>321ss.</strong></span> <span class='ocrx_word' id='word_1_2' title='bbox 897 130 988 179; x_wconf 89' lang='lat'><strong>111.</strong></span> <span class='ocrx_word' id='word_1_3' title='bbox 1039 130 1204 180; x_wconf 79' lang='lat' dir='ltr'><strong>CAP.</strong></span> <span class='ocrx_word' id='word_1_4' title='bbox 1239 135 1318 180; x_wconf 80' lang='lat'><strong>83.</strong></span> <span class='ocrx_word' id='word_1_5' title='bbox 1821 136 1916 180; x_wconf 78' lang='lat'><strong>231</strong></span> 
     </span>
    </p>
   </div>
   <div class='ocr_carea' id='block_1_2' title="bbox 112 258 2054 406">
    <p class='ocr_par' dir='ltr' id='par_1_2' title="bbox 112 258 2054 406">
     <span class='ocr_line' id='line_1_2' title="bbox 112 258 2054 333; baseline -0.004 -15"><span class='ocrx_word' id='word_1_6' title='bbox 112 263 326 330; x_wconf 50' lang='lat' dir='ltr'><strong>«ctoriae,</strong></span> <span class='ocrx_word' id='word_1_7' title='bbox 364 261 786 333; x_wconf 86' lang='lat' dir='ltr'><strong>suspectabant.-</strong></span> <span class='ocrx_word' id='word_1_8' title='bbox 841 258 1018 312; x_wconf 87' lang='lat' dir='ltr'><strong>Simul</strong></span> <span class='ocrx_word' id='word_1_9' title='bbox 1066 258 1334 329; x_wconf 86' lang='lat' dir='ltr'><strong>fulgentia</strong></span> <span class='ocrx_word' id='word_1_10' title='bbox 1367 275 1461 328; x_wconf 88' lang='lat' dir='ltr'><strong>per</strong></span> <span class='ocrx_word' id='word_1_11' title='bbox 1500 258 1662 312; x_wconf 85' lang='lat' dir='ltr'><strong>colles</strong></span> <span class='ocrx_word' id='word_1_12' title='bbox 1702 259 1917 326; x_wconf 85' lang='lat' dir='ltr'><strong>vexilla,</strong></span> <span class='ocrx_word' id='word_1_13' title='bbox 1934 273 1984 311; x_wconf 90' lang='lat' dir='ltr'><strong>A.</strong></span> <span class='ocrx_word' id='word_1_14' title='bbox 2002 271 2054 311; x_wconf 86' lang='lat' dir='ltr'><strong>U.</strong></span> 
     </span>
     <span class='ocr_line' id='line_1_3' title="bbox 118 328 2037 406; baseline -0.003 -17"><span class='ocrx_word' id='word_1_15' title='bbox 118 352 443 406; x_wconf 85' lang='lat' dir='ltr'><strong>quamquam</strong></span> <span class='ocrx_word' id='word_1_16' title='bbox 471 332 683 386; x_wconf 85' lang='lat' dir='ltr'><strong>inbellis</strong></span> <span class='ocrx_word' id='word_1_17' title='bbox 749 331 942 403; x_wconf 87' lang='lat' dir='ltr'><strong>opulus</strong></span> <span class='ocrx_word' id='word_1_18' title='bbox 970 342 1298 401; x_wconf 80' lang='lat' dir='ltr'><strong>sequeretur,</strong></span> <span class='ocrx_word' id='word_1_19' title='bbox 1317 330 1555 400; x_wconf 65' lang='lat' dir='ltr'><strong>,speciem</strong></span> <span class='ocrx_word' id='word_1_20' title='bbox 1582 332 1793 384; x_wconf 87' lang='lat' dir='ltr'><strong>hostilis</strong></span> <span class='ocrx_word' id='word_1_21' title='bbox 1821 350 1917 385; x_wconf 83' lang='lat' dir='ltr'><strong>ex·</strong></span> <span class='ocrx_word' id='word_1_22' title='bbox 1946 328 2037 366; x_wconf 87' lang='lat'><strong>823.</strong></span> 
     </span>
    </p>
   </div>
   <div class='ocr_carea' id='block_1_3' title="bbox 117 351 2053 481">
    <p class='ocr_par' dir='ltr' id='par_1_3' title="bbox 117 351 2053 481">
     <span class='ocr_line' id='line_1_4' title="bbox 117 351 2053 481; baseline -0.004 -21"><span class='ocrx_word' id='word_1_23' title='bbox 117 408 331 472; x_wconf 51' lang='lat' dir='ltr'><strong>ercitus¹</strong></span> <span class='ocrx_word' id='word_1_24' title='bbox 365 407 625 458; x_wconf 84' lang='lat' dir='ltr'><strong>fecerant.</strong></span> <span class='ocrx_word' id='word_1_25' title='bbox 697 351 995 475; x_wconf 55' lang='lat' dir='ltr'><strong>&#39;fripartito</strong></span> <span class='ocrx_word' id='word_1_26' title='bbox 1045 403 1282 472; x_wconf 84' lang='lat' dir='ltr'>agmine,</span> <span class='ocrx_word' id='word_1_27' title='bbox 1322 419 1463 472; x_wconf 70' lang='lat' dir='ltr'><strong>pare,</strong></span> <span class='ocrx_word' id='word_1_28' title='bbox 1512 415 1570 453; x_wconf 88' lang='lat' dir='ltr'><strong>ut</strong></span> <span class='ocrx_word' id='word_1_29' title='bbox 1616 404 1915 469; x_wconf 88' lang='lat' dir='ltr'><strong>adstiterat,</strong></span> <span class='ocrx_word' id='word_1_30' title='bbox 1933 382 2053 481; x_wconf 37' lang='lat' dir='ltr'><strong>Aias-3.</strong></span> 
     </span>
    </p>
   </div>
   <div class='ocr_carea' id='block_1_4' title="bbox 115 472 2007 1909">
    <p class='ocr_par' dir='ltr' id='par_1_4' title="bbox 115 472 2007 1909">
     <span class='ocr_line' id='line_1_5' title="bbox 118 472 1914 548; baseline -0.002 -17"><span class='ocrx_word' id='word_1_31' title='bbox 118 477 386 532; x_wconf 85' lang='lat' dir='ltr'><strong>Flaminia</strong></span> <span class='ocrx_word' id='word_1_32' title='bbox 430 478 534 541; x_wconf 86' lang='lat' dir='ltr'><strong>via,</strong></span> <span class='ocrx_word' id='word_1_33' title='bbox 577 495 697 548; x_wconf 88' lang='lat' dir='ltr'><strong>pars</strong></span> <span class='ocrx_word' id='word_1_34' title='bbox 729 476 897 547; x_wconf 81' lang='lat' dir='ltr'><strong>juxta</strong></span> <span class='ocrx_word' id='word_1_35' title='bbox 933 476 1105 546; x_wconf 80' lang='lat' dir='ltr'>ripam</span> <span class='ocrx_word' id='word_1_36' title='bbox 1144 472 1356 526; x_wconf 87' lang='lat' dir='ltr'><strong>Tiberis</strong></span> <span class='ocrx_word' id='word_1_37' title='bbox 1404 473 1655 539; x_wconf 82' lang='lat' dir='ltr'><strong>incessit3</strong></span> <span class='ocrx_word' id='word_1_38' title='bbox 1695 476 1914 528; x_wconf 84' lang='lat' dir='ltr'><strong>tertium</strong></span> 
     </span>
     <span class='ocr_line' id='line_1_6' title="bbox 116 546 1915 622; baseline -0.002 -19"><span class='ocrx_word' id='word_1_39' title='bbox 116 567 313 622; x_wconf 83' lang='lat' dir='ltr'>agmen</span> <span class='ocrx_word' id='word_1_40' title='bbox 343 567 438 621; x_wconf 90' lang='lat' dir='ltr'><strong>per</strong></span> <span class='ocrx_word' id='word_1_41' title='bbox 478 549 739 601; x_wconf 88' lang='lat' dir='ltr'><strong>Salariam</strong></span> <span class='ocrx_word' id='word_1_42' title='bbox 788 547 1016 600; x_wconf 80' lang='lat' dir='ltr'><strong>Collinae</strong></span> <span class='ocrx_word' id='word_1_43' title='bbox 1058 557 1229 616; x_wconf 85' lang='lat' dir='ltr'><strong>portae</strong></span> <span class='ocrx_word' id='word_1_44' title='bbox 1259 546 1677 616; x_wconf 82' lang='lat' dir='ltr'>propinquabat.</span> <span class='ocrx_word' id='word_1_45' title='bbox 1754 546 1915 599; x_wconf 83' lang='lat' dir='ltr'>Plebs</span> 
     </span>
     <span class='ocr_line' id='line_1_7' title="bbox 115 617 1917 691; baseline -0.002 -17"><span class='ocrx_word' id='word_1_46' title='bbox 115 621 347 674; x_wconf 86' lang='lat' dir='ltr'><strong>invectis</strong></span> <span class='ocrx_word' id='word_1_47' title='bbox 371 621 645 691; x_wconf 88' lang='lat' dir='ltr'><strong>equitibus</strong></span> <span class='ocrx_word' id='word_1_48' title='bbox 668 619 790 671; x_wconf 87' lang='lat' dir='ltr'><strong>fusa</strong></span> <span class='ocrx_word' id='word_1_49' title='bbox 813 641 824 671; x_wconf 92' lang='lat'>:</span> <span class='ocrx_word' id='word_1_50' title='bbox 863 619 1014 671; x_wconf 88' lang='lat' dir='ltr'><strong>miles</strong></span> <span class='ocrx_word' id='word_1_51' title='bbox 1037 617 1357 671; x_wconf 86' lang='lat' dir='ltr'><strong>Vitellianus</strong></span> <span class='ocrx_word' id='word_1_52' title='bbox 1385 617 1540 668; x_wconf 89' lang='lat' dir='ltr'><strong>trinis</strong></span> <span class='ocrx_word' id='word_1_53' title='bbox 1566 629 1620 669; x_wconf 91' lang='lat' dir='ltr'><strong>et</strong></span> <span class='ocrx_word' id='word_1_54' title='bbox 1639 618 1755 687; x_wconf 88' lang='lat' dir='ltr'><strong>ipse</strong></span> <span class='ocrx_word' id='word_1_55' title='bbox 1781 636 1917 688; x_wconf 86' lang='lat' dir='ltr'><strong>prae-</strong></span> 
     </span>
     <span class='ocr_line' id='line_1_8' title="bbox 119 690 1915 745; baseline -0.002 0"><span class='ocrx_word' id='word_1_56' title='bbox 119 693 271 745; x_wconf 87' lang='lat' dir='ltr'><strong>sidiis</strong></span> <span class='ocrx_word' id='word_1_57' title='bbox 314 693 581 745; x_wconf 88' lang='lat' dir='ltr'><strong>occurrit.-</strong></span> <span class='ocrx_word' id='word_1_58' title='bbox 646 691 854 744; x_wconf 85' lang='lat' dir='ltr'><strong>Proelia</strong></span> <span class='ocrx_word' id='word_1_59' title='bbox 893 703 1018 742; x_wconf 87' lang='lat' dir='ltr'><strong>ante</strong></span> <span class='ocrx_word' id='word_1_60' title='bbox 1062 690 1250 741; x_wconf 87' lang='lat' dir='ltr'><strong>urbem</strong></span> <span class='ocrx_word' id='word_1_61' title='bbox 1292 690 1462 741; x_wconf 87' lang='lat' dir='ltr'><strong>multa</strong></span> <span class='ocrx_word' id='word_1_62' title='bbox 1499 701 1554 740; x_wconf 90' lang='lat' dir='ltr'><strong>et</strong></span> <span class='ocrx_word' id='word_1_63' title='bbox 1600 691 1776 743; x_wconf 84' lang='lat' dir='ltr'><strong>varia:</strong></span> <span class='ocrx_word' id='word_1_64' title='bbox 1823 691 1915 742; x_wconf 89' lang='lat' dir='ltr'><strong>sed</strong></span> 
     </span>
     <span class='ocr_line' id='line_1_9' title="bbox 117 761 1915 833; baseline -0.003 -15"><span class='ocrx_word' id='word_1_65' title='bbox 117 764 409 828; x_wconf 80' lang='lat' dir='ltr'><strong>FlavianiS‚</strong></span> <span class='ocrx_word' id='word_1_66' title='bbox 436 763 663 816; x_wconf 87' lang='lat' dir='ltr'><strong>consilio</strong></span> <span class='ocrx_word' id='word_1_67' title='bbox 707 762 925 815; x_wconf 87' lang='lat' dir='ltr'><strong>Ducum</strong></span> <span class='ocrx_word' id='word_1_68' title='bbox 973 761 1376 832; x_wconf 73' lang='lat' dir='ltr'>praestantibus,</span> <span class='ocrx_word' id='word_1_69' title='bbox 1404 761 1602 830; x_wconf 76' lang='lat' dir='ltr'><strong>saepius</strong></span> <span class='ocrx_word' id='word_1_70' title='bbox 1642 780 1915 833; x_wconf 86' lang='lat' dir='ltr'><strong>prospera.</strong></span> 
     </span>
     <span class='ocr_line' id='line_1_10' title="bbox 117 833 1915 903; baseline -0.002 -14"><span class='ocrx_word' id='word_1_71' title='bbox 117 836 170 889; x_wconf 89' lang='lat' dir='ltr'><strong>Ii</strong></span> <span class='ocrx_word' id='word_1_72' title='bbox 198 848 408 889; x_wconf 88' lang='lat' dir='ltr'><strong>tantum</strong></span> <span class='ocrx_word' id='word_1_73' title='bbox 452 833 754 887; x_wconf 88' lang='lat' dir='ltr'><strong>conflictati</strong></span> <span class='ocrx_word' id='word_1_74' title='bbox 783 844 925 897; x_wconf 90' lang='lat' dir='ltr'><strong>sunt,</strong></span> <span class='ocrx_word' id='word_1_75' title='bbox 953 833 1045 903; x_wconf 89' lang='lat' dir='ltr'><strong>qui</strong></span> <span class='ocrx_word' id='word_1_76' title='bbox 1094 834 1149 884; x_wconf 91' lang='lat' dir='ltr'><strong>in</strong></span> <span class='ocrx_word' id='word_1_77' title='bbox 1193 844 1400 903; x_wconf 86' lang='lat' dir='ltr'><strong>partem</strong></span> <span class='ocrx_word' id='word_1_78' title='bbox 1443 833 1714 886; x_wconf 82' lang='lat' dir='ltr'><strong>sinistram</strong></span> <span class='ocrx_word' id='word_1_79' title='bbox 1748 834 1915 897; x_wconf 83' lang='lat' dir='ltr'><strong>urbiS,</strong></span> 
     </span>
     <span class='ocr_line' id='line_1_11' title="bbox 118 903 1919 976; baseline -0.002 -15"><span class='ocrx_word' id='word_1_80' title='bbox 118 908 186 961; x_wconf 88' lang='lat' dir='ltr'><strong>ad</strong></span> <span class='ocrx_word' id='word_1_81' title='bbox 214 906 566 961; x_wconf 82' lang='lat' dir='ltr'>Sallustianos</span> <span class='ocrx_word' id='word_1_82' title='bbox 593 905 799 970; x_wconf 79' lang='lat' dir='ltr'><strong>hortoS,</strong></span> <span class='ocrx_word' id='word_1_83' title='bbox 826 924 920 976; x_wconf 87' lang='lat' dir='ltr'><strong>per</strong></span> <span class='ocrx_word' id='word_1_84' title='bbox 948 916 1179 975; x_wconf 82' lang='lat' dir='ltr'><strong>angusta</strong></span> <span class='ocrx_word' id='word_1_85' title='bbox 1203 915 1259 955; x_wconf 90' lang='lat' dir='ltr'><strong>et</strong></span> <span class='ocrx_word' id='word_1_86' title='bbox 1284 903 1492 956; x_wconf 89' lang='lat' dir='ltr'><strong>lubrica</strong></span> <span class='ocrx_word' id='word_1_87' title='bbox 1516 906 1717 958; x_wconf 86' lang='lat' dir='ltr'><strong>viarum</strong></span> <span class='ocrx_word' id='word_1_88' title='bbox 1750 906 1919 958; x_wconf 84' lang='lat' dir='ltr'><strong>flexe-</strong></span> 
     </span>
     <span class='ocr_line' id='line_1_12' title="bbox 115 976 1918 1050; baseline -0.001 -19"><span class='ocrx_word' id='word_1_89' title='bbox 115 990 258 1032; x_wconf 83' lang='lat' dir='ltr'><strong>rant.</strong></span> <span class='ocrx_word' id='word_1_90' title='bbox 333 978 714 1050; x_wconf 86' lang='lat' dir='ltr'><strong>Superstantes</strong></span> <span class='ocrx_word' id='word_1_91' title='bbox 741 977 986 1041; x_wconf 79' lang='lat' dir='ltr'><strong>maceriis</strong></span> <span class='ocrx_word' id='word_1_92' title='bbox 1014 976 1292 1028; x_wconf 86' lang='lat' dir='ltr'><strong>hortorum</strong></span> <span class='ocrx_word' id='word_1_93' title='bbox 1322 976 1620 1041; x_wconf 85' lang='lat' dir='ltr'><strong>Vitelliani,</strong></span> <span class='ocrx_word' id='word_1_94' title='bbox 1648 977 1713 1030; x_wconf 88' lang='lat' dir='ltr'><strong>ad</strong></span> <span class='ocrx_word' id='word_1_95' title='bbox 1738 996 1918 1030; x_wconf 88' lang='lat' dir='ltr'><strong>serum</strong></span> 
     </span>
     <span class='ocr_line' id='line_1_13' title="bbox 119 1049 1916 1121; baseline 0 -18"><span class='ocrx_word' id='word_1_96' title='bbox 119 1068 290 1121; x_wconf 86' lang='lat' dir='ltr'><strong>usque</strong></span> <span class='ocrx_word' id='word_1_97' title='bbox 329 1050 493 1115; x_wconf 89' lang='lat' dir='ltr'><strong>diem,</strong></span> <span class='ocrx_word' id='word_1_98' title='bbox 522 1050 666 1102; x_wconf 86' lang='lat' dir='ltr'><strong>saxis</strong></span> <span class='ocrx_word' id='word_1_99' title='bbox 702 1049 934 1120; x_wconf 86' lang='lat' dir='ltr'><strong>pilisque</strong></span> <span class='ocrx_word' id='word_1_100' title='bbox 978 1050 1268 1100; x_wconf 86' lang='lat' dir='ltr'><strong>subeuntes</strong></span> <span class='ocrx_word' id='word_1_101' title='bbox 1307 1049 1591 1103; x_wconf 74' lang='lat' dir='ltr'><strong>arcebant:</strong></span> <span class='ocrx_word' id='word_1_102' title='bbox 1631 1049 1806 1102; x_wconf 85' lang='lat' dir='ltr'><strong>donec</strong></span> <span class='ocrx_word' id='word_1_103' title='bbox 1845 1051 1916 1103; x_wconf 87' lang='lat' dir='ltr'><strong>ab</strong></span> 
     </span>
     <span class='ocr_line' id='line_1_14' title="bbox 119 1119 1918 1192; baseline 0.001 -18"><span class='ocrx_word' id='word_1_104' title='bbox 119 1121 413 1192; x_wconf 84' lang='lat' dir='ltr'><strong>equitibuS‚</strong></span> <span class='ocrx_word' id='word_1_105' title='bbox 440 1122 532 1192; x_wconf 88' lang='lat' dir='ltr'><strong>qui</strong></span> <span class='ocrx_word' id='word_1_106' title='bbox 575 1132 735 1192; x_wconf 89' lang='lat' dir='ltr'><strong>porta</strong></span> <span class='ocrx_word' id='word_1_107' title='bbox 763 1121 976 1173; x_wconf 87' lang='lat' dir='ltr'><strong>Collina</strong></span> <span class='ocrx_word' id='word_1_108' title='bbox 1012 1121 1341 1190; x_wconf 80' lang='lat' dir='ltr'><strong>inruperant,</strong></span> <span class='ocrx_word' id='word_1_109' title='bbox 1378 1119 1918 1175; x_wconf 78' lang='lat' dir='ltr'><strong>circumvenirentur.</strong></span> 
     </span>
     <span class='ocr_line' id='line_1_15' title="bbox 121 1190 1920 1264; baseline -0.002 -15"><span class='ocrx_word' id='word_1_110' title='bbox 121 1193 458 1249; x_wconf 86' lang='lat' dir='ltr'><strong>Concurrere</strong></span> <span class='ocrx_word' id='word_1_111' title='bbox 497 1204 553 1244; x_wconf 93' lang='lat' dir='ltr'><strong>et</strong></span> <span class='ocrx_word' id='word_1_112' title='bbox 592 1195 647 1246; x_wconf 89' lang='lat' dir='ltr'><strong>in</strong></span> <span class='ocrx_word' id='word_1_113' title='bbox 675 1210 870 1264; x_wconf 87' lang='lat' dir='ltr'><strong>campo</strong></span> <span class='ocrx_word' id='word_1_114' title='bbox 915 1190 1122 1243; x_wconf 84' lang='lat' dir='ltr'><strong>Martio</strong></span> <span class='ocrx_word' id='word_1_115' title='bbox 1166 1190 1379 1243; x_wconf 84' lang='lat' dir='ltr'><strong>infestae</strong></span> <span class='ocrx_word' id='word_1_116' title='bbox 1421 1190 1583 1244; x_wconf 87' lang='lat' dir='ltr'><strong>acies.</strong></span> <span class='ocrx_word' id='word_1_117' title='bbox 1660 1191 1767 1243; x_wconf 88' lang='lat' dir='ltr'><strong>Pro</strong></span> <span class='ocrx_word' id='word_1_118' title='bbox 1799 1192 1920 1246; x_wconf 86' lang='lat' dir='ltr'><strong>Fla-</strong></span> 
     </span>
     <span class='ocr_line' id='line_1_16' title="bbox 120 1262 1921 1336; baseline -0.002 -17"><span class='ocrx_word' id='word_1_119' title='bbox 120 1266 294 1319; x_wconf 84' lang='lat' dir='ltr'><strong>vianis</strong></span> <span class='ocrx_word' id='word_1_120' title='bbox 323 1265 563 1319; x_wconf 86' lang='lat' dir='ltr'><strong>Fortuna</strong></span> <span class='ocrx_word' id='word_1_121' title='bbox 589 1276 643 1316; x_wconf 91' lang='lat' dir='ltr'><strong>et</strong></span> <span class='ocrx_word' id='word_1_122' title='bbox 671 1276 825 1336; x_wconf 90' lang='lat' dir='ltr'><strong>parta</strong></span> <span class='ocrx_word' id='word_1_123' title='bbox 848 1264 1046 1315; x_wconf 78' lang='lat' dir='ltr'><strong>totiens</strong></span> <span class='ocrx_word' id='word_1_124' title='bbox 1075 1263 1332 1327; x_wconf 85' lang='lat' dir='ltr'><strong>victoria;</strong></span> <span class='ocrx_word' id='word_1_125' title='bbox 1372 1262 1648 1315; x_wconf 87' lang='lat' dir='ltr'><strong>Vitelliani</strong></span> <span class='ocrx_word' id='word_1_126' title='bbox 1671 1263 1921 1335; x_wconf 85' lang='lat' dir='ltr'><strong>despera-</strong></span> 
     </span>
     <span class='ocr_line' id='line_1_17' title="bbox 120 1334 1919 1405; baseline -0.001 -15"><span class='ocrx_word' id='word_1_127' title='bbox 120 1338 271 1403; x_wconf 80' lang='lat' dir='ltr'><strong>tione</strong></span> <span class='ocrx_word' id='word_1_128' title='bbox 311 1338 428 1390; x_wconf 87' lang='lat' dir='ltr'><strong>sola</strong></span> <span class='ocrx_word' id='word_1_129' title='bbox 462 1338 724 1389; x_wconf 86' lang='lat' dir='ltr'><strong>ruebant:</strong></span> <span class='ocrx_word' id='word_1_130' title='bbox 782 1347 854 1400; x_wconf 89' lang='lat' dir='ltr'><strong>et,</strong></span> <span class='ocrx_word' id='word_1_131' title='bbox 898 1353 1226 1405; x_wconf 85' lang='lat' dir='ltr'><strong>quamquam</strong></span> <span class='ocrx_word' id='word_1_132' title='bbox 1267 1334 1426 1405; x_wconf 90' lang='lat' dir='ltr'><strong>pulsi,</strong></span> <span class='ocrx_word' id='word_1_133' title='bbox 1462 1353 1641 1387; x_wconf 88' lang='lat' dir='ltr'><strong>rursus</strong></span> <span class='ocrx_word' id='word_1_134' title='bbox 1687 1335 1740 1388; x_wconf 92' lang='lat' dir='ltr'><strong>in</strong></span> <span class='ocrx_word' id='word_1_135' title='bbox 1789 1337 1919 1388; x_wconf 88' lang='lat' dir='ltr'><strong>urbe</strong></span> 
     </span>
     <span class='ocr_line' id='line_1_18' title="bbox 120 1406 2007 1482; baseline -0.002 -19"><span class='ocrx_word' id='word_1_136' title='bbox 120 1411 612 1482; x_wconf 81' lang='lat' dir='ltr'><strong>congregabantur.</strong></span> <span class='ocrx_word' id='word_1_137' title='bbox 685 1406 890 1459; x_wconf 85' lang='lat' dir='ltr'><strong>Aderat</strong></span> <span class='ocrx_word' id='word_1_138' title='bbox 939 1407 1307 1477; x_wconf 85' lang='lat' dir='ltr'><strong>pugnantibus</strong></span> <span class='ocrx_word' id='word_1_139' title='bbox 1349 1417 1622 1476; x_wconf 87' lang='lat' dir='ltr'><strong>spectator</strong></span> <span class='ocrx_word' id='word_1_140' title='bbox 1670 1408 2007 1478; x_wconf 80' lang='lat' dir='ltr'><strong>populuS,83</strong></span> 
     </span>
     <span class='ocr_line' id='line_1_19' title="bbox 121 1478 1922 1553; baseline -0.002 -18"><span class='ocrx_word' id='word_1_141' title='bbox 121 1492 290 1553; x_wconf 87' lang='lat' dir='ltr'><strong>utque</strong></span> <span class='ocrx_word' id='word_1_142' title='bbox 329 1481 386 1534; x_wconf 91' lang='lat' dir='ltr'><strong>in</strong></span> <span class='ocrx_word' id='word_1_143' title='bbox 437 1479 643 1532; x_wconf 88' lang='lat' dir='ltr'><strong>ludicro</strong></span> <span class='ocrx_word' id='word_1_144' title='bbox 683 1479 996 1542; x_wconf 86' lang='lat' dir='ltr'><strong>certamine,</strong></span> <span class='ocrx_word' id='word_1_145' title='bbox 1044 1479 1162 1542; x_wconf 91' lang='lat' dir='ltr'><strong>hos,</strong></span> <span class='ocrx_word' id='word_1_146' title='bbox 1212 1495 1391 1529; x_wconf 86' lang='lat' dir='ltr'><strong>rursus</strong></span> <span class='ocrx_word' id='word_1_147' title='bbox 1433 1478 1550 1530; x_wconf 89' lang='lat' dir='ltr'><strong>illos</strong></span> <span class='ocrx_word' id='word_1_148' title='bbox 1591 1479 1826 1532; x_wconf 83' lang='lat' dir='ltr'><strong>clamore</strong></span> <span class='ocrx_word' id='word_1_149' title='bbox 1867 1492 1922 1532; x_wconf 89' lang='lat' dir='ltr'><strong>et</strong></span> 
     </span>
     <span class='ocr_line' id='line_1_20' title="bbox 119 1549 1922 1625; baseline -0.002 -19"><span class='ocrx_word' id='word_1_150' title='bbox 119 1552 309 1625; x_wconf 80' lang='lat' dir='ltr'><strong>plausu</strong></span> <span class='ocrx_word' id='word_1_151' title='bbox 337 1551 592 1606; x_wconf 83' lang='lat' dir='ltr'><strong>fovebat:</strong></span> <span class='ocrx_word' id='word_1_152' title='bbox 632 1551 884 1622; x_wconf 87' lang='lat' dir='ltr'><strong>quotiens</strong></span> <span class='ocrx_word' id='word_1_153' title='bbox 912 1568 1033 1621; x_wconf 83' lang='lat' dir='ltr'><strong>pars</strong></span> <span class='ocrx_word' id='word_1_154' title='bbox 1061 1550 1225 1602; x_wconf 87' lang='lat' dir='ltr'><strong>altera</strong></span> <span class='ocrx_word' id='word_1_155' title='bbox 1268 1549 1595 1615; x_wconf 77' lang='lat' dir='ltr'><strong>inclinasset,</strong></span> <span class='ocrx_word' id='word_1_156' title='bbox 1613 1551 1837 1605; x_wconf 38' lang='lat' dir='ltr'><strong>*abditos</strong></span> <span class='ocrx_word' id='word_1_157' title='bbox 1867 1553 1922 1604; x_wconf 91' lang='lat' dir='ltr'><strong>in</strong></span> 
     </span>
     <span class='ocr_line' id='line_1_21' title="bbox 121 1620 1926 1694; baseline -0.001 -17"><span class='ocrx_word' id='word_1_158' title='bbox 121 1624 378 1689; x_wconf 81' lang='lat' dir='ltr'><strong>taberniS,</strong></span> <span class='ocrx_word' id='word_1_159' title='bbox 403 1635 515 1687; x_wconf 87' lang='lat' dir='ltr'><strong>aut,</strong></span> <span class='ocrx_word' id='word_1_160' title='bbox 543 1623 586 1675; x_wconf 91' lang='lat' dir='ltr'><strong>si</strong></span> <span class='ocrx_word' id='word_1_161' title='bbox 614 1641 776 1693; x_wconf 88' lang='lat' dir='ltr'><strong>quam</strong></span> <span class='ocrx_word' id='word_1_162' title='bbox 803 1623 859 1674; x_wconf 90' lang='lat' dir='ltr'><strong>in</strong></span> <span class='ocrx_word' id='word_1_163' title='bbox 887 1623 1106 1674; x_wconf 87' lang='lat' dir='ltr'><strong>domum</strong></span> <span class='ocrx_word' id='word_1_164' title='bbox 1137 1620 1505 1692; x_wconf 83' lang='lat' dir='ltr'><strong>perfugerant,</strong></span> <span class='ocrx_word' id='word_1_165' title='bbox 1533 1623 1643 1674; x_wconf 80' lang='lat' dir='ltr'><strong>erui</strong></span> <span class='ocrx_word' id='word_1_166' title='bbox 1649 1623 1926 1694; x_wconf 76' lang='lat' dir='ltr'><strong>jugulari-</strong></span> 
     </span>
     <span class='ocr_line' id='line_1_22' title="bbox 121 1693 1924 1769; baseline -0.002 -19"><span class='ocrx_word' id='word_1_167' title='bbox 121 1714 217 1769; x_wconf 80' lang='lat' dir='ltr'><strong>que</strong></span> <span class='ocrx_word' id='word_1_168' title='bbox 243 1695 670 1767; x_wconf 80' lang='lat' dir='ltr'><strong>expostulanteS,</strong></span> <span class='ocrx_word' id='word_1_169' title='bbox 697 1708 849 1765; x_wconf 87' lang='lat' dir='ltr'><strong>parte</strong></span> <span class='ocrx_word' id='word_1_170' title='bbox 886 1694 1092 1764; x_wconf 87' lang='lat' dir='ltr'><strong>majore</strong></span> <span class='ocrx_word' id='word_1_171' title='bbox 1129 1693 1328 1764; x_wconf 82' lang='lat' dir='ltr'><strong>praedae</strong></span> <span class='ocrx_word' id='word_1_172' title='bbox 1357 1694 1724 1764; x_wconf 87' lang='lat' dir='ltr'><strong>potiebantur.</strong></span> <span class='ocrx_word' id='word_1_173' title='bbox 1778 1714 1924 1760; x_wconf 88' lang='lat' dir='ltr'><strong>nam,</strong></span> 
     </span>
     <span class='ocr_line' id='line_1_23' title="bbox 120 1766 1925 1839; baseline -0.002 -18"><span class='ocrx_word' id='word_1_174' title='bbox 120 1766 296 1822; x_wconf 84' lang='lat' dir='ltr'><strong>milite</strong></span> <span class='ocrx_word' id='word_1_175' title='bbox 318 1768 384 1821; x_wconf 90' lang='lat' dir='ltr'><strong>ad</strong></span> <span class='ocrx_word' id='word_1_176' title='bbox 424 1768 741 1839; x_wconf 84' lang='lat' dir='ltr'><strong>sanguinem</strong></span> <span class='ocrx_word' id='word_1_177' title='bbox 773 1779 828 1818; x_wconf 89' lang='lat' dir='ltr'><strong>et</strong></span> <span class='ocrx_word' id='word_1_178' title='bbox 855 1766 1030 1819; x_wconf 87' lang='lat' dir='ltr'><strong>caedes</strong></span> <span class='ocrx_word' id='word_1_179' title='bbox 1057 1766 1304 1829; x_wconf 89' lang='lat' dir='ltr'><strong>obvers0‚</strong></span> <span class='ocrx_word' id='word_1_180' title='bbox 1333 1766 1506 1836; x_wconf 86' lang='lat' dir='ltr'><strong>spolia</strong></span> <span class='ocrx_word' id='word_1_181' title='bbox 1532 1767 1585 1818; x_wconf 90' lang='lat' dir='ltr'><strong>in</strong></span> <span class='ocrx_word' id='word_1_182' title='bbox 1616 1766 1808 1838; x_wconf 83' lang='lat' dir='ltr'><strong>vulgus</strong></span> <span class='ocrx_word' id='word_1_183' title='bbox 1837 1786 1925 1820; x_wconf 86' lang='lat' dir='ltr'><strong>ce-</strong></span> 
     </span>
     <span class='ocr_line' id='line_1_24' title="bbox 121 1836 1929 1909; baseline -0.001 -17"><span class='ocrx_word' id='word_1_184' title='bbox 121 1841 343 1892; x_wconf 86' lang='lat' dir='ltr'><strong>debant.</strong></span> <span class='ocrx_word' id='word_1_185' title='bbox 417 1838 576 1892; x_wconf 85' lang='lat' dir='ltr'><strong>Saeva</strong></span> <span class='ocrx_word' id='word_1_186' title='bbox 617 1857 681 1891; x_wconf 89' lang='lat' dir='ltr'><strong>ac</strong></span> <span class='ocrx_word' id='word_1_187' title='bbox 717 1837 974 1890; x_wconf 86' lang='lat' dir='ltr'><strong>deformis</strong></span> <span class='ocrx_word' id='word_1_188' title='bbox 1003 1838 1134 1890; x_wconf 91' lang='lat' dir='ltr'><strong>urbe</strong></span> <span class='ocrx_word' id='word_1_189' title='bbox 1176 1848 1292 1888; x_wconf 88' lang='lat' dir='ltr'><strong>tota</strong></span> <span class='ocrx_word' id='word_1_190' title='bbox 1338 1836 1523 1889; x_wconf 79' lang='lat' dir='ltr'><strong>facies.</strong></span> <span class='ocrx_word' id='word_1_191' title='bbox 1571 1837 1699 1890; x_wconf 85' lang='lat' dir='ltr'><strong>alibi</strong></span> <span class='ocrx_word' id='word_1_192' title='bbox 1729 1838 1929 1909; x_wconf 84' lang='lat' dir='ltr'><strong>proelia</strong></span> 
     </span>
    </p>
   </div>
   <div class='ocr_carea' id='block_1_5' title="bbox 122 1908 1928 1985">
    <p class='ocr_par' dir='ltr' id='par_1_5' title="bbox 122 1908 1928 1985">
     <span class='ocr_line' id='line_1_25' title="bbox 122 1908 1928 1985; baseline -0.001 -21"><span class='ocrx_word' id='word_1_193' title='bbox 122 1922 179 1964; x_wconf 89' lang='lat' dir='ltr'><strong>et</strong></span> <span class='ocrx_word' id='word_1_194' title='bbox 201 1911 452 1980; x_wconf 84' lang='lat' dir='ltr'><strong>vulnera3</strong></span> <span class='ocrx_word' id='word_1_195' title='bbox 492 1910 620 1964; x_wconf 88' lang='lat' dir='ltr'><strong>alibi</strong></span> <span class='ocrx_word' id='word_1_196' title='bbox 647 1910 874 1965; x_wconf 75' lang='lat' dir='ltr'><strong>balineae</strong></span> <span class='ocrx_word' id='word_1_197' title='bbox 905 1910 1261 1985; x_wconf 86' lang='lat' dir='ltr'><strong>popinaeque:</strong></span> <span class='ocrx_word' id='word_1_198' title='bbox 1308 1908 1467 1961; x_wconf 84' lang='lat' dir='ltr'><strong>simul</strong></span> <span class='ocrx_word' id='word_1_199' title='bbox 1493 1928 1652 1962; x_wconf 88' lang='lat' dir='ltr'><strong>cruor</strong></span> <span class='ocrx_word' id='word_1_200' title='bbox 1678 1921 1734 1961; x_wconf 90' lang='lat' dir='ltr'><strong>et</strong></span> <span class='ocrx_word' id='word_1_201' title='bbox 1756 1922 1928 1964; x_wconf 83' lang='lat' dir='ltr'><strong>strues</strong></span> 
     </span>
    </p>
   </div>
   <div class='ocr_carea' id='block_1_6' title="bbox 121 2108 1010 3562">
    <p class='ocr_par' dir='ltr' id='par_1_6' title="bbox 121 2108 1004 2704">
     <span class='ocr_line' id='line_1_26' title="bbox 122 2108 997 2161; baseline -0.001 -12"><span class='ocrx_word' id='word_1_202' title='bbox 122 2113 196 2150; x_wconf 87' lang='lat' dir='ltr'><strong>hoc</strong></span> <span class='ocrx_word' id='word_1_203' title='bbox 235 2109 399 2149; x_wconf 83' lang='lat' dir='ltr'><strong>verbum</strong></span> <span class='ocrx_word' id='word_1_204' title='bbox 434 2111 590 2161; x_wconf 82' lang='lat' dir='ltr'><strong>elegans</strong></span> <span class='ocrx_word' id='word_1_205' title='bbox 624 2114 664 2148; x_wconf 87' lang='lat' dir='ltr'><strong>et</strong></span> <span class='ocrx_word' id='word_1_206' title='bbox 697 2108 997 2149; x_wconf 81' lang='lat' dir='ltr'><strong>usitatissimum</strong></span> 
     </span>
     <span class='ocr_line' id='line_1_27' title="bbox 123 2165 1000 2216; baseline -0.002 -12"><span class='ocrx_word' id='word_1_207' title='bbox 123 2166 325 2204; x_wconf 84' lang='lat' dir='ltr'><strong>Ciceroni:</strong></span> <span class='ocrx_word' id='word_1_208' title='bbox 344 2178 432 2204; x_wconf 89' lang='lat' dir='ltr'><strong>cum</strong></span> <span class='ocrx_word' id='word_1_209' title='bbox 439 2166 729 2216; x_wconf 77' lang='lat' dir='ltr'><strong>prolatatiouis,</strong></span> <span class='ocrx_word' id='word_1_210' title='bbox 741 2166 844 2215; x_wconf 86' lang='lat' dir='ltr'><strong>quod</strong></span> <span class='ocrx_word' id='word_1_211' title='bbox 857 2165 898 2202; x_wconf 90' lang='lat' dir='ltr'><strong>in</strong></span> <span class='ocrx_word' id='word_1_212' title='bbox 917 2177 1000 2202; x_wconf 83' lang='lat' dir='ltr'><strong>om-</strong></span> 
     </span>
     <span class='ocr_line' id='line_1_28' title="bbox 123 2217 998 2271; baseline -0.001 -14"><span class='ocrx_word' id='word_1_213' title='bbox 123 2219 242 2257; x_wconf 88' lang='lat' dir='ltr'><strong>nibus</strong></span> <span class='ocrx_word' id='word_1_214' title='bbox 258 2221 396 2257; x_wconf 85' lang='lat' dir='ltr'><strong>ceteris</strong></span> <span class='ocrx_word' id='word_1_215' title='bbox 409 2221 494 2258; x_wconf 88' lang='lat' dir='ltr'><strong>edd.</strong></span> <span class='ocrx_word' id='word_1_216' title='bbox 513 2219 648 2271; x_wconf 83' lang='lat' dir='ltr'><strong>(etiam</strong></span> <span class='ocrx_word' id='word_1_217' title='bbox 664 2217 809 2270; x_wconf 84' lang='lat' dir='ltr'><strong>Rhen.)</strong></span> <span class='ocrx_word' id='word_1_218' title='bbox 830 2224 890 2257; x_wconf 90' lang='lat' dir='ltr'><strong>est</strong></span> <span class='ocrx_word' id='word_1_219' title='bbox 905 2224 998 2257; x_wconf 90' lang='lat' dir='ltr'><strong>ante</strong></span> 
     </span>
     <span class='ocr_line' id='line_1_29' title="bbox 121 2274 999 2323; baseline -0.002 -11"><span class='ocrx_word' id='word_1_220' title='bbox 121 2276 162 2312; x_wconf 76' lang='lat' dir='ltr'><strong>J.</strong></span> <span class='ocrx_word' id='word_1_221' title='bbox 181 2275 304 2312; x_wconf 88' lang='lat' dir='ltr'><strong>Gron.</strong></span> <span class='ocrx_word' id='word_1_222' title='bbox 321 2285 345 2311; x_wconf 89' lang='lat' dir='ltr'><strong>e</strong></span> <span class='ocrx_word' id='word_1_223' title='bbox 372 2275 483 2312; x_wconf 88' lang='lat' dir='ltr'><strong>nullo</strong></span> <span class='ocrx_word' id='word_1_224' title='bbox 512 2274 591 2311; x_wconf 87' lang='lat' dir='ltr'><strong>alio</strong></span> <span class='ocrx_word' id='word_1_225' title='bbox 618 2274 807 2323; x_wconf 87' lang='lat' dir='ltr'><strong>scriptore</strong></span> <span class='ocrx_word' id='word_1_226' title='bbox 835 2274 999 2323; x_wconf 83' lang='lat' dir='ltr'><strong>antiquo</strong></span> 
     </span>
     <span class='ocr_line' id='line_1_30' title="bbox 123 2328 997 2379; baseline -0.001 -13"><span class='ocrx_word' id='word_1_227' title='bbox 123 2328 342 2377; x_wconf 85' lang='lat' dir='ltr'><strong>exemplum</strong></span> <span class='ocrx_word' id='word_1_228' title='bbox 359 2328 595 2379; x_wconf 87' lang='lat' dir='ltr'><strong>proferatur.</strong></span> <span class='ocrx_word' id='word_1_229' title='bbox 622 2328 725 2366; x_wconf 86' lang='lat' dir='ltr'><strong>Nam</strong></span> <span class='ocrx_word' id='word_1_230' title='bbox 743 2328 860 2376; x_wconf 88' lang='lat' dir='ltr'><strong>hujus</strong></span> <span class='ocrx_word' id='word_1_231' title='bbox 879 2329 997 2366; x_wconf 86' lang='lat' dir='ltr'><strong>unius</strong></span> 
     </span>
     <span class='ocr_line' id='line_1_31' title="bbox 121 2382 998 2429; baseline -0.001 -8"><span class='ocrx_word' id='word_1_232' title='bbox 121 2383 198 2421; x_wconf 80' lang='lat' dir='ltr'><strong>loci</strong></span> <span class='ocrx_word' id='word_1_233' title='bbox 211 2383 286 2421; x_wconf 87' lang='lat' dir='ltr'><strong>fide</strong></span> <span class='ocrx_word' id='word_1_234' title='bbox 299 2383 442 2420; x_wconf 88' lang='lat' dir='ltr'><strong>nititur</strong></span> <span class='ocrx_word' id='word_1_235' title='bbox 453 2395 500 2420; x_wconf 81' lang='lat' dir='ltr'><strong>ea</strong></span> <span class='ocrx_word' id='word_1_236' title='bbox 511 2395 585 2420; x_wconf 84' lang='lat' dir='ltr'><strong>vox</strong></span> <span class='ocrx_word' id='word_1_237' title='bbox 598 2383 640 2420; x_wconf 88' lang='lat' dir='ltr'><strong>iu</strong></span> <span class='ocrx_word' id='word_1_238' title='bbox 653 2383 788 2421; x_wconf 81' lang='lat' dir='ltr'><strong>lexicis</strong></span> <span class='ocrx_word' id='word_1_239' title='bbox 801 2382 998 2429; x_wconf 86' lang='lat' dir='ltr'><strong>omnibus,</strong></span> 
     </span>
     <span class='ocr_line' id='line_1_32' title="bbox 122 2437 999 2487; baseline 0.001 -13"><span class='ocrx_word' id='word_1_240' title='bbox 122 2437 242 2474; x_wconf 87' lang='lat' dir='ltr'><strong>etiam</strong></span> <span class='ocrx_word' id='word_1_241' title='bbox 295 2449 446 2487; x_wconf 85' lang='lat' dir='ltr'><strong>nupero</strong></span> <span class='ocrx_word' id='word_1_242' title='bbox 488 2437 695 2476; x_wconf 85' lang='lat' dir='ltr'><strong>Thesauro</strong></span> <span class='ocrx_word' id='word_1_243' title='bbox 742 2439 999 2476; x_wconf 84' lang='lat' dir='ltr'><strong>Gesneriano.</strong></span> 
     </span>
     <span class='ocr_line' id='line_1_33' title="bbox 124 2490 996 2542; baseline -0.003 -12"><span class='ocrx_word' id='word_1_244' title='bbox 124 2491 263 2530; x_wconf 77' lang='lat' dir='ltr'><strong>Paullo</strong></span> <span class='ocrx_word' id='word_1_245' title='bbox 295 2496 384 2541; x_wconf 87' lang='lat' dir='ltr'><strong>post</strong></span> <span class='ocrx_word' id='word_1_246' title='bbox 411 2492 513 2530; x_wconf 88' lang='lat' dir='ltr'><strong>edidi</strong></span> <span class='ocrx_word' id='word_1_247' title='bbox 535 2493 646 2542; x_wconf 75' lang='lat' dir='ltr'><strong>plebs</strong></span> <span class='ocrx_word' id='word_1_248' title='bbox 672 2503 694 2528; x_wconf 88' lang='lat' dir='ltr'><strong>e</strong></span> <span class='ocrx_word' id='word_1_249' title='bbox 725 2492 829 2530; x_wconf 85' lang='lat' dir='ltr'><strong>Flor.</strong></span> <span class='ocrx_word' id='word_1_250' title='bbox 862 2490 996 2542; x_wconf 91' lang='lat' dir='ltr'><strong>(Bud.)</strong></span> 
     </span>
     <span class='ocr_line' id='line_1_34' title="bbox 124 2545 1004 2594; baseline 0 -12"><span class='ocrx_word' id='word_1_251' title='bbox 124 2545 224 2594; x_wconf 83' lang='lat' dir='ltr'><strong>Agr.</strong></span> <span class='ocrx_word' id='word_1_252' title='bbox 261 2545 393 2584; x_wconf 82' lang='lat' dir='ltr'><strong>Guelf.</strong></span> <span class='ocrx_word' id='word_1_253' title='bbox 433 2547 519 2584; x_wconf 86' lang='lat' dir='ltr'><strong>edd.</strong></span> <span class='ocrx_word' id='word_1_254' title='bbox 549 2551 646 2584; x_wconf 86' lang='lat' dir='ltr'><strong>vett.</strong></span> <span class='ocrx_word' id='word_1_255' title='bbox 675 2547 846 2583; x_wconf 86' lang='lat' dir='ltr'><strong>Picbena</strong></span> <span class='ocrx_word' id='word_1_256' title='bbox 882 2546 1004 2583; x_wconf 87' lang='lat' dir='ltr'><strong>edidit</strong></span> 
     </span>
     <span class='ocr_line' id='line_1_35' title="bbox 121 2599 1003 2650; baseline 0 -14"><span class='ocrx_word' id='word_1_257' title='bbox 121 2599 262 2649; x_wconf 72' lang='lat' dir='ltr'><strong>plebes.</strong></span> <span class='ocrx_word' id='word_1_258' title='bbox 294 2599 398 2638; x_wconf 85' lang='lat' dir='ltr'><strong>Illud</strong></span> <span class='ocrx_word' id='word_1_259' title='bbox 426 2601 604 2638; x_wconf 75' lang='lat' dir='ltr'><strong>restituit</strong></span> <span class='ocrx_word' id='word_1_260' title='bbox 620 2601 790 2648; x_wconf 83' lang='lat' dir='ltr'><strong>Ryckius</strong></span> <span class='ocrx_word' id='word_1_261' title='bbox 816 2607 1003 2650; x_wconf 89' lang='lat' dir='ltr'><strong>sequente</strong></span> 
     </span>
     <span class='ocr_line' id='line_1_36' title="bbox 128 2653 681 2704; baseline 0.002 -14"><span class='ocrx_word' id='word_1_262' title='bbox 128 2653 349 2704; x_wconf 84' lang='lat' dir='ltr'><strong>exemplum</strong></span> <span class='ocrx_word' id='word_1_263' title='bbox 365 2654 403 2692; x_wconf 74' lang='lat' dir='ltr'><strong>J.</strong></span> <span class='ocrx_word' id='word_1_264' title='bbox 423 2655 544 2692; x_wconf 91' lang='lat' dir='ltr'><strong>Gron.</strong></span> <span class='ocrx_word' id='word_1_265' title='bbox 572 2655 681 2693; x_wconf 73' lang='lat' dir='ltr'><strong>ERN.</strong></span> 
     </span>
    </p>

    <p class='ocr_par' dir='ltr' id='par_1_7' title="bbox 187 2707 910 2759">
     <span class='ocr_line' id='line_1_37' title="bbox 187 2707 910 2759; baseline 0.001 -14"><span class='ocrx_word' id='word_1_266' title='bbox 187 2707 241 2744; x_wconf 84' lang='lat' dir='ltr'><strong>Ut</strong></span> <span class='ocrx_word' id='word_1_267' title='bbox 258 2708 479 2759; x_wconf 67' lang='lat' dir='ltr'><strong>adstiterat]</strong></span> <span class='ocrx_word' id='word_1_268' title='bbox 510 2710 613 2747; x_wconf 87' lang='lat' dir='ltr'><strong>Bud.</strong></span> <span class='ocrx_word' id='word_1_269' title='bbox 632 2715 677 2746; x_wconf 83' lang='lat' dir='ltr'><strong>ut</strong></span> <span class='ocrx_word' id='word_1_270' title='bbox 696 2709 910 2746; x_wconf 75' lang='lat' dir='ltr'><strong>adsisteret.</strong></span> 
     </span>
    </p>

    <p class='ocr_par' dir='ltr' id='par_1_8' title="bbox 129 2761 1007 2973">
     <span class='ocr_line' id='line_1_38' title="bbox 186 2761 1004 2813; baseline 0.002 -15"><span class='ocrx_word' id='word_1_271' title='bbox 186 2761 319 2799; x_wconf 73' lang='lat' dir='ltr'><strong>Trinis</strong></span> <span class='ocrx_word' id='word_1_272' title='bbox 343 2762 557 2813; x_wconf 63' lang='lat' dir='ltr'><strong>praesidiis]</strong></span> <span class='ocrx_word' id='word_1_273' title='bbox 601 2764 798 2811; x_wconf 80' lang='lat' dir='ltr'><strong>Josephus</strong></span> <span class='ocrx_word' id='word_1_274' title='bbox 827 2763 876 2800; x_wconf 89' lang='lat' dir='ltr'><strong>B.</strong></span> <span class='ocrx_word' id='word_1_275' title='bbox 904 2764 945 2800; x_wconf 80' lang='lat' dir='ltr'><strong>J.</strong></span> <span class='ocrx_word' id='word_1_276' title='bbox 963 2768 1004 2809; x_wconf 83' lang='lat'><strong>4,</strong></span> 
     </span>
     <span class='ocr_line' id='line_1_39' title="bbox 129 2814 1007 2869; baseline -0.001 -15"><span class='ocrx_word' id='word_1_277' title='bbox 129 2821 182 2854; x_wconf 76' lang='lat'><strong>⁴2</strong></span> <span class='ocrx_word' id='word_1_278' title='bbox 217 2814 319 2867; x_wconf 84' lang='lat'><strong>(11).</strong></span> <span class='ocrx_word' id='word_1_279' title='bbox 350 2817 478 2869; x_wconf 58' lang='grc' dir='ltr'><strong>τριχῆ.</strong></span> <span class='ocrx_word' id='word_1_280' title='bbox 531 2819 605 2855; x_wconf 86' lang='lat' dir='ltr'><strong>Est</strong></span> <span class='ocrx_word' id='word_1_281' title='bbox 630 2829 722 2866; x_wconf 86' lang='lat' dir='ltr'><strong>ergo</strong></span> <span class='ocrx_word' id='word_1_282' title='bbox 739 2816 866 2854; x_wconf 79' lang='lat' dir='ltr'><strong>tribus</strong></span> <span class='ocrx_word' id='word_1_283' title='bbox 884 2818 1007 2866; x_wconf 86' lang='lat' dir='ltr'><strong>agmi-</strong></span> 
     </span>
     <span class='ocr_line' id='line_1_40' title="bbox 129 2869 1007 2921; baseline 0.002 -15"><span class='ocrx_word' id='word_1_284' title='bbox 129 2869 264 2917; x_wconf 79' lang='lat' dir='ltr'><strong>nibus,</strong></span> <span class='ocrx_word' id='word_1_285' title='bbox 286 2871 439 2909; x_wconf 84' lang='lat' dir='ltr'><strong>castris.</strong></span> <span class='ocrx_word' id='word_1_286' title='bbox 495 2872 556 2909; x_wconf 91' lang='lat' dir='ltr'><strong>De</strong></span> <span class='ocrx_word' id='word_1_287' title='bbox 586 2884 632 2908; x_wconf 90' lang='lat' dir='ltr'><strong>eo</strong></span> <span class='ocrx_word' id='word_1_288' title='bbox 651 2871 771 2909; x_wconf 89' lang='lat' dir='ltr'><strong>verbo</strong></span> <span class='ocrx_word' id='word_1_289' title='bbox 800 2883 920 2921; x_wconf 86' lang='lat' dir='ltr'><strong>supra</strong></span> <span class='ocrx_word' id='word_1_290' title='bbox 950 2872 1007 2908; x_wconf 87' lang='lat' dir='ltr'><strong>di-</strong></span> 
     </span>
     <span class='ocr_line' id='line_1_41' title="bbox 129 2924 689 2973; baseline 0.005 -11"><span class='ocrx_word' id='word_1_291' title='bbox 129 2928 251 2962; x_wconf 84' lang='lat' dir='ltr'><strong>ctum.</strong></span> <span class='ocrx_word' id='word_1_292' title='bbox 280 2925 388 2963; x_wconf 59' lang='lat' dir='ltr'><strong>Em«.</strong></span> <span class='ocrx_word' id='word_1_293' title='bbox 417 2924 479 2964; x_wconf 93' lang='lat' dir='ltr'><strong>Ad</strong></span> <span class='ocrx_word' id='word_1_294' title='bbox 497 2926 547 2964; x_wconf 89' lang='lat' dir='ltr'><strong>A.</strong></span> <span class='ocrx_word' id='word_1_295' title='bbox 561 2932 602 2973; x_wconf 77' lang='lat'><strong>2,</strong></span> <span class='ocrx_word' id='word_1_296' title='bbox 622 2929 689 2965; x_wconf 90' lang='grc'><strong>67.</strong></span> 
     </span>
    </p>

    <p class='ocr_par' dir='ltr' id='par_1_9' title="bbox 129 2978 1009 3302">
     <span class='ocr_line' id='line_1_42' title="bbox 184 2978 1008 3030; baseline -0.002 -13"><span class='ocrx_word' id='word_1_297' title='bbox 184 2979 228 3017; x_wconf 85' lang='lat' dir='ltr'><strong>Ii</strong></span> <span class='ocrx_word' id='word_1_298' title='bbox 255 2985 411 3017; x_wconf 82' lang='lat' dir='ltr'><strong>tantum</strong></span> <span class='ocrx_word' id='word_1_299' title='bbox 440 2982 654 3030; x_wconf 58' lang='lat' dir='ltr'><strong>conflictati</strong></span> <span class='ocrx_word' id='word_1_300' title='bbox 681 2978 788 3030; x_wconf 70' lang='lat' dir='ltr'><strong>sunt]</strong></span> <span class='ocrx_word' id='word_1_301' title='bbox 820 2980 867 3018; x_wconf 90' lang='lat' dir='ltr'><strong>In</strong></span> <span class='ocrx_word' id='word_1_302' title='bbox 901 2979 1008 3016; x_wconf 87' lang='lat' dir='ltr'><strong>dete-</strong></span> 
     </span>
     <span class='ocr_line' id='line_1_43' title="bbox 129 3033 1008 3084; baseline -0.001 -13"><span class='ocrx_word' id='word_1_303' title='bbox 129 3033 273 3078; x_wconf 85' lang='lat' dir='ltr'><strong>riorem</strong></span> <span class='ocrx_word' id='word_1_304' title='bbox 289 3037 442 3084; x_wconf 62' lang='lat' dir='ltr'><strong>partem</strong></span> <span class='ocrx_word' id='word_1_305' title='bbox 462 3035 692 3083; x_wconf 83' lang='lat' dir='ltr'><strong>simpliciter</strong></span> <span class='ocrx_word' id='word_1_306' title='bbox 709 3034 927 3084; x_wconf 82' lang='lat' dir='ltr'><strong>conflictari</strong></span> <span class='ocrx_word' id='word_1_307' title='bbox 951 3034 1008 3071; x_wconf 88' lang='lat' dir='ltr'><strong>di-</strong></span> 
     </span>
     <span class='ocr_line' id='line_1_44' title="bbox 130 3087 1009 3138; baseline -0.001 -12"><span class='ocrx_word' id='word_1_308' title='bbox 130 3087 236 3126; x_wconf 81' lang='lat' dir='ltr'><strong>citur</strong></span> <span class='ocrx_word' id='word_1_309' title='bbox 269 3101 341 3138; x_wconf 89' lang='lat' dir='ltr'><strong>pro</strong></span> <span class='ocrx_word' id='word_1_310' title='bbox 375 3088 572 3138; x_wconf 82' lang='lat' dir='ltr'><strong>afflictari,</strong></span> <span class='ocrx_word' id='word_1_311' title='bbox 609 3090 759 3133; x_wconf 71' lang='lat' dir='ltr'><strong>vexari,</strong></span> <span class='ocrx_word' id='word_1_312' title='bbox 797 3093 844 3125; x_wconf 88' lang='lat' dir='ltr'><strong>ut</strong></span> <span class='ocrx_word' id='word_1_313' title='bbox 888 3099 1009 3138; x_wconf 83' lang='lat' dir='ltr'><strong>supra</strong></span> 
     </span>
     <span class='ocr_line' id='line_1_45' title="bbox 130 3141 1008 3190; baseline 0.001 -12"><span class='ocrx_word' id='word_1_314' title='bbox 130 3141 370 3189; x_wconf 73' lang='lat' dir='ltr'><strong>monuimuS,</strong></span> <span class='ocrx_word' id='word_1_315' title='bbox 388 3143 439 3182; x_wconf 92' lang='lat' dir='ltr'><strong>A.</strong></span> <span class='ocrx_word' id='word_1_316' title='bbox 458 3147 501 3190; x_wconf 90' lang='lat'><strong>6,</strong></span> <span class='ocrx_word' id='word_1_317' title='bbox 521 3149 586 3182; x_wconf 86' lang='lat'><strong>48.</strong></span> <span class='ocrx_word' id='word_1_318' title='bbox 631 3145 706 3181; x_wconf 90' lang='lat' dir='ltr'><strong>Pro</strong></span> <span class='ocrx_word' id='word_1_319' title='bbox 721 3144 755 3180; x_wconf 86' lang='lat' dir='ltr'><strong>ii</strong></span> <span class='ocrx_word' id='word_1_320' title='bbox 771 3143 856 3180; x_wconf 87' lang='lat' dir='ltr'><strong>MS.</strong></span> <span class='ocrx_word' id='word_1_321' title='bbox 877 3143 1008 3179; x_wconf 86' lang='lat' dir='ltr'><strong>Guelf.</strong></span> 
     </span>
     <span class='ocr_line' id='line_1_46' title="bbox 131 3195 1007 3249; baseline 0 -15"><span class='ocrx_word' id='word_1_322' title='bbox 131 3195 199 3234; x_wconf 72' lang='lat' dir='ltr'><strong>Iti.-</strong></span> <span class='ocrx_word' id='word_1_323' title='bbox 235 3197 296 3236; x_wconf 86' lang='lat' dir='ltr'><strong>ed.</strong></span> <span class='ocrx_word' id='word_1_324' title='bbox 325 3209 384 3246; x_wconf 85' lang='lat' dir='ltr'><strong>pr.</strong></span> <span class='ocrx_word' id='word_1_325' title='bbox 414 3196 475 3249; x_wconf 86' lang='lat' dir='ltr'><strong>(et</strong></span> <span class='ocrx_word' id='word_1_326' title='bbox 503 3210 537 3235; x_wconf 88' lang='lat' dir='ltr'><strong>c.</strong></span> <span class='ocrx_word' id='word_1_327' title='bbox 564 3196 682 3248; x_wconf 89' lang='lat' dir='ltr'><strong>Bud.)</strong></span> <span class='ocrx_word' id='word_1_328' title='bbox 715 3199 770 3235; x_wconf 83' lang='lat' dir='ltr'><strong>in.</strong></span> <span class='ocrx_word' id='word_1_329' title='bbox 798 3195 883 3234; x_wconf 90' lang='lat' dir='ltr'><strong>MS.</strong></span> <span class='ocrx_word' id='word_1_330' title='bbox 911 3196 1007 3245; x_wconf 86' lang='lat' dir='ltr'><strong>Agr.</strong></span> 
     </span>
     <span class='ocr_line' id='line_1_47' title="bbox 131 3251 1005 3302; baseline -0.001 -14"><span class='ocrx_word' id='word_1_331' title='bbox 131 3261 407 3302; x_wconf 69' lang='lat' dir='ltr'><strong>nonnunquam</strong></span> <span class='ocrx_word' id='word_1_332' title='bbox 423 3253 636 3302; x_wconf 56' lang='lat' dir='ltr'><strong>conflictati</strong></span> <span class='ocrx_word' id='word_1_333' title='bbox 649 3258 753 3290; x_wconf 75' lang='lat' dir='ltr'><strong>sunt.</strong></span> <span class='ocrx_word' id='word_1_334' title='bbox 788 3251 879 3297; x_wconf 77' lang='lat' dir='ltr'><strong>Qui.</strong></span> <span class='ocrx_word' id='word_1_335' title='bbox 898 3252 1005 3288; x_wconf 73' lang='lat' dir='ltr'><strong>ERN.</strong></span> 
     </span>
    </p>

    <p class='ocr_par' dir='ltr' id='par_1_10' title="bbox 137 3305 1010 3562">
     <span class='ocr_line' id='line_1_48' title="bbox 187 3305 1006 3358; baseline -0.001 -16"><span class='ocrx_word' id='word_1_336' title='bbox 187 3305 258 3343; x_wconf 78' lang='lat' dir='ltr'><strong>Ad</strong></span> <span class='ocrx_word' id='word_1_337' title='bbox 280 3317 412 3343; x_wconf 71' lang='lat' dir='ltr'><strong>serum</strong></span> <span class='ocrx_word' id='word_1_338' title='bbox 439 3319 557 3358; x_wconf 70' lang='lat' dir='ltr'><strong>usque</strong></span> <span class='ocrx_word' id='word_1_339' title='bbox 583 3306 702 3357; x_wconf 83' lang='lat' dir='ltr'><strong>diem]</strong></span> <span class='ocrx_word' id='word_1_340' title='bbox 736 3307 799 3344; x_wconf 77' lang='lat' dir='ltr'><strong>xta</strong></span> <span class='ocrx_word' id='word_1_341' title='bbox 827 3306 885 3344; x_wconf 89' lang='lat' dir='ltr'><strong>Fl.</strong></span> <span class='ocrx_word' id='word_1_342' title='bbox 911 3306 1006 3354; x_wconf 86' lang='lat' dir='ltr'><strong>Agr.</strong></span> 
     </span>
     <span class='ocr_line' id='line_1_49' title="bbox 139 3356 1006 3412; baseline -0.001 -15"><span class='ocrx_word' id='word_1_343' title='bbox 139 3356 276 3412; x_wconf 84' lang='lat' dir='ltr'><strong>(Bud.)</strong></span> <span class='ocrx_word' id='word_1_344' title='bbox 297 3359 429 3398; x_wconf 79' lang='lat' dir='ltr'><strong>Guelf.</strong></span> <span class='ocrx_word' id='word_1_345' title='bbox 447 3361 534 3399; x_wconf 87' lang='lat' dir='ltr'><strong>edd.</strong></span> <span class='ocrx_word' id='word_1_346' title='bbox 552 3372 686 3398; x_wconf 87' lang='lat' dir='ltr'><strong>omnes</strong></span> <span class='ocrx_word' id='word_1_347' title='bbox 699 3364 792 3398; x_wconf 86' lang='lat' dir='ltr'><strong>ante</strong></span> <span class='ocrx_word' id='word_1_348' title='bbox 808 3360 1006 3410; x_wconf 87' lang='lat' dir='ltr'><strong>Lipsium:</strong></span> 
     </span>
     <span class='ocr_line' id='line_1_50' title="bbox 137 3411 1008 3462; baseline 0.003 -14"><span class='ocrx_word' id='word_1_349' title='bbox 137 3411 205 3459; x_wconf 76' lang='lat' dir='ltr'><strong>qui</strong></span> <span class='ocrx_word' id='word_1_350' title='bbox 233 3412 357 3452; x_wconf 83' lang='lat' dir='ltr'><strong>edidit</strong></span> <span class='ocrx_word' id='word_1_351' title='bbox 377 3414 469 3462; x_wconf 70' lang='lat' dir='ltr'><strong>diei,</strong></span> <span class='ocrx_word' id='word_1_352' title='bbox 491 3415 572 3452; x_wconf 81' lang='lat' dir='ltr'><strong>sive</strong></span> <span class='ocrx_word' id='word_1_353' title='bbox 598 3415 709 3453; x_wconf 89' lang='lat' dir='ltr'><strong>MSS.</strong></span> <span class='ocrx_word' id='word_1_354' title='bbox 735 3418 907 3461; x_wconf 85' lang='lat' dir='ltr'><strong>secutus,</strong></span> <span class='ocrx_word' id='word_1_355' title='bbox 927 3417 1008 3454; x_wconf 88' lang='lat' dir='ltr'><strong>sive</strong></span> 
     </span>
     <span class='ocr_line' id='line_1_51' title="bbox 137 3465 1010 3508; baseline 0.002 -4"><span class='ocrx_word' id='word_1_356' title='bbox 137 3465 268 3504; x_wconf 84' lang='lat' dir='ltr'><strong>Taciti</strong></span> <span class='ocrx_word' id='word_1_357' title='bbox 280 3470 617 3507; x_wconf 72' lang='lat' dir='ltr'><strong>consuetudinem.</strong></span> <span class='ocrx_word' id='word_1_358' title='bbox 654 3469 777 3507; x_wconf 82' lang='lat' dir='ltr'><strong>Vetus</strong></span> <span class='ocrx_word' id='word_1_359' title='bbox 790 3470 925 3507; x_wconf 82' lang='lat' dir='ltr'><strong>statim</strong></span> <span class='ocrx_word' id='word_1_360' title='bbox 946 3470 1010 3508; x_wconf 89' lang='lat' dir='ltr'><strong>Pi-</strong></span> 
     </span>
     <span class='ocr_line' id='line_1_52' title="bbox 138 3520 606 3562; baseline 0.015 -6"><span class='ocrx_word' id='word_1_361' title='bbox 138 3520 263 3557; x_wconf 66' lang='lat' dir='ltr'><strong>ahena</strong></span> <span class='ocrx_word' id='word_1_362' title='bbox 278 3522 468 3562; x_wconf 79' lang='lat' dir='ltr'><strong>restituit.</strong></span> <span class='ocrx_word' id='word_1_363' title='bbox 498 3525 606 3562; x_wconf 72' lang='lat' dir='ltr'><strong>ERN.</strong></span> 
     </span>
    </p>
   </div>
   <div class='ocr_carea' id='block_1_7' title="bbox 192 3574 1011 3629">
    <p class='ocr_par' dir='ltr' id='par_1_11' title="bbox 192 3574 1011 3629">
     <span class='ocr_line' id='line_1_53' title="bbox 192 3574 1011 3629; baseline 0.002 -16"><span class='ocrx_word' id='word_1_364' title='bbox 192 3574 279 3613; x_wconf 77' lang='lat' dir='ltr'><strong>Hos</strong></span> <span class='ocrx_word' id='word_1_365' title='bbox 294 3575 422 3624; x_wconf 79' lang='lat' dir='ltr'><strong>modo,</strong></span> <span class='ocrx_word' id='word_1_366' title='bbox 435 3589 570 3617; x_wconf 71' lang='lat' dir='ltr'><strong>rursus</strong></span> <span class='ocrx_word' id='word_1_367' title='bbox 585 3575 690 3629; x_wconf 74' lang='lat' dir='ltr'><strong>illos]</strong></span> <span class='ocrx_word' id='word_1_368' title='bbox 722 3576 841 3616; x_wconf 58' lang='lat' dir='ltr'><strong>stlodo</strong></span> <span class='ocrx_word' id='word_1_369' title='bbox 860 3577 971 3615; x_wconf 80' lang='lat' dir='ltr'><strong>abest</strong></span> <span class='ocrx_word' id='word_1_370' title='bbox 985 3589 1011 3615; x_wconf 83' lang='lat' dir='ltr'><strong>a</strong></span> 
     </span>
    </p>
   </div>
   <div class='ocr_carea' id='block_1_8' title="bbox 1051 2107 1943 3625">
    <p class='ocr_par' dir='ltr' id='par_1_12' title="bbox 1051 2107 1934 2484">
     <span class='ocr_line' id='line_1_54' title="bbox 1053 2107 1933 2161; baseline 0.002 -14"><span class='ocrx_word' id='word_1_371' title='bbox 1053 2108 1139 2147; x_wconf 91' lang='lat' dir='ltr'><strong>MS.</strong></span> <span class='ocrx_word' id='word_1_372' title='bbox 1173 2109 1277 2148; x_wconf 85' lang='lat' dir='ltr'><strong>Flor.</strong></span> <span class='ocrx_word' id='word_1_373' title='bbox 1313 2107 1406 2161; x_wconf 84' lang='lat' dir='ltr'><strong>(n-isi</strong></span> <span class='ocrx_word' id='word_1_374' title='bbox 1433 2109 1536 2159; x_wconf 87' lang='lat' dir='ltr'><strong>quod</strong></span> <span class='ocrx_word' id='word_1_375' title='bbox 1564 2109 1606 2148; x_wconf 91' lang='lat' dir='ltr'><strong>in</strong></span> <span class='ocrx_word' id='word_1_376' title='bbox 1640 2110 1817 2160; x_wconf 81' lang='lat' dir='ltr'><strong>margine</strong></span> <span class='ocrx_word' id='word_1_377' title='bbox 1851 2111 1933 2149; x_wconf 72' lang='lat' dir='ltr'><strong>alia</strong></span> 
     </span>
     <span class='ocr_line' id='line_1_55' title="bbox 1052 2163 1933 2214; baseline 0.002 -13"><span class='ocrx_word' id='word_1_378' title='bbox 1052 2175 1173 2201; x_wconf 87' lang='lat' dir='ltr'><strong>manu</strong></span> <span class='ocrx_word' id='word_1_379' title='bbox 1197 2164 1371 2202; x_wconf 86' lang='lat' dir='ltr'><strong>additum</strong></span> <span class='ocrx_word' id='word_1_380' title='bbox 1391 2163 1467 2211; x_wconf 85' lang='lat' dir='ltr'><strong>est)</strong></span> <span class='ocrx_word' id='word_1_381' title='bbox 1489 2168 1531 2201; x_wconf 90' lang='lat' dir='ltr'><strong>et</strong></span> <span class='ocrx_word' id='word_1_382' title='bbox 1548 2165 1609 2202; x_wconf 89' lang='lat' dir='ltr'><strong>cd.</strong></span> <span class='ocrx_word' id='word_1_383' title='bbox 1630 2177 1690 2214; x_wconf 87' lang='lat' dir='ltr'><strong>pr.</strong></span> <span class='ocrx_word' id='word_1_384' title='bbox 1731 2165 1794 2202; x_wconf 91' lang='lat' dir='ltr'><strong>Sic</strong></span> <span class='ocrx_word' id='word_1_385' title='bbox 1810 2177 1933 2214; x_wconf 83' lang='lat' dir='ltr'><strong>supra.</strong></span> 
     </span>
     <span class='ocr_line' id='line_1_56' title="bbox 1051 2219 1933 2266; baseline 0.002 -10"><span class='ocrx_word' id='word_1_386' title='bbox 1051 2230 1086 2256; x_wconf 88' lang='lat' dir='ltr'><strong>.c.</strong></span> <span class='ocrx_word' id='word_1_387' title='bbox 1114 2224 1182 2255; x_wconf 73' lang='lat'><strong>22.</strong></span> <span class='ocrx_word' id='word_1_388' title='bbox 1211 2219 1288 2264; x_wconf 64' lang='lat' dir='ltr'><strong>leis,</strong></span> <span class='ocrx_word' id='word_1_389' title='bbox 1303 2230 1441 2255; x_wconf 75' lang='lat' dir='ltr'><strong>rursus</strong></span> <span class='ocrx_word' id='word_1_390' title='bbox 1468 2219 1565 2266; x_wconf 66' lang='lat' dir='ltr'><strong>illis,</strong></span> <span class='ocrx_word' id='word_1_391' title='bbox 1589 2220 1800 2258; x_wconf 73' lang='lat' dir='ltr'><strong>exitiabile.</strong></span> <span class='ocrx_word' id='word_1_392' title='bbox 1858 2221 1933 2258; x_wconf 87' lang='lat' dir='ltr'><strong>At-</strong></span> 
     </span>
     <span class='ocr_line' id='line_1_57' title="bbox 1052 2272 1932 2323; baseline 0.002 -14"><span class='ocrx_word' id='word_1_393' title='bbox 1052 2283 1128 2322; x_wconf 89' lang='lat' dir='ltr'><strong>que</strong></span> <span class='ocrx_word' id='word_1_394' title='bbox 1148 2273 1202 2319; x_wconf 87' lang='lat' dir='ltr'><strong>id,</strong></span> <span class='ocrx_word' id='word_1_395' title='bbox 1232 2276 1280 2309; x_wconf 92' lang='lat' dir='ltr'><strong>ut</strong></span> <span class='ocrx_word' id='word_1_396' title='bbox 1297 2272 1531 2322; x_wconf 83' lang='lat' dir='ltr'><strong>exquisitius</strong></span> <span class='ocrx_word' id='word_1_397' title='bbox 1562 2276 1602 2309; x_wconf 85' lang='lat' dir='ltr'><strong>et</strong></span> <span class='ocrx_word' id='word_1_398' title='bbox 1618 2273 1757 2311; x_wconf 87' lang='lat' dir='ltr'><strong>Tacito</strong></span> <span class='ocrx_word' id='word_1_399' title='bbox 1781 2274 1932 2323; x_wconf 85' lang='lat' dir='ltr'><strong>aptius,</strong></span> 
     </span>
     <span class='ocr_line' id='line_1_58' title="bbox 1053 2328 1933 2374; baseline 0.003 -11"><span class='ocrx_word' id='word_1_400' title='bbox 1053 2338 1141 2364; x_wconf 90' lang='lat' dir='ltr'><strong>cum</strong></span> <span class='ocrx_word' id='word_1_401' title='bbox 1169 2328 1209 2365; x_wconf 78' lang='lat' dir='ltr'><strong>J.</strong></span> <span class='ocrx_word' id='word_1_402' title='bbox 1228 2328 1427 2365; x_wconf 86' lang='lat' dir='ltr'><strong>Gronovio</strong></span> <span class='ocrx_word' id='word_1_403' title='bbox 1455 2331 1613 2364; x_wconf 82' lang='lat' dir='ltr'><strong>secutus</strong></span> <span class='ocrx_word' id='word_1_404' title='bbox 1638 2340 1740 2374; x_wconf 81' lang='lat' dir='ltr'><strong>sum,</strong></span> <span class='ocrx_word' id='word_1_405' title='bbox 1761 2332 1800 2365; x_wconf 82' lang='lat' dir='ltr'><strong>et</strong></span> <span class='ocrx_word' id='word_1_406' title='bbox 1821 2330 1933 2366; x_wconf 82' lang='lat' dir='ltr'><strong>modo</strong></span> 
     </span>
     <span class='ocr_line' id='line_1_59' title="bbox 1053 2381 1934 2423; baseline 0.005 -5"><span class='ocrx_word' id='word_1_407' title='bbox 1053 2381 1193 2419; x_wconf 84' lang='lat' dir='ltr'><strong>delevi.</strong></span> <span class='ocrx_word' id='word_1_408' title='bbox 1232 2382 1341 2419; x_wconf 74' lang='lat' dir='ltr'><strong>ERN.</strong></span> <span class='ocrx_word' id='word_1_409' title='bbox 1384 2381 1511 2420; x_wconf 89' lang='lat' dir='ltr'><strong>Abest</strong></span> <span class='ocrx_word' id='word_1_410' title='bbox 1545 2382 1664 2419; x_wconf 84' lang='lat' dir='ltr'><strong>etiam</strong></span> <span class='ocrx_word' id='word_1_411' title='bbox 1696 2394 1720 2419; x_wconf 90' lang='lat' dir='ltr'><strong>a</strong></span> <span class='ocrx_word' id='word_1_412' title='bbox 1754 2382 1858 2421; x_wconf 91' lang='lat' dir='ltr'><strong>Bud.</strong></span> <span class='ocrx_word' id='word_1_413' title='bbox 1891 2388 1934 2423; x_wconf 84' lang='lat' dir='ltr'><strong>et</strong></span> 
     </span>
     <span class='ocr_line' id='line_1_60' title="bbox 1051 2436 1691 2484; baseline 0 -10"><span class='ocrx_word' id='word_1_414' title='bbox 1051 2437 1149 2484; x_wconf 86' lang='lat' dir='ltr'><strong>Reg.</strong></span> <span class='ocrx_word' id='word_1_415' title='bbox 1169 2436 1267 2474; x_wconf 86' lang='lat' dir='ltr'><strong>Lall.</strong></span> <span class='ocrx_word' id='word_1_416' title='bbox 1304 2436 1379 2473; x_wconf 88' lang='lat' dir='ltr'><strong>Sed</strong></span> <span class='ocrx_word' id='word_1_417' title='bbox 1396 2437 1526 2475; x_wconf 83' lang='lat' dir='ltr'><strong>Rhen.</strong></span> <span class='ocrx_word' id='word_1_418' title='bbox 1549 2440 1691 2474; x_wconf 84' lang='lat' dir='ltr'><strong>servat.</strong></span> 
     </span>
    </p>

    <p class='ocr_par' dir='ltr' id='par_1_13' title="bbox 1051 2489 1942 3298">
     <span class='ocr_line' id='line_1_61' title="bbox 1106 2489 1934 2538; baseline 0.001 -10"><span class='ocrx_word' id='word_1_419' title='bbox 1106 2491 1275 2528; x_wconf 69' lang='lat' dir='ltr'><strong>Abditas</strong></span> <span class='ocrx_word' id='word_1_420' title='bbox 1305 2491 1348 2527; x_wconf 80' lang='lat' dir='ltr'><strong>in</strong></span> <span class='ocrx_word' id='word_1_421' title='bbox 1385 2489 1568 2538; x_wconf 71' lang='lat' dir='ltr'><strong>tabernis]</strong></span> <span class='ocrx_word' id='word_1_422' title='bbox 1617 2491 1784 2528; x_wconf 75' lang='lat' dir='ltr'><strong>Abditas</strong></span> <span class='ocrx_word' id='word_1_423' title='bbox 1819 2491 1934 2529; x_wconf 79' lang='lat' dir='ltr'><strong>MSS.</strong></span> 
     </span>
     <span class='ocr_line' id='line_1_62' title="bbox 1057 2542 1936 2596; baseline 0 -14"><span class='ocrx_word' id='word_1_424' title='bbox 1057 2545 1162 2582; x_wconf 89' lang='lat' dir='ltr'><strong>Flor.</strong></span> <span class='ocrx_word' id='word_1_425' title='bbox 1181 2542 1315 2596; x_wconf 77' lang='lat' dir='ltr'><strong>(Eud.)</strong></span> <span class='ocrx_word' id='word_1_426' title='bbox 1332 2545 1429 2593; x_wconf 90' lang='lat' dir='ltr'><strong>Agr.</strong></span> <span class='ocrx_word' id='word_1_427' title='bbox 1447 2544 1580 2582; x_wconf 86' lang='lat' dir='ltr'><strong>Guelf.</strong></span> <span class='ocrx_word' id='word_1_428' title='bbox 1602 2545 1687 2582; x_wconf 89' lang='lat' dir='ltr'><strong>edd.</strong></span> <span class='ocrx_word' id='word_1_429' title='bbox 1705 2558 1764 2595; x_wconf 89' lang='lat' dir='ltr'><strong>pr.</strong></span> <span class='ocrx_word' id='word_1_430' title='bbox 1783 2546 1936 2583; x_wconf 81' lang='lat' dir='ltr'><strong>Puteol.</strong></span> 
     </span>
     <span class='ocr_line' id='line_1_63' title="bbox 1058 2599 1934 2648; baseline 0.002 -13"><span class='ocrx_word' id='word_1_431' title='bbox 1058 2599 1174 2648; x_wconf 91' lang='lat' dir='ltr'><strong>idque</strong></span> <span class='ocrx_word' id='word_1_432' title='bbox 1217 2599 1316 2635; x_wconf 89' lang='lat' dir='ltr'><strong>bene</strong></span> <span class='ocrx_word' id='word_1_433' title='bbox 1349 2599 1527 2636; x_wconf 82' lang='lat' dir='ltr'><strong>restituit</strong></span> <span class='ocrx_word' id='word_1_434' title='bbox 1560 2600 1728 2648; x_wconf 88' lang='lat' dir='ltr'><strong>Lipsius.</strong></span> <span class='ocrx_word' id='word_1_435' title='bbox 1785 2601 1934 2637; x_wconf 69' lang='lat' dir='ltr'><strong>Ceterae</strong></span> 
     </span>
     <span class='ocr_line' id='line_1_64' title="bbox 1057 2652 1937 2693; baseline 0.005 -5"><span class='ocrx_word' id='word_1_436' title='bbox 1057 2654 1144 2691; x_wconf 90' lang='lat' dir='ltr'><strong>edd.</strong></span> <span class='ocrx_word' id='word_1_437' title='bbox 1162 2653 1251 2690; x_wconf 87' lang='lat' dir='ltr'><strong>inde</strong></span> <span class='ocrx_word' id='word_1_438' title='bbox 1269 2665 1294 2690; x_wconf 82' lang='lat' dir='ltr'><strong>a</strong></span> <span class='ocrx_word' id='word_1_439' title='bbox 1308 2653 1544 2690; x_wconf 84' lang='lat' dir='ltr'><strong>Beroaldina</strong></span> <span class='ocrx_word' id='word_1_440' title='bbox 1562 2654 1696 2691; x_wconf 77' lang='lat' dir='ltr'><strong>abditi.</strong></span> <span class='ocrx_word' id='word_1_441' title='bbox 1752 2652 1851 2693; x_wconf 86' lang='lat' dir='ltr'><strong>Mox</strong></span> <span class='ocrx_word' id='word_1_442' title='bbox 1868 2668 1937 2692; x_wconf 67' lang='lat' dir='ltr'><strong>ee·-</strong></span> 
     </span>
     <span class='ocr_line' id='line_1_65' title="bbox 1051 2707 1935 2757; baseline 0.001 -13"><span class='ocrx_word' id='word_1_443' title='bbox 1051 2709 1294 2757; x_wconf 68' lang='lat' dir='ltr'><strong>postulantes</strong></span> <span class='ocrx_word' id='word_1_444' title='bbox 1318 2707 1436 2744; x_wconf 89' lang='lat' dir='ltr'><strong>iidem</strong></span> <span class='ocrx_word' id='word_1_445' title='bbox 1469 2707 1581 2744; x_wconf 90' lang='lat' dir='ltr'><strong>MSS.</strong></span> <span class='ocrx_word' id='word_1_446' title='bbox 1617 2711 1658 2744; x_wconf 87' lang='lat' dir='ltr'><strong>et</strong></span> <span class='ocrx_word' id='word_1_447' title='bbox 1683 2707 1768 2745; x_wconf 87' lang='lat' dir='ltr'><strong>edd.</strong></span> <span class='ocrx_word' id='word_1_448' title='bbox 1800 2720 1935 2746; x_wconf 84' lang='lat' dir='ltr'><strong>omnes</strong></span> 
     </span>
     <span class='ocr_line' id='line_1_66' title="bbox 1058 2758 1939 2813; baseline 0.002 -15"><span class='ocrx_word' id='word_1_449' title='bbox 1058 2766 1151 2798; x_wconf 83' lang='lat' dir='ltr'><strong>ante</strong></span> <span class='ocrx_word' id='word_1_450' title='bbox 1170 2762 1297 2798; x_wconf 87' lang='lat' dir='ltr'><strong>Rhen.</strong></span> <span class='ocrx_word' id='word_1_451' title='bbox 1315 2762 1383 2810; x_wconf 89' lang='lat' dir='ltr'><strong>qui</strong></span> <span class='ocrx_word' id='word_1_452' title='bbox 1406 2760 1443 2812; x_wconf 91' lang='lat' dir='ltr'><strong>(e</strong></span> <span class='ocrx_word' id='word_1_453' title='bbox 1456 2758 1576 2809; x_wconf 88' lang='lat' dir='ltr'><strong>Bud.)</strong></span> <span class='ocrx_word' id='word_1_454' title='bbox 1599 2762 1721 2799; x_wconf 89' lang='lat' dir='ltr'><strong>edidit</strong></span> <span class='ocrx_word' id='word_1_455' title='bbox 1734 2763 1939 2813; x_wconf 77' lang='lat' dir='ltr'><strong>postulan-</strong></span> 
     </span>
     <span class='ocr_line' id='line_1_67' title="bbox 1059 2815 1938 2866; baseline 0.002 -13"><span class='ocrx_word' id='word_1_456' title='bbox 1059 2822 1126 2854; x_wconf 78' lang='lat' dir='ltr'><strong>tes.</strong></span> <span class='ocrx_word' id='word_1_457' title='bbox 1183 2815 1286 2853; x_wconf 87' lang='lat' dir='ltr'><strong>Illud</strong></span> <span class='ocrx_word' id='word_1_458' title='bbox 1314 2815 1491 2853; x_wconf 80' lang='lat' dir='ltr'><strong>restituit</strong></span> <span class='ocrx_word' id='word_1_459' title='bbox 1521 2815 1708 2863; x_wconf 84' lang='lat' dir='ltr'><strong>Pichena,</strong></span> <span class='ocrx_word' id='word_1_460' title='bbox 1732 2817 1835 2866; x_wconf 87' lang='lat' dir='ltr'><strong>quod</strong></span> <span class='ocrx_word' id='word_1_461' title='bbox 1863 2817 1938 2855; x_wconf 88' lang='lat' dir='ltr'><strong>hoc</strong></span> 
     </span>
     <span class='ocr_line' id='line_1_68' title="bbox 1061 2869 1936 2920; baseline 0.003 -14"><span class='ocrx_word' id='word_1_462' title='bbox 1061 2881 1179 2906; x_wconf 89' lang='lat' dir='ltr'><strong>sensu</strong></span> <span class='ocrx_word' id='word_1_463' title='bbox 1221 2869 1385 2907; x_wconf 86' lang='lat' dir='ltr'><strong>subinde</strong></span> <span class='ocrx_word' id='word_1_464' title='bbox 1430 2870 1613 2907; x_wconf 83' lang='lat' dir='ltr'><strong>occurrit..</strong></span> <span class='ocrx_word' id='word_1_465' title='bbox 1684 2871 1763 2920; x_wconf 90' lang='lat' dir='ltr'><strong>Ap.</strong></span> <span class='ocrx_word' id='word_1_466' title='bbox 1809 2871 1936 2910; x_wconf 87' lang='lat' dir='ltr'><strong>Cicer.</strong></span> 
     </span>
     <span class='ocr_line' id='line_1_69' title="bbox 1062 2925 1940 2974; baseline 0.002 -12"><span class='ocrx_word' id='word_1_467' title='bbox 1062 2925 1175 2962; x_wconf 87' lang='lat' dir='ltr'><strong>Rosc.</strong></span> <span class='ocrx_word' id='word_1_468' title='bbox 1195 2925 1240 2962; x_wconf 89' lang='lat' dir='ltr'><strong>C.</strong></span> <span class='ocrx_word' id='word_1_469' title='bbox 1275 2929 1334 2964; x_wconf 90' lang='grc'><strong>17.</strong></span> <span class='ocrx_word' id='word_1_470' title='bbox 1353 2927 1610 2973; x_wconf 89' lang='lat' dir='ltr'><strong>opponuntur</strong></span> <span class='ocrx_word' id='word_1_471' title='bbox 1636 2926 1879 2974; x_wconf 71' lang='lat' dir='ltr'><strong>expostulare</strong></span> <span class='ocrx_word' id='word_1_472' title='bbox 1898 2931 1940 2963; x_wconf 83' lang='lat' dir='ltr'><strong>et</strong></span> 
     </span>
     <span class='ocr_line' id='line_1_70' title="bbox 1061 2978 1939 3028; baseline 0.005 -13"><span class='ocrx_word' id='word_1_473' title='bbox 1061 2980 1278 3028; x_wconf 81' lang='lat' dir='ltr'><strong>impetrare.</strong></span> <span class='ocrx_word' id='word_1_474' title='bbox 1321 2978 1430 3016; x_wconf 71' lang='lat' dir='ltr'><strong>Ereti</strong></span> <span class='ocrx_word' id='word_1_475' title='bbox 1453 2982 1512 3016; x_wconf 89' lang='lat' dir='ltr'><strong>est</strong></span> <span class='ocrx_word' id='word_1_476' title='bbox 1529 2980 1705 3027; x_wconf 85' lang='lat' dir='ltr'><strong>protrahi</strong></span> <span class='ocrx_word' id='word_1_477' title='bbox 1721 2991 1742 3016; x_wconf 89' lang='lat' dir='ltr'><strong>e</strong></span> <span class='ocrx_word' id='word_1_478' title='bbox 1758 2979 1939 3027; x_wconf 78' lang='lat' dir='ltr'><strong>latebris,</strong></span> 
     </span>
     <span class='ocr_line' id='line_1_71' title="bbox 1062 3033 1942 3084; baseline 0.003 -15"><span class='ocrx_word' id='word_1_479' title='bbox 1062 3033 1104 3069; x_wconf 90' lang='lat' dir='ltr'><strong>in</strong></span> <span class='ocrx_word' id='word_1_480' title='bbox 1121 3045 1243 3082; x_wconf 85' lang='lat' dir='ltr'><strong>eoque</strong></span> <span class='ocrx_word' id='word_1_481' title='bbox 1271 3033 1427 3082; x_wconf 87' lang='lat' dir='ltr'><strong>proprie</strong></span> <span class='ocrx_word' id='word_1_482' title='bbox 1445 3039 1485 3070; x_wconf 88' lang='lat' dir='ltr'><strong>et</strong></span> <span class='ocrx_word' id='word_1_483' title='bbox 1502 3034 1697 3084; x_wconf 86' lang='lat' dir='ltr'><strong>exquisite</strong></span> <span class='ocrx_word' id='word_1_484' title='bbox 1718 3033 1877 3081; x_wconf 88' lang='lat' dir='ltr'><strong>dicitur,</strong></span> <span class='ocrx_word' id='word_1_485' title='bbox 1892 3039 1942 3073; x_wconf 83' lang='lat' dir='ltr'><strong>ut</strong></span> 
     </span>
     <span class='ocr_line' id='line_1_72' title="bbox 1061 3087 1940 3137; baseline 0.003 -13"><span class='ocrx_word' id='word_1_486' title='bbox 1061 3099 1152 3125; x_wconf 88' lang='lat' dir='ltr'><strong>mox</strong></span> <span class='ocrx_word' id='word_1_487' title='bbox 1191 3100 1224 3124; x_wconf 94' lang='lat' dir='ltr'><strong>c.</strong></span> <span class='ocrx_word' id='word_1_488' title='bbox 1258 3092 1323 3125; x_wconf 87' lang='lat'><strong>85.</strong></span> <span class='ocrx_word' id='word_1_489' title='bbox 1383 3087 1495 3124; x_wconf 88' lang='lat' dir='ltr'><strong>Adde</strong></span> <span class='ocrx_word' id='word_1_490' title='bbox 1529 3088 1654 3127; x_wconf 87' lang='lat' dir='ltr'><strong>Cicer.</strong></span> <span class='ocrx_word' id='word_1_491' title='bbox 1693 3100 1757 3137; x_wconf 90' lang='lat' dir='ltr'><strong>ep.</strong></span> <span class='ocrx_word' id='word_1_492' title='bbox 1801 3094 1841 3134; x_wconf 87' lang='lat'><strong>5,</strong></span> <span class='ocrx_word' id='word_1_493' title='bbox 1877 3093 1940 3127; x_wconf 87' lang='lat' dir='ltr'><strong>lo.</strong></span> 
     </span>
     <span class='ocr_line' id='line_1_73' title="bbox 1062 3142 1941 3194; baseline 0.005 -16"><span class='ocrx_word' id='word_1_494' title='bbox 1062 3145 1104 3178; x_wconf 93' lang='lat' dir='ltr'><strong>et</strong></span> <span class='ocrx_word' id='word_1_495' title='bbox 1137 3142 1423 3179; x_wconf 88' lang='lat' dir='ltr'><strong>Constitution.</strong></span> <span class='ocrx_word' id='word_1_496' title='bbox 1469 3143 1635 3182; x_wconf 82' lang='lat' dir='ltr'><strong>Adrian.</strong></span> <span class='ocrx_word' id='word_1_497' title='bbox 1675 3155 1741 3194; x_wconf 80' lang='lat' dir='ltr'><strong>ap.</strong></span> <span class='ocrx_word' id='word_1_498' title='bbox 1782 3144 1941 3182; x_wconf 82' lang='lat' dir='ltr'><strong>Beines.</strong></span> 
     </span>
     <span class='ocr_line' id='line_1_74' title="bbox 1066 3197 1942 3247; baseline 0.005 -14"><span class='ocrx_word' id='word_1_499' title='bbox 1066 3197 1189 3233; x_wconf 85' lang='lat' dir='ltr'><strong>Inscr.</strong></span> <span class='ocrx_word' id='word_1_500' title='bbox 1205 3209 1245 3245; x_wconf 91' lang='lat' dir='ltr'><strong>p.</strong></span> <span class='ocrx_word' id='word_1_501' title='bbox 1267 3201 1360 3240; x_wconf 87' lang='lat'><strong>505,</strong></span> <span class='ocrx_word' id='word_1_502' title='bbox 1388 3197 1571 3235; x_wconf 85' lang='lat' dir='ltr'><strong>Scrutari</strong></span> <span class='ocrx_word' id='word_1_503' title='bbox 1586 3203 1622 3235; x_wconf 88' lang='lat' dir='ltr'><strong>et</strong></span> <span class='ocrx_word' id='word_1_504' title='bbox 1631 3198 1858 3247; x_wconf 75' lang='lat' dir='ltr'><strong>protrahere</strong></span> <span class='ocrx_word' id='word_1_505' title='bbox 1874 3200 1942 3237; x_wconf 81' lang='lat' dir='ltr'><strong>ab·</strong></span> 
     </span>
     <span class='ocr_line' id='line_1_75' title="bbox 1063 3250 1750 3298; baseline 0.001 -10"><span class='ocrx_word' id='word_1_506' title='bbox 1063 3251 1162 3288; x_wconf 78' lang='lat' dir='ltr'><strong>ditos</strong></span> <span class='ocrx_word' id='word_1_507' title='bbox 1181 3253 1312 3287; x_wconf 86' lang='lat' dir='ltr'><strong>noster</strong></span> <span class='ocrx_word' id='word_1_508' title='bbox 1328 3251 1427 3288; x_wconf 84' lang='lat' dir='ltr'><strong>dixit</strong></span> <span class='ocrx_word' id='word_1_509' title='bbox 1447 3250 1502 3289; x_wconf 90' lang='lat' dir='ltr'><strong>H.</strong></span> <span class='ocrx_word' id='word_1_510' title='bbox 1517 3253 1559 3298; x_wconf 86' lang='lat'><strong>4,</strong></span> <span class='ocrx_word' id='word_1_511' title='bbox 1579 3257 1614 3289; x_wconf 92' lang='lat'><strong>1.</strong></span> <span class='ocrx_word' id='word_1_512' title='bbox 1642 3253 1750 3291; x_wconf 79' lang='lat' dir='ltr'><strong>ERN.</strong></span> 
     </span>
    </p>

    <p class='ocr_par' dir='ltr' id='par_1_14' title="bbox 1062 3305 1943 3625">
     <span class='ocr_line' id='line_1_76' title="bbox 1115 3305 1938 3357; baseline 0.004 -16"><span class='ocrx_word' id='word_1_513' title='bbox 1115 3305 1250 3344; x_wconf 83' lang='lat' dir='ltr'><strong>Milite</strong></span> <span class='ocrx_word' id='word_1_514' title='bbox 1267 3306 1320 3343; x_wconf 84' lang='lat' dir='ltr'><strong>ad</strong></span> <span class='ocrx_word' id='word_1_515' title='bbox 1328 3307 1560 3356; x_wconf 73' lang='lat' dir='ltr'><strong>sanguinem</strong></span> <span class='ocrx_word' id='word_1_516' title='bbox 1577 3314 1615 3345; x_wconf 87' lang='lat' dir='ltr'><strong>et</strong></span> <span class='ocrx_word' id='word_1_517' title='bbox 1631 3307 1751 3349; x_wconf 70' lang='lat' dir='ltr'><strong>ccede-s·</strong></span> <span class='ocrx_word' id='word_1_518' title='bbox 1770 3305 1938 3357; x_wconf 74' lang='lat' dir='ltr'><strong>obverso]</strong></span> 
     </span>
     <span class='ocr_line' id='line_1_77' title="bbox 1063 3359 1942 3410; baseline 0.001 -14"><span class='ocrx_word' id='word_1_519' title='bbox 1063 3359 1148 3397; x_wconf 90' lang='lat' dir='ltr'><strong>MS.</strong></span> <span class='ocrx_word' id='word_1_520' title='bbox 1181 3360 1278 3408; x_wconf 85' lang='lat' dir='ltr'><strong>Agr.</strong></span> <span class='ocrx_word' id='word_1_521' title='bbox 1307 3360 1367 3397; x_wconf 81' lang='lat' dir='ltr'><strong>ed.</strong></span> <span class='ocrx_word' id='word_1_522' title='bbox 1401 3371 1461 3409; x_wconf 86' lang='lat' dir='ltr'><strong>pr.</strong></span> <span class='ocrx_word' id='word_1_523' title='bbox 1491 3361 1544 3398; x_wconf 85' lang='lat' dir='ltr'><strong>ad</strong></span> <span class='ocrx_word' id='word_1_524' title='bbox 1572 3362 1692 3401; x_wconf 77' lang='lat' dir='ltr'><strong>coedes</strong></span> <span class='ocrx_word' id='word_1_525' title='bbox 1726 3368 1762 3399; x_wconf 82' lang='lat' dir='ltr'><strong>et</strong></span> <span class='ocrx_word' id='word_1_526' title='bbox 1798 3374 1942 3410; x_wconf 75' lang='lat' dir='ltr'><strong>sanga.</strong></span> 
     </span>
     <span class='ocr_line' id='line_1_78' title="bbox 1063 3415 1943 3463; baseline -0.002 -10"><span class='ocrx_word' id='word_1_527' title='bbox 1063 3415 1256 3453; x_wconf 71' lang='lat' dir='ltr'><strong>Praeterea</strong></span> <span class='ocrx_word' id='word_1_528' title='bbox 1285 3415 1346 3452; x_wconf 88' lang='lat' dir='ltr'><strong>ed.</strong></span> <span class='ocrx_word' id='word_1_529' title='bbox 1374 3426 1437 3463; x_wconf 84' lang='lat' dir='ltr'><strong>pr.</strong></span> <span class='ocrx_word' id='word_1_530' title='bbox 1470 3416 1651 3453; x_wconf 76' lang='lat' dir='ltr'><strong>adverso.-</strong></span> <span class='ocrx_word' id='word_1_531' title='bbox 1693 3416 1807 3452; x_wconf 84' lang='lat' dir='ltr'><strong>male.</strong></span> <span class='ocrx_word' id='word_1_532' title='bbox 1868 3415 1943 3451; x_wconf 86' lang='lat' dir='ltr'><strong>Ob-</strong></span> 
     </span>
     <span class='ocr_line' id='line_1_79' title="bbox 1063 3468 1942 3519; baseline 0 -13"><span class='ocrx_word' id='word_1_533' title='bbox 1063 3481 1194 3507; x_wconf 74' lang='lat' dir='ltr'><strong>versus</strong></span> <span class='ocrx_word' id='word_1_534' title='bbox 1210 3469 1253 3505; x_wconf 82' lang='lat' dir='ltr'><strong>in</strong></span> <span class='ocrx_word' id='word_1_535' title='bbox 1265 3469 1431 3519; x_wconf 80' lang='lat' dir='ltr'><strong>aliquid,</strong></span> <span class='ocrx_word' id='word_1_536' title='bbox 1446 3481 1516 3518; x_wconf 88' lang='lat' dir='ltr'><strong>pro</strong></span> <span class='ocrx_word' id='word_1_537' title='bbox 1529 3481 1744 3515; x_wconf 76' lang='lat' dir='ltr'><strong>conversus,</strong></span> <span class='ocrx_word' id='word_1_538' title='bbox 1760 3468 1942 3518; x_wconf 77' lang='lat' dir='ltr'><strong>pluribus</strong></span> 
     </span>
     <span class='ocr_line' id='line_1_80' title="bbox 1064 3522 1939 3571; baseline 0.006 -12"><span class='ocrx_word' id='word_1_539' title='bbox 1064 3523 1158 3559; x_wconf 89' lang='lat' dir='ltr'><strong>locis</strong></span> <span class='ocrx_word' id='word_1_540' title='bbox 1194 3522 1342 3559; x_wconf 85' lang='lat' dir='ltr'><strong>dictum</strong></span> <span class='ocrx_word' id='word_1_541' title='bbox 1372 3523 1483 3559; x_wconf 87' lang='lat' dir='ltr'><strong>Livio</strong></span> <span class='ocrx_word' id='word_1_542' title='bbox 1505 3526 1547 3571; x_wconf 84' lang='lat'><strong>6,</strong></span> <span class='ocrx_word' id='word_1_543' title='bbox 1568 3528 1606 3563; x_wconf 94' lang='grc'><strong>7.</strong></span> <span class='ocrx_word' id='word_1_544' title='bbox 1638 3529 1703 3561; x_wconf 80' lang='lat'><strong>24.</strong></span> <span class='ocrx_word' id='word_1_545' title='bbox 1727 3527 1801 3562; x_wconf 79' lang='lat' dir='ltr'><strong>etc.</strong></span> <span class='ocrx_word' id='word_1_546' title='bbox 1829 3522 1939 3564; x_wconf 76' lang='lat' dir='ltr'><strong>ERN·</strong></span> 
     </span>
     <span class='ocr_line' id='line_1_81' title="bbox 1062 3576 1436 3625; baseline 0 -10"><span class='ocrx_word' id='word_1_547' title='bbox 1062 3576 1167 3615; x_wconf 89' lang='lat' dir='ltr'><strong>Bud.</strong></span> <span class='ocrx_word' id='word_1_548' title='bbox 1185 3576 1295 3625; x_wconf 81' lang='lat' dir='ltr'><strong>vulg.</strong></span> <span class='ocrx_word' id='word_1_549' title='bbox 1312 3579 1436 3615; x_wconf 83' lang='lat' dir='ltr'><strong>tenet.</strong></span> 
     </span>
    </p>
   </div>
   <div class='ocr_carea' id='block_1_9' title="bbox 1158 3636 1258 3694">
    <p class='ocr_par' dir='ltr' id='par_1_15' title="bbox 1158 3636 1258 3694">
     <span class='ocr_line' id='line_1_82' title="bbox 1158 3636 1258 3694; baseline 0 -12"><span class='ocrx_word' id='word_1_550' title='bbox 1158 3636 1258 3694; x_wconf 71' lang='lat'><strong>94</strong></span> 
     </span>
    </p>
   </div>
  </div>
 </body>
</html>
