2190 3880
283 124 350 170 84
579 112 1186 167 HISTORIARUM
1226 106 1389 168 LIB.
1422 117 1463 169 1.
1498 116 1666 170 CAP.
1699 125 1783 172 90.

151 255 204 303 Α.
220 260 273 301 U.
288 244 402 310 sed,
425 242 690 298 festinata
702 245 823 318 jam
849 245 1062 318 pridem
1089 246 1400 312 exactione,
1429 265 1530 300 usu
1555 247 1754 312 sterile.
1828 244 1975 302 Mox
2002 264 2106 304 voa

166 317 259 356 323·
288 327 412 371 cata
435 317 720 377 concione,
743 319 1060 390 mcgjestatem
1082 317 1223 371 urhis
1243 328 1291 372 et
1317 338 1602 373 consensum
1630 318 1827 391 Populi
1853 339 1913 373 ac
1942 320 2108 376 Sena·-

151 369 368 468 A7‘0C‘tus
403 407 504 463 pro
539 409 588 444 se
625 391 913 458 adtollenS,
955 391 1241 443 adversum
1281 391 1602 444 Vitellianas
1640 403 1822 464 partes
1860 393 2108 448 modeste

234 451 244 463 ’
288 463 579 517 disseruit:
617 463 876 516 inscitiam
907 463 1082 532 potius
1112 462 1386 534 legionum,
1421 482 1577 535 quam
1605 464 1897 530 audaciam,
1930 465 2106 520 incre-

286 553 444 608 panS,
471 535 619 588 nulla
645 535 853 587 Vitellii
880 535 1159 588 mentione
1183 555 1196 588 :
1236 535 1349 588 sive
1379 536 1547 606 ipsius
1574 553 1638 588 ea
1663 536 1988 603 moderatiO,
2010 556 2107 592 seu

288 608 524 679 scriptor
563 607 844 672 orationiS,
882 606 984 659 sibi
1030 617 1295 672 metuenS,
1337 607 1683 662 contumeliis
1726 610 1783 661 in
1821 609 2106 666 Vitellium

280 680 587 749 abstinuit:
626 679 867 750 quandO,
903 691 963 731 ut
1000 679 1053 732 in
1095 679 1337 732 consiliis
1375 680 1606 745 militiae,
1635 680 1901 734 Suetonio
1942 680 2108 736 Paul-

286 750 401 805 lino
438 762 496 804 et
538 751 721 804 Mario
750 750 932 815 Celso,
957 750 1038 804 ita
1071 751 1126 803 in
1165 752 1325 804 rebus
1369 753 1587 804 urbanis
1618 752 1824 806 Galerii
1850 751 2106 810 Trachali

286 824 513 895 ingenio
538 822 819 876 Othonem
847 822 927 875 uti
957 824 1296 877 credebatur.
1331 835 1387 877 et
1413 836 1584 890 erant,
1606 825 1699 896 qui
1723 843 1895 897 genus
1922 827 2106 897 ipsum

288 896 479 949 orandi
520 905 828 961 noscerent,
854 895 1048 948 crebro
1089 895 1195 948 fori
1234 915 1334 948 usu
1377 896 1606 962 celebre,
1633 908 1688 949 et
1724 897 1792 950 ad
1819 898 2107 970 inplendae

287 984 444 1020 aures
473 966 654 1026 ,latum
693 980 751 1020 et
787 984 1005 1020 sonans.
1082 966 1307 1021 Clamor
1349 987 1616 1039 vocesque
1643 970 1814 1042 vulgi,
1842 988 1912 1022 ex
1953 985 2107 1024 more

288 1039 567 1107 adulandi,
604 1040 788 1092 nimiae
822 1053 879 1092 et
913 1039 1084 1093 falsae.
1123 1040 1276 1111 quasi
1320 1039 1666 1093 Dictatorem-
1690 1041 1984 1108 Caesarem,
2010 1053 2108 1098 aut

288 1110 685 1183 Imperatorem
722 1111 1037 1184 Augustum
1075 1124 1547 1184 prosequerentur,
1587 1113 1666 1166 ita
1702 1114 1895 1168 studi-is
1931 1115 2106 1168 votis-

286 1202 394 1255 que
419 1186 722 1238 certabant.
750 1203 853 1238 nec
880 1196 1030 1236 metu
1057 1196 1152 1237 aut
1177 1203 1379 1251 amore,
1407 1185 1500 1238 sed
1527 1203 1595 1239 ex
1624 1185 1851 1238 libidine
1876 1187 2104 1254 ser-vitii,

286 1266 353 1308 ut
390 1257 446 1308 in
489 1255 731 1322 familiis,
762 1257 974 1328 privata
1014 1259 1214 1327 cuique
1255 1257 1554 1310 stimulatio
1589 1270 1644 1309 ct
1671 1258 1776 1311 vile
1793 1257 1912 1328 jam
1936 1258 2105 1314 decus

285 1327 590 1399 publicum.
669 1328 956 1382 Profectus
995 1328 1168 1394 Otho,
1202 1329 1443 1400 quietem
1477 1329 1636 1383 'urbis
1679 1347 1945 1404 curasque
1991 1330 2105 1384 Im-

286 1400 426 1472 perii
453 1400 638 1454 Salvio
663 1399 886 1454 Titiano
911 1400 1066 1454 fratri
1097 1402 1365 1473 permisit.

340 1544 552 1584 festinata
566 1545 786 1598 eni-actione]
825 1546 980 1595 Nempe
993 1545 1045 1584 ab
1057 1546 1173 1596 ipsis,

287 1600 359 1648 qui
385 1600 479 1638 fisco
500 1605 719 1649 praeerant:
749 1602 819 1651 qui
846 1602 1095 1650 festinantes,
1114 1606 1173 1648 et,

285 1658 334 1692 ut
361 1654 405 1692 in
424 1655 590 1700 talibus,
614 1656 848 1704 diffidentes,
870 1661 1084 1706 exegerant
1110 1657 1175 1695 vel

284 1712 380 1747 ante
407 1709 535 1747 diem:
573 1711 756 1760 pactione
785 1713 905 1749 etiam
935 1712 1083 1762 aliqua,
1101 1714 1175 1750 aut

284 1765 529 1802 remissione.
583 1766 724 1815 Itaque
755 1779 827 1816 pro
860 1769 934 1804 hac
957 1768 1172 1813 sententia,

282 1817 388 1856 bene
401 1819 508 1858 Flor.
536 1823 578 1857 et
590 1822 750 1868 quidam
760 1822 852 1859 libri
859 1823 1173 1873 fistinatajam-

277 1875 438 1924 pn'dem
472 1877 674 1913 exactione
689 1890 702 1914 .-
741 1878 876 1915 addita
903 1877 1173 1926 significanter

282 1938 391 1966 voce.
423 1929 536 1966 Ln’s.
575 1930 742 1968 Habent
754 1935 796 1969 et
810 1933 899 1971 MS.
917 1934 1016 1982 Agr.
1034 1932 1095 1970 ed.
1108 1943 1170 1981 pr.

283 1986 502 2032 ceteraeque
528 1987 623 2021 ante
643 1986 897 2033 Rhenanum,
923 1987 993 2035 qui
1016 1987 1058 2025 id
1080 1998 1168 2024 ver·-

283 2036 381 2075 bum
409 2038 528 2086 ejecit
547 2038 659 2089 (quia
683 2042 826 2079 aBud.
854 2039 1000 2092 abest).
1040 2043 1171 2081 'Rece-

281 2103 378 2142 pere
387 2094 474 2141 jam
492 2094 666 2143 Ryckius
682 2099 724 2132 et
739 2097 779 2134 J.
799 2097 1038 2136 Gronovius.
1069 2098 1166 2135 Mox

281 2147 372 2240 ἃᾶ.
391 2151 543 2186 veteres
562 2154 603 2187 et
622 2149 741 2203 (Bud.
759 2150 821 2203 ac)
843 2150 976 2191 Guelf.
1002 2166 1078 2191 usu
1091 2158 1166 2191 ste-

314 2203 368 2240 'i.
422 2203 532 2242 Ean.

339 2256 491 2295 Galerii
514 2258 718 2309 Trachali]
778 2259 839 2296 De
865 2270 914 2296 eo
943 2260 1091 2298 dictum
1122 2261 1166 2299 in

282 2308 396 2348 Dial.
445 2311 493 2349 de
539 2313 797 2351 Oratoribus„
844 2315 942 2352 Mox
979 2315 1165 2354 Othonem

281 2365 498 2404 insititium
534 2371 650 2416 putat
683 2368 900 2408 Acidalius.
934 2382 1016 2408 non
1048 2371 1166 2408 male.

281 2421 386 2459 Item
410 2420 471 2458 ab·
491 2421 551 2459 ed.
583 2435 645 2472 pr.
662 2426 750 2472 post
779 2424 894 2462 abest
909 2425 1054 2475 populi
1073 2429 1168 2463 ante

282 2487 410 2514 aures,
437 2480 558 2515 recte.
611 2477 652 2516 Si
670 2479 851 2517 Romana
871 2481 1001 2528 prima
1022 2479 1074 2517 ab
1098 2480 1169 2518 illa

280 2529 437 2568 diversa
454 2537 529 2578 est,
548 2533 756 2570 consentit.
783 2535 833 2572 V.
848 2536 1057 2573 Gruterus.
1086 2536 1168 2573 Ita·

281 2596 362 2634 que
378 2585 519 2624 delevi.
545 2586 655 2626 ERN.
695 2588 757 2624 De
771 2590 966 2628 Trachalo
984 2602 1021 2628 v.
1039 2590 1170 2632 Quin-

279 2639 367 2678 ctil.
400 2646 464 2687 10,
492 2647 528 2688 1,
558 2647 649 2682 119.
682 2647 748 2690 12,
776 2649 816 2691 5,
844 2649 883 2682 5.
916 2650 980 2692 ιε,
1010 2650 1076 2692 10,
1105 2649 1168 2683 11.

281 2695 432 2734 Consul
449 2695 529 2733 fuit
548 2707 587 2735 a.
608 2707 651 2734 u.
672 2702 764 2736 821.
786 2711 875 2737 cum
895 2701 940 2739 C.
968 2699 1067 2738 Silio
1086 2700 1168 2738 Ita-

279 2748 370 2788 lico.
412 2751 563 2801 Populi
585 2749 735 2791 habent
758 2753 863 2792 Bud.
886 2753 984 2804 Agr.
1010 2759 1052 2791 et
1079 2755 1167 2793 edd.

279 2807 358 2842 vet.
413 2806 564 2843 Contra
586 2805 699 2844 abest
717 2818 742 2844 a
759 2810 845 2847 cod.
870 2809 970 2858 Reg.
999 2810 1163 2848 Lauem.

281 2857 384 2895 Loco
399 2860 587 2898 othonem
599 2867 799 2911 reponunt
810 2863 904 2912 Bip.
923 2871 960 2903 ec
973 2866 1163 2912 oratione,

281 2916 323 2948 et
339 2913 390 2950 ad
406 2915 458 2952 A.
479 2919 544 2961 13,
563 2920 602 2953 3.
623 2921 853 2965 provocant,
868 2917 939 2956 ubi
953 2918 1099 2956 similia
1114 2920 1162 2956 de

279 2965 454 3014 Nerone,
487 2971 557 3018 qui
597 2971 776 3011 oratione
811 2984 921 3020 usus,
957 2985 983 3011 a
1014 2973 1163 3012 Seneca

278 3023 508 3071 composita.

331 3074 502 3128 Latum]
560 3077 704 3118 Heins.
749 3079 871 3119 dabat
913 3082 1076 3129 elatum,
1114 3086 1162 3121 ut

277 3128 457 3169 Graevius
490 3143 646 3180 quoque
673 3137 839 3183 ap..Cic.
867 3136 918 3174 ad
946 3137 1040 3175 Div.
1057 3140 1099 3184 6,
1118 3143 1159 3178 7.

277 3183 354 3222 Sed
370 3195 435 3235 ap.
458 3186 539 3223 Cic.
558 3187 601 3222 in
622 3185 752 3225 Bruto
769 3201 805 3228 c.
823 3196 891 3229 31.
920 3176 1163 3236 adstriztibd

278 3241 447 3278 orationi
455 3240 668 3290 opponitur
681 3242 800 3282 etiam
811 3245 966 3285 liberior
978 3252 1015 3284 et
1025 3246 1158 3285 latior.

277 3292 347 3331 Nil
365 3306 458 3344 ergo
477 3295 726 3336 mutandum.

331 3348 414 3388 Sed
428 3362 476 3387 ea·
491 3349 650 3387 libidine
666 3350 831 3398 servitii,
847 3357 893 3390 nt
909 3352 1154 3405 insamt'lit’sj

276 3401 653 3454 Veriusclariusque
666 3405 909 3456 distinxeris,
920 3409 1082 3448 seruitii.
1105 3407 1158 3447 Ue

1223 1547 1269 1585 in
1286 1546 1482 1596 familiis,
1504 1550 1578 1585 etc.
1625 1547 1739 1586 ers.
1790 1548 1874 1586 Nec
1901 1548 1997 1598 quid
2022 1548 2106 1588 haeo

1224 1602 1347 1641 verba
1364 1601 1441 1647 sibi
1459 1602 1599 1648 velint,
1618 1614 1690 1647 nec
1711 1602 1806 1652 quid
1823 1601 2023 1641 Saviliana
2039 1615 2109 1641 eo-

1225 1669 1316 1694 rum
1344 1657 1570 1706 explicatio,
1587 1657 1686 1694 inter
1711 1658 1885 1704 servitia,
1911 1658 2109 1708 intelligo,

1227 1712 1465 1761 Suspicabar
1491 1718 1653 1749 autem:
1684 1712 1753 1750 sed
1771 1726 1822 1751 ea:
1846 1713 2006 1751 libidine
2024 1726 2106 1754 ser·

1225 1768 1316 1806 vitii
1324 1773 1363 1806 et
1378 1768 1422 1806 in
1437 1768 1561 1805 tamis
1577 1767 1696 1804 malis
1707 1768 1867 1817 privam
1883 1768 2020 1818 cuique
2030 1770 2104 1806 sti-

1223 1823 1392 1860 mulatio
1408 1827 1447 1860 et
1463 1823 1538 1860 vice
1548 1822 1663 1860 decus
1675 1823 1888 1872 publicum.
1915 1822 1979 1860 Sic
1990 1822 2108 1861 video

1224 1876 1399 1927 aliquam
1411 1877 1664 1915 sententiam.
1723 1875 1770 1914 Τὸ
1784 1882 1822 1914 et
1832 1877 2104 1927 accipiendum

1224 1943 1298 1982 pro
1325 1932 1459 1971 etiam.
1515 1931 1653 1970 Solent
1678 1931 1842 1969 adversa
1867 1943 1915 1970 ex
1941 1932 2107 1971 fortuna

1220 1985 1342 2024 ebriis
1364 1988 1493 2025 facere
1511 1985 1677 2033 sobrios,
1696 1990 1737 2023 et
1756 1987 1966 2025 admonere
1988 1987 2106 2025 deeo-

1219 2041 1291 2088 ris,
1317 2045 1438 2091 atque
1467 2041 1635 2087 efficere,
1659 2044 1722 2087 ut,
1750 2041 1908 2090 privata
1933 2054 2003 2092 spe
2031 2053 2108 2083 ne·‚

1219 2096 1362 2145 glecta,
1380 2096 1425 2134 in
1441 2095 1647 2145 publicum
1665 2095 1929 2135 consulamus.
1981 2098 2038 2135 At
2057 2096 2102 2134 hi

1221 2152 1334 2199 adeo,
1363 2151 1509 2200 inquit,
1534 2151 1748 2188 adsuerant
1775 2151 1908 2192 servili
1931 2150 2103 2189 adulati-

1218 2207 1302 2253 oni,
1324 2210 1371 2244 ut
1401 2206 1539 2252 etiam,
1566 2217 1688 2255 quum
1713 2210 1872 2255 cogeret
1899 2217 2030 2252 nemo,
2059 2208 2103 2244 et

1217 2264 1332 2302 tanta
1360 2260 1612 2298 imminentia
1639 2260 1765 2297 civilis
1792 2260 1885 2298 belli
1911 2260 2016 2298 mala
2042 2259 2104 2297 fa·

1218 2315 1291 2352 cile
1303 2315 1499 2356 tristiores
1512 2314 1646 2352 vultus
1665 2319 1914 2362 excusarent,
1930 2316 2102 2365 gratiam

1220 2373 1430 2420 captarent
1446 2370 1656 2419 privatam,
1671 2381 1744 2407 nec
1758 2371 1993 2419 cogitarent,
2004 2369 2101 2420 quid

1219 2425 1293 2464 tali
1314 2429 1494 2474 tempore
1516 2423 1760 2474 Reipublicae
1783 2425 1951 2463 deceret.
1978 2425 2035 2463 H.
2056 2430 2098 2470 2,

1221 2486 1287 2521 71.
1338 2479 1523 2518 Vitellius
1546 2479 1745 2518 Neronem
1771 2481 1915 2522 sectari
1936 2485 2101 2517 cantau-

1219 2541 1297 2573 tem
1307 2536 1459 2580 solitus,
1470 2546 1546 2573 non
1563 2536 1803 2580 necessitate,
1820 2547 1899 2585 qua
1914 2534 2100 2572 honestis-

1221 2591 1346 2628 simus
1369 2591 1543 2641 quisque,
1561 2590 1631 2627 sed
1645 2590 1746 2627 luxu
1763 2595 1802 2626 et
1814 2589 1970 2638 sagina?
1987 2600 2100 2625 nian-

1221 2645 1376 2695 cipatus
1391 2651 1627 2695 emptasque.
1669 2645 1724 2681 Et
1740 2655 1774 2681 c.
1793 2649 1858 2685 ¹74.
1885 2655 1935 2680 ex
1953 2642 2038 2680 MS.
2054 2644 2104 2688 iuv

1220 2705 1334 2739 tanta
1351 2701 1465 2746 mole,
1481 2710 1554 2749 pro
1580 2700 1708 2736 inerat
1735 2711 1762 2736 a
1787 2699 1887 2736 mole
1907 2698 2015 2736 eruit
2034 2697 2099 2735 Pi-

1218 2753 1357 2792 chena.
1413 2756 1551 2792 Giton.
1606 2752 1711 2790 Mihi
1735 2753 1941 2802 vulgatum
1963 2763 2098 2793 verum

1217 2809 1387 2848 videtur.
1420 2808 1592 2859 Populus
1609 2808 1804 2846 serviendi
1815 2807 1947 2844 studio
1961 2806 2097 2844 eadem

1216 2864 1400 2911 faciebat,
1418 2875 1506 2913 quae
1525 2864 1567 2900 in
1589 2862 1756 2911 privatis
1781 2861 1929 2900 aedibus
1944 2860 2098 2898 familia

1215 2930 1418 2957 servorum
1439 2918 1552 2956 solet.
1607 2916 1803 2955 Utilitatis
1823 2927 1920 2953 cura
1940 2921 2000 2954 est
2015 2916 2097 2953 sin-

1214 2974 1334 3022 gulis,
1363 2973 1475 3012 nulla
1503 2971 1710 3022 dignitatis
1738 2981 1784 3008 ac
1816 2969 1979 3011 decoris.
2009 2970 2106 3011 MSf

1214 3029 1348 3067 Guelf.
1363 3027 1483 3079 (Bud.
1499 3024 1613 3076 Agr.)
1633 3026 1849 3064 simulatio.
1876 3026 1986 3064 ERN.
2014 3025 2097 3063 Fa-

1212 3085 1341 3130 milia,
1360 3086 1409 3122 ut
1429 3093 1495 3131 ap.
1523 3080 1729 3119 Phaedrum
1744 3086 1797 3127 3,
1818 3085 1882 3121 19.
1920 3080 2106 3131 AEeopue„

1213 3138 1366 3177 domino
1382 3138 1489 3174 solus
1505 3147 1625 3186 quum
1640 3140 1738 3173 esset
1740 3134 1926 3183 familia.

1268 3191 1474 3241 Profectus
1493 3188 1611 3239 Otho]
1654 3189 1766 3228 Suet.
1792 3190 1989 3228 referente
2003 3198 2041 3232 c,
2054 3192 2105 3225 8..

1207 3246 1408 3296 profectus
1421 3250 1478 3284 est
1501 3256 1545 3283 eo
1564 3245 1639 3288 die,
1657 3257 1734 3295 quo
1761 3245 1926 3283 cultores
1950 3243 2093 3280 matris
2115 3236 2139 3256 ‘⁵
2183 3240 2185 3242 ’

1212 3301 1346 3339 Deam
1369 3300 1580 3338 lammari
1595 3311 1644 3337 ac
1668 3300 1857 3350 plangere
1882 3297 2092 3349 inc-Pium.

1210 3355 1331 3394 fiebat
1348 3354 1387 3393 id
1400 3355 1462 3394 die
1478 3359 1543 3396 27.
1560 3353 1715 3393 Martii.
