2190 3880
637 99 796 154 LIB.
830 99 869 148 1.
923 98 1090 148 CAP.
1122 103 1200 146 85.
1754 106 1817 153 79

41 231 90 276 et
114 240 221 277 mea
243 241 356 276 cum
378 231 542 282 vestra
566 222 701 276 salus
719 222 1062 276 incolumitate
1088 222 1299 276 Senatus
1313 219 1596 290 firmatur..
1653 222 1813 276 Hunc
1826 242 1876 280 A.
1894 242 1947 281 U.

39 294 296 364 auspicato
332 313 365 346 a
390 303 602 365 parente
635 303 684 347 et
718 294 970 347 conditore
1002 294 1137 346 urbis
1169 302 1345 346 noscrae
1378 293 1679 357 institutum,
1703 305 1750 347 et
1780 300 1933 347 a.823·

41 363 267 434 Regibus
294 384 448 437 usque
479 366 550 418 ad
573 365 839 436 Principes
874 365 1162 419 continuum
1195 373 1243 416 et
1275 363 1609 428 inmortalem,
1628 365 1755 417 sicut
1780 385 1811 418 a
1826 352 1902 447 Aio
1931 378 1944 417 .·

38 436 311 505 majoribus
333 438 627 508 accepimuS,
653 438 723 490 sic
742 437 954 507 posteris
977 435 1256 489 tradamaS.
1297 483 1300 487 ,
1331 434 1488 500 Nam,
1513 443 1570 486 ut
1594 453 1653 486 ex
1677 436 1813 487 vobis
1907 431 1918 442 ⁰

38 504 313 572 Senatores,
340 506 414 560 ita
439 526 499 561 ex
525 508 850 562 Senator-ibus
875 508 1137 577 Principes
1169 515 1460 559 nascuntur.
1536 505 1616 557 Ea
1639 507 1811 558 ora-tio
1828 515 1895 561 85

39 576 106 628 ad
135 580 565 649 perstringendos
603 580 1017 649 mulcendosque
1054 579 1286 633 militum
1324 579 1550 640 animOS,
1576 588 1630 629 et
1667 595 1814 629 seve—

38 648 214 700 ritatis
242 650 431 703 modus
456 656 653 721 (neque
674 651 815 709 enim
844 651 897 703 in
926 651 1120 721 plureS,
1145 668 1306 720 quam
1335 651 1387 706 in
1415 650 1549 701 duos
1575 649 1816 701 animad-

39 720 175 772 verti
186 719 444 789 jusserat)
470 735 622 792 grate
646 732 885 792 accepta,
911 721 1305 792 compositique
1330 721 1397 773 ad
1436 738 1685 790 praesenS,
1722 721 1828 789 qui,

40 791 270 843 coerceri
299 791 418 844 'non
455 805 719 863 poterant.
795 793 919 844 Non
970 805 1149 844 tamen
1194 792 1344 861 quies
1392 791 1508 843 urbi
1557 792 1782 843 redierat
1800 813 1831 844 ε.

40 861 296 932 strepitus
337 863 562 916 telorum
590 875 644 916 et
671 863 833 916 facies
868 863 990 916 belli
1028 875 1172 916 erat:
1210 863 1490 927 militibus,
1513 873 1573 914 ut
1599 862 1733 916 nihil
1759 863 1817 915 in

39 949 324 985 commune
350 935 798 1000 turbantibus,ita
824 936 1017 1005 sparsis
1040 953 1131 1005 per
1153 934 1359 997 dom05‚
1375 932 1588 986 occulto
1604 933 1814 996 habitu,

38 1014 95 1057 et
119 1004 354 1075 maligna
371 1019 499 1057 cura
526 1007 580 1058 in
607 1024 959 1076 omneS,quos
979 1005 1232 1058 nobilitas
1256 1017 1348 1057 aut
1370 1023 1498 1074 opes
1519 1016 1610 1056 aut
1637 1005 1815 1074 aliqua

37 1073 264 1144 insignis
290 1076 551 1130 claritudo
578 1078 878 1131 rumoribus
907 1077 1199 1146 objecerat.
1260 1076 1574 1142 Vitellianos
1601 1094 1817 1145 quoque

37 1144 237 1198 milites
263 1148 470 1206 venisse
493 1150 545 1201 in
565 1149 759 1207 ,unbem
787 1149 854 1200 ad
881 1148 1057 1200 studia
1096 1147 1325 1217 partium
1349 1147 1634 1211 noscenda,
1659 1147 1815 1217 pleri-

37 1234 142 1285 que
163 1218 469 1277 eredebant.
545 1219 700 1272 Unde
726 1219 883 1290 plena
918 1219 1100 1271 omnia
1127 1218 1512 1288 suspicionum,
1537 1229 1592 1269 et
1614 1219 1706 1270 vix
1735 1236 1816 1269 se-

40 1296 186 1340 creta
207 1289 460 1350 domuum
491 1292 603 1342 sine
632 1290 935 1342 formidine.
991 1290 1094 1342 Sed
1129 1289 1414 1360 plurimum
1443 1289 1818 1360 trepidationis

39 1359 94 1411 in
125 1359 362 1430 publico.⁴
432 1361 508 1413 Ut
531 1362 1071 1431 quemquepnuntium
1099 1360 1243 1412 fama
1266 1360 1562 1424 adtulisset,
1578 1361 1816 1413 animum

41 1429 354 1500 vultumque
389 1432 653 1496 conversi,
690 1451 756 1484 ne
794 1434 1035 1485 diffidere
1073 1432 1250 1485 dubiis
1279 1450 1341 1483 ac
1370 1450 1557 1502 parum
1583 1432 1818 1502 gaudere

38 1499 303 1572 prosperis
341 1503 665 1555 viderentur.
741 1503 948 1556 Coacto
982 1517 1115 1561 ¹'vero
1155 1503 1208 1554 in
1246 1503 1446 1557 curiam
1488 1503 1710 1566 Senatu,
1733 1522 1817 1555 ar-

37 1573 174 1625 duus
213 1591 386 1638 rerum
437 1575 676 1632 omnium
720 1575 929 1640 moduS,
967 1593 1032 1628 ne
1079 1585 1372 1627 contumax
1422 1573 1710 1639 silentium,
1752 1593 1816 1626 ne

36 1762 202 1812 quodam
230 1763 390 1802 retineri
413 1776 537 1816 posse,
566 1764 643 1802 imo
665 1765 822 1812 debere,
838 1777 899 1803 as—

37 1819 184 1854 sentior
209 1819 411 1856 Rhenano.
464 1821 539 1858 Sed
571 1820 688 1857 velim
717 1820 900 1870 amplius,

36 1873 227 1917 ιἠαπὶηια,
260 1873 435 1919 rescribi,
479 1873 609 1922 paullo
642 1877 748 1912 ante.
788 1875 899 1911 Ln’s.

36 1925 188 1962 Fir-mat
207 1928 426 1976 promiscua
453 1934 542 1965 mm
570 1928 628 1965 ed.
659 1940 718 1977 pr.
755 1929 901 1976 recepit

38 1979 211 2018 Freinsh.
227 1990 315 2017 cum
331 1979 454 2018 altero
470 1983 645 2019 inanima
663 1992 733 2031 pro
752 1983 899 2019 inania.

37 2031 146 2070 ERN.
184 2033 301 2073 Quod
327 2034 377 2070 ad
406 2035 509 2072 Flor.
539 2035 760 2080 lectionem,
789 2039 901 2072 notat

36 2086 220 2132 Pichena,
250 2088 292 2124 in
319 2088 550 2137 quibusdam
577 2089 772 2126 codicibus
792 2091 903 2133 ‚anti-

39 2142 124 2187 quis
168 2153 318 2197 semper
359 2142 436 2190 legi
474 2145 702 2192 promiscue,
749 2157 788 2187 α,
821 2152 903 2180 um.

37 2194 156 2242 Apud
172 2195 355 2233 Plautum
378 2208 530 2245 quoque
557 2201 596 2234 et
618 2197 790 2234 Gellium
817 2209 905 2246 pas·

39 2248 112 2284 sim
145 2248 212 2286 sic.
264 2250 384 2287 Muta
419 2257 534 2300 atque
577 2252 752 2288 inanima
785 2252 902 2289 simili

36 2301 292 2352 modojungit
308 2304 388 2341 Cic.
406 2304 448 2341 in
463 2305 575 2343 Verr.
596 2310 636 2350 5,
654 2308 719 2345 67.

89 2356 308 2394 AEeernitas
336 2357 478 2408 rerum]
519 2359 699 2407 Intellige
729 2358 900 2406 Rempu-

38 2408 176 2446 blicam
215 2411 441 2449 Romanam.
524 2413 617 2450 Paa-
652 2412 735 2450 MS.
769 2412 899 2449 Guelf.

42 2462 172 2512 (Bud.)
193 2464 253 2502 ed.
272 2476 330 2513 pr.
357 2465 484 2503 Rhen.
500 2478 583 2515 sqq.
616 2466 722 2503 Pars
750 2465 898 2503 Puteol.

37 2517 214 2554 Beroald.
228 2519 378 2556 vitiose.
405 2521 511 2557 Ean.

90 2571 151 2608 Et
169 2572 307 2622 oratio]
339 2573 471 2609 Guelf.
491 2585 516 2609 a
541 2584 593 2611 m.
617 2584 676 2621 pr.
705 2574 832 2612 Rhen.
865 2572 903 2624 (e

38 2622 155 2675 Bnd.)
176 2637 256 2674 sqq.
297 2627 352 2662 At
378 2627 462 2664 edd.
487 2631 578 2663 ante
605 2628 732 2665 Rhen.
755 2639 903 2672 omnes,

39 2677 124 2714 MS.
142 2677 238 2727 Agr.
260 2691 319 2725 ea,
342 2682 388 2716 ut
417 2680 575 2718 Mureto
601 2681 763 2728 placuit.
796 2683 902 2719 ERN.

38 2731 148 2770 Brot.
167 2737 208 2769 et
223 2733 314 2781 Bip.
337 2739 440 2770 recte
466 2745 660 2783 recepere,
681 2735 837 2772 restitui
864 2738 906 2772 et

38 2797 133 2834 lpse.

93 2839 185 2876 Non
217 2844 345 2876 tamen
376 2841 482 2889 quies
511 2838 632 2889 urbas]
680 2840 902 2878 Lectionem

38 2891 138 2930 hanc
155 2897 196 2930 et
211 2892 498 2931 distinctionem
511 2905 535 2930 a
549 2894 658 2930 libris
675 2894 811 2942 priscis
822 2905 901 2931 non

39 2947 168 2995 potui,
202 2947 298 2995 quin
338 2947 573 2985 anteferrem
614 2947 794 2996 vulgatae,
832 2952 902 2984 aut

39 3001 272 3050 conjecturis
287 3001 452 3038 aliorum
473 3012 610 3050 parum
628 3003 760 3039 firmis.
789 3002 900 3039 Llrs.

39 3054 102 3091 Sic
136 3058 177 3092 et
207 3055 336 3092 Guelf.
374 3054 509 3106 (Bud.)
542 3056 626 3093 edd.
655 3059 746 3092 ante
774 3057 901 3094 Rhen.

41 3119 185 3146 omnes.
213 3109 290 3145 Hic
311 3108 373 3159 (ex
391 3105 562 3159 ingenio)
584 3110 723 3146 edidit:
748 3122 823 3145 non
839 3115 900 3146 ta-

38 3174 124 3200 men
142 3163 248 3212 quies
275 3163 374 3200 urbi.
426 3164 506 3200 Sed
531 3170 614 3201 erat
640 3170 708 3200 σίν.
732 3169 760 3201 t.
790 3167 830 3200 et
846 3163 900 3200 sic

39 3216 186 3253 editum
205 3227 327 3265 usque
358 3216 406 3253 ad
435 3217 622 3265 Lipsium.
649 3219 744 3257 item
768 3224 805 3254 et
831 3229 901 3265 pro
924 3241 926 3243 -

39 3275 135 3314 erat,
177 3271 279 3318 quod
322 3270 481 3308 exhibet
532 3271 650 3309 etiam
695 3271 797 3308 Flor.
846 3270 903 3322 (et

38 3321 155 3371 Buri.)
175 3324 431 3372 exprimitque
446 3324 563 3362 etiam
580 3326 618 3363 J.
637 3327 757 3363 Gron.
778 3326 885 3362 ERN.

91 3377 289 3415 mlitibus
312 3380 457 3426 sparsis
478 3391 549 3427 per
579 3379 722 3429 domos]
753 3378 906 3416 Turba·
925 3391 928 3394 ’

953 1767 1072 1812 enim,
1087 1765 1230 1803 milites
1248 1766 1289 1803 in
1302 1766 1454 1816 plebeia
1465 1770 1535 1803 aut
1547 1767 1684 1815 pacata
1699 1768 1821 1811 veste,

953 1821 1035 1857 sine
1051 1821 1205 1869 gladiis,
1223 1820 1353 1858 domos
1381 1822 1648 1869 perlustrasse,
1677 1828 1821 1858 sermo<

954 1886 1022 1911 nes
1051 1875 1245 1924 excepisse
1273 1875 1453 1912 adversus
1484 1876 1715 1922 Principem,
1748 1879 1821 1911 aut

954 1932 1099 1965 statum
1122 1933 1363 1976 praesentem.
1415 1928 1604 1966 Arrianus
1623 1940 1711 1966 eum
1739 1940 1820 1965 mo-

953 1994 1035 2018 rem
1063 1982 1159 2020 mihi
1176 1983 1350 2030 suggerit
1374 1984 1476 2020 Diss.
1495 1983 1668 2030 Epicteti
1695 1988 1734 2028 4,
1758 1989 1820 2019 13.

952 2035 1060 2073 Οὕτω
1090 2037 1153 2073 καὶ
1171 2036 1238 2074 ὑπὸ
1257 2035 1326 2072 οὖν
1354 2036 1584 2088 orgarium-5»
1601 2037 1633 2074 ἔν
1647 2035 1765 2087 Ῥώμῃ
1788 2036 1820 2073 οἱ

958 2092 1145 2142 προπετεῖς
1191 2089 1454 2138 numenium-ar.
1523 2088 1820 2143 Παρακεκοίθικὲ

955 2158 1007 2180 σοι
1036 2142 1263 2195 στρατιώτης
1292 2143 1324 2180 ἐν
1351 2142 1524 2192 σχήματι
1559 2141 1736 2193 ἰδιωτικῷ,
1755 2145 1822 2180 καὶ

956 2196 1148 2249 ἀρξάμενος
1168 2195 1292 2238 aaz&
1316 2196 1434 2246 λέγειν
1451 2196 1509 2234 τὸν
1529 2196 1721 2250 Kaio-aga,
1740 2194 1820 2234 εἶτα

955 2250 999 2288 σὺ
1025 2249 1146 2303 ὅστις
1164 2249 1347 2303 ἰνίσχυςον
1374 2251 1460 2303 παρ’
1480 2250 1594 2288 αὐτοῦ
1615 2249 1737 2288 aucam
1755 2251 1819 2291 τῆς

955 2302 1109 2346 πίας-πως
1128 2303 1171 2341 τὸ
1187 2303 1295 2340 aim-liv
1310 2303 1374 2344 ⁴43,-
1393 2301 1564 2356 λοιδορίας
1583 2304 1682 2345 narii
1702 2305 1822 2352 >632¹-

953 2356 1073 2406 λέγεις
1093 2358 1158 2395 καὶ
1175 2357 1282 2398 αὐτὸς
1314 2356 1380 2394 ἴσω
1397 2360 1538 2409 φρονεῖς.
1579 2356 1674 2395 Εἶτα
1682 2320 1821 2403 Sesars,

954 2410 1106 2463 ἀπάγῃ.
1164 2412 1217 2448 Et
1240 2412 1311 2446 hoc
1333 2412 1409 2447 fine
1431 2414 1643 2459 praesertim
1662 2412 1821 2456 milites,

955 2467 1022 2513 qui
1055 2465 1443 2503 frumentaritdicti.
1512 2467 1574 2502 De
1607 2478 1684 2514 quo
1710 2465 1821 2503 alias.

956 2521 1066 2557 laps.
1627 2535 1629 2537 ’

1009 2574 1153 2610 Animo
1164 2574 1345 2622 vultuque
1357 2571 1558 2620 conversis}
1575 2572 1682 2608 Bene
1693 2572 1821 2610 Rhen.

960 2626 998 2678 (e
1014 2625 1132 2675 Bud.)
1154 2629 1326 2664 animum
1341 2627 1559 2674 vultumque
1571 2642 1585 2666 ;
1615 2626 1715 2661 male
1734 2639 1821 2663 con-

957 2683 1069 2718 versi.
1096 2691 1187 2716 nam
1203 2680 1368 2715 alterum
1389 2690 1543 2726 prorsus
1567 2679 1739 2726 postulat
1762 2691 1820 2716 se-

956 2735 1034 2771 ries
1063 2733 1264 2778 orationis,
1292 2734 1333 2769 in
1364 2743 1442 2781 qua
1471 2732 1706 2780 intelligitur
1735 2745 1822 2771 ver-

955 2788 1050 2824 bum
1083 2787 1386 2832 substantivum,
1419 2786 1529 2833 quasi
1564 2791 1688 2823 esset:
1744 2789 1824 2825 Sed

950 2843 1163 2891 plurimum
1195 2841 1458 2889 trepidationis
1485 2842 1528 2877 in
1551 2840 1704 2889 publico
1737 2850 1820 2879 erat

955 2895 1141 2932 conversis
1165 2896 1339 2931 animum
1367 2896 1598 2942 vultumque,
1627 2901 1671 2931 ut
1694 2908 1819 2944 quem-

954 2961 1026 2998 que
1056 2949 1250 2993 nuntium,
1272 2949 1391 2996 fama
1424 2949 1629 2985 attulisset.
1683 2951 1818 2987 63οΝ-

955 3004 1142 3039 Animum
1164 3003 1382 3052 vultumque
1409 3002 1539 3038 Guelf.
1566 3013 1590 3037 a
1608 3013 1667 3050 pr.
1685 3015 1820 3047 manu.

956 3057 1016 3093 ed.
1043 3068 1102 3105 pr.
1150 3056 1298 3093 Ceterae
1321 3059 1413 3092 ante
1440 3057 1565 3092 Rhen.
1590 3059 1718 3094 animo
1736 3059 1819 3094 vul-

952 3116 1080 3159 tuque.
1138 3111 1333 3146 Conversis
1358 3109 1494 3146 deinde
1522 3121 1654 3146 omnes
1683 3113 1818 3160 scripti

954 3168 994 3200 et
1010 3163 1102 3200 editi
1120 3167 1264 3211 praeter
1279 3164 1382 3201 Flor.
1408 3164 1475 3212 qui
1499 3163 1617 3199 habet
1635 3168 1817 3210 conversi,

955 3221 999 3255 ut
1012 3217 1132 3255 edidit
1143 3218 1354 3254 Rhenanus
1371 3215 1408 3267 (e
1424 3217 1542 3264 Bud.)
1560 3229 1569 3252 t
1589 3218 1688 3265 quod
1701 3219 1818 3266 plane

955 3283 1043 3308 cum
1076 3273 1116 3309 J.
1143 3272 1338 3308 Gronovio
1364 3270 1496 3319 probo·
1549 3271 1660 3308 Nova
1686 3276 1818 3310 antem

956 3330 1016 3362 est
1045 3325 1254 3371 sententia,
1285 3330 1331 3362 ut
1367 3327 1467 3362 idem
1500 3325 1612 3362 vidit.
1668 3327 1818 3362 Deinde

959 3391 1030 3428 pro
1057 3392 1103 3416 ac
1127 3380 1293 3417 Ursinus
1325 3383 1365 3415 et
1391 3378 1587 3415 Acidalius
1620 3380 1818 3415 malebant

38 3433 133 3468 runt
143 3442 204 3468 me
218 3432 350 3479 verba,
364 3442 448 3480 quae
462 3433 544 3480 Jam
562 3433 684 3481 capio.
707 3433 907 3481 Significat
959 3439 1039 3471 aut.
1067 3434 1174 3471 Eam.
1202 3433 1321 3481 Ryck.
1338 3434 1492 3481 praefert
1510 3434 1705 3469 conversis.
