2190 3880
748 136 1191 186 L1B.1.·cAP.
1227 142 1323 185 ses
1852 142 1912 185 51

125 260 223 314 bus
250 261 459 315 sordem
493 269 549 314 et
584 260 864 314 avaritiam
904 261 1116 314 Fonteii
1146 259 1449 331 CapitoniS‚
1484 259 1779 313 adimendis
1819 259 1974 313 ad-A.
1995 271 2048 310 U.

122 333 465 402 signandisve
525 331 733 385 militiae
782 333 1080 397 ordinibuS,
1131 334 1339 402 integre
1403 343 1718 382 mutaverat.
1794 331 1911 384 Nec
1928 328 2034 417 ἕως·

125 402 436 462 Consularis
467 403 655 474 Legati
685 422 949 473 mensura,
973 404 1064 455 sed
1092 403 1145 454 in
1176 403 1346 472 majus
1369 402 1551 453 omnia
1576 402 1914 470 accipieban-
1935 405 2049 473 ἦρ]

123 483 229 526 tur.
305 473 376 526 Et
401 475 648 527 Vitellius
675 476 818 546 apud
845 493 1054 527 severos
1081 475 1317 526 humilis.
1393 472 1786 523 Id-comitatem
1820 476 1915 525 bo—

94 548 97 553 ’
122 544 458 616 nitatemque
484 546 724 598 faventes
747 547 1034 611 vocabant,
1057 546 1198 615 quod
1228 546 1340 596 sine
1368 543 1547 608 mod0,
1573 543 1685 594 sine
1703 543 1915 612 judicio

123 615 349 669 donaret
384 635 497 681 sua,
534 617 818 688 largiretur
860 618 1062 670 aliena:
1104 617 1260 668 simul
1300 615 1557 668 aviditate
1599 615 1916 684 imperandi.

122 686 241 757 ipsa
267 688 400 740 vitia
427 707 523 758 pro
550 689 840 741 virtutibus
863 689 1371 758 'interpretabantur
1408 686 1562 737 multi
1603 686 1658 736 in
1690 698 1916 754 utroque

120 758 362 816 exercitu
401 761 540 811 sicut
575 760 804 812 modesti
840 761 1133 829 quietique,
1174 760 1251 811 ita
1278 758 1400 810 mali
1430 770 1485 809 et
1513 756 1734 808 strenui.
1809 757 1916 809 Sed

120 829 340 899 profusa
377 830 632 901 cupidine
672 842 727 882 et
773 830 973 902 insigni
1023 831 1324 883 temeritate
1378 829 1566 898 Legati
1619 827 1915 898 legionum,

119 899 342 953 Alienus
370 899 592 954 Caecina
617 913 671 953 et
698 901 897 954 Fabius
924 902 1119 955 Valens
1143 924 1156 956 :
1194 919 1224 953 e
1261 901 1459 971 quibu&
1486 899 1700 965 ValenS,
1739 898 1915 951 infen-

116 1064 242 1106 mens‚
259 1059 343 1102 sine
369 1059 504 1108 gratiae
519 1062 589 1097 aut
607 1063 776 1108 quaestus
792 1061 987 1108 respectu.
1042 1060 1086 1096 F.
1118 1058 1320 1104 Gronovii,
1355 1068 1471 1107 quam
1507 1055 1579 1105 ipsi
1612 1060 1747 1106 postea
1780 1057 1914 1109 displi-

114 1112 224 1151 ERN.
1041 1114 1167 1150 cuisse
1181 1116 1290 1161 patet
1306 1124 1354 1148 ex
1375 1123 1435 1157 ee,
1461 1112 1562 1160 quod
1579 1124 1657 1147 non
1675 1108 1793 1149 edidit
1812 1123 1913 1151 eam.

166 1167 229 1204 Et
259 1165 444 1205 Vitellius
474 1167 583 1216 apud
620 1180 764 1204 severos
808 1166 984 1215 humilis]

115 1219 327 1258 Rhenanus
349 1219 414 1272 (ex
431 1219 602 1270 ingenio)
623 1225 664 1257 et
691 1220 903 1258 Salinerius
923 1232 988 1257 vo-

114 1273 226 1311 lunt:
253 1280 292 1313 et
307 1281 353 1312 ut
375 1275 572 1320 Vitellius,
593 1287 623 1311 s·
651 1281 687 1312 et
719 1276 904 1312 Vitellius
930 1280 987 1311 ut.

118 1327 210 1379 (Pro
225 1328 415 1366 Salinerio
431 1328 654 1366 Acidalium
670 1340 826 1378 repone.
857 1328 989 1365 Place-

117 1381 187 1419 bat
212 1385 254 1419 et
276 1380 571 1434 Freinshemio.)
618 1382 725 1419 Non·
742 1383 866 1428 video,
899 1383 986 1430 quis

114 1436 178 1473 hic
211 1447 307 1473 usus
336 1437 388 1473 sit
414 1436 695 1485 particularum
723 1437 985 1485 comparandi.

111 1490 231 1538 Lege,
249 1490 293 1528 id
318 1492 550 1533 comitatem,
579 1494 626 1527 ut
644 1494 684 1526 et
702 1492 863 1528 Grotius
891 1490 985 1527 scri-

114 1543 284 1582 bendum
297 1545 460 1582 notavit.
514 1544 696 1581 Vitellius
721 1545 864 1594 inquit,
879 1548 985 1582 reeta

113 1597 370 1636 estimatione
394 1598 597 1636 hominum
625 1598 801 1647 gravium
818 1603 857 1635 et
873 1598 986 1636 disci-

112 1652 229 1701 plinae
255 1653 515 1692 studiosorum
544 1653 661 1689 nimis
692 1663 732 1689 se
757 1651 988 1690 demittebat

111 1705 413 1755 abjiciebatque,
439 1711 482 1743 et
509 1706 680 1755 indignis
713 1718 878 1755 persona
900 1718 985 1753 sua,

111 1772 157 1798 ac
186 1772 306 1809 prope
340 1761 497 1798 modum
527 1760 756 1807 vernilibus,
786 1761 984 1798 blanditiis

92 1808 298 1852 “utebatur
318 1813 418 1866 (tota
445 1815 509 1852 via
525 1815 786 1863 caligatorum
803 1827 986 1865 quemque

110 1869 338 1905 exosculans
347 1883 363 1909 ,0
386 1881 529 1918 perque
545 1866 699 1906 stabula
711 1881 754 1906 ac
774 1869 985 1906 diversoria

109 1923 343 1959 mulionibus
362 1928 402 1959 et
429 1923 638 1959 viatoribus
658 1929 802 1971 proeter
827 1923 982 1960 modum

111 1977 242 2022 comis,
261 1983 307 2014 ut
335 1987 447 2012 mane
475 1977 665 2024 singulos,
682 1976 821 2025 jamne
829 1977 982 2026 jentas-

108 2036 206 2076 sent,
241 2030 517 2075 sciscitaretur,
553 2043 662 2079 seque
686 2030 830 2079 secisse
866 2037 981 2068 ructu

110 2089 316 2121 ostentaret
331 2086 433 2120 teste
461 2083 646 2121 Suetonio
666 2083 719 2134 7.)
750 2086 807 2130 id,
835 2085 980 2133 inquit,

109 2137 210 2173 hanc
240 2137 429 2175 vilitatem
457 2138 518 2174 sui
543 2138 602 2174 illi
629 2139 847 2175 comitatem
871 2151 982 2176 voca-

109 2191 220 2228 bant.
263 2191 585 2240 quemadmodum
625 2193 743 2229 etiam
777 2189 983 2230 'bonitatem

109 2245 373 2293 appellabant,
393 2245 494 2295 quod
509 2247 589 2282 sine
616 2247 741 2291 modo,
769 2248 850 2283 sine
868 2247 981 2296 judi-

109 2300 184 2345 cio,
203 2300 357 2337 dormret
373 2313 459 2344 sua,
480 2301 693 2347 largiretur
709 2301 849 2338 aliena.
903 2301 982 2338 Ne-

109 2364 184 2401 que
202 2354 306 2390 enim
323 2353 503 2390 honitatis
517 2353 746 2390 vocabulum
763 2356 882 2391 etiam
897 2367 984 2403 per-

107 2407 211 2443 tinet
251 2407 302 2443 acl
333 2406 595 2444 humilitatem
631 2410 904 2455 excusandam,
935 2414 982 2446 ut

108 2462 185 2497 viri
218 2461 322 2498 docti
355 2461 546 2509 accepisse
580 2461 775 2499 videntur.
830 2464 981 2511 Nempe

110 2514 256 2552 bonitas
285 2518 344 2551 est
369 2515 406 2552 ei
431 2514 646 2552 liberalitas
674 2517 734 2552 vel
753 2517 982 2554 munificen-

107 2570 188 2604 tia:
218 2569 537 2616 quemadmodum
566 2570 662 2606 alibi
677 2572 871 2607 malitiam
888 2572 982 2608 dicit

107 2627 179 2670 pro
205 2623 386 2668 avaritia,
411 2626 458 2659 ut
482 2624 532 2660 A.
563 2628 627 2669 13,
654 2629 719 2661 30.
749 2628 789 2660 et
824 2629 886 2670 15,
915 2631 978 2662 21.

106 2675 338 2713 Plutarchus
358 2687 427 2724 pro
445 2681 610 2724 utroque
623 2677 717 2714 dicit
731 2677 979 2730 χρηστὸτητα

107 2728 513 2782 καὶμενγαλοφςοσύνην.
542 2733 677 2769 Gnon.
731 2733 875 2769 Omnes
887 2731 988 2769 libriv

108 2783 311 2831 vulgatum
335 2783 506 2820 habent:
535 2785 610 2821 nisi
640 2786 742 2833 quod
772 2785 855 2821 MS.
884 2785 978 2834 Agr.

107 2843 152 2874 ut
170 2837 303 2883 habet,
330 2837 397 2874 sed
424 2849 447 2873 a
475 2849 595 2875 manu
623 2850 699 2875 sec.
727 2839 908 2875 Grotium
940 2844 980 2876 et

108 2892 348 2928 Gronovium
378 2903 540 2939 sequor:
570 2892 644 2929 etsi
671 2894 812 2937 sentio,
831 2892 980 2941 aliquid

105 2945 168 2982 vel
186 2946 239 2982 sic
257 2946 346 2982 duri
362 2946 544 2994 relinqui,
562 2946 666 2994 quod
679 2949 813 2984 tamen
840 2947 881 2983 in
909 2947 978 2984 tali

107 2999 293 3047 scriptore
311 2999 527 3037 ferendum.
561 3001 668 3038 ERN.

159 3053 291 3090 Simul
306 3054 492 3091 aviditate
507 3053 736 3103 imperandi]
770 3054 796 3090 i.
809 3064 843 3089 e.
861 3057 979 3102 atque

107 3105 227 3142 etiam
245 3107 446 3154 cupientes
465 3108 581 3144 nimis
610 3109 885 3156 Imperatorem
912 3109 982 3144 ha-

107 3159 199 3197 bere
223 3161 441 3210 Vitellium,
469 3168 517 3197 ut
543 3165 648 3199 recte
673 3163 982 3210 interpretantur

106 3214 276 3254 Pichena
290 3218 329 3251 et
345 3215 384 3252 J.
405 3216 526 3252 Gron.
578 3216 668 3253 Non
685 3217 788 3252 enim
815 3216 981 3252 aviditas

97 3262 319 3314 'imperandi
334 3269 376 3305 in
387 3268 562 3316 Vitellio,
574 3274 621 3307 ut
637 3273 745 3318 patet
759 3282 792 3306 c.
809 3274 875 3308 53.
891 3270 979 3308 init.

106 3320 279 3358 Verbum
316 3323 531 3370 imperandi
558 3324 708 3372 passive
737 3324 855 3360 etiam
892 3323 980 3361 aliis

109 3373 255 3410 dictum
290 3375 401 3413 bonis
436 3377 703 3426 scriptoribus.
759 3377 882 3415 Cicer.
917 3389 979 3426 ep.

108 3431 150 3471 9,
169 3431 233 3464 25.
261 3430 350 3466 ades
368 3430 422 3466 ad
436 3430 701 3479 imperandum
722 3431 760 3467 h.
779 3442 812 3467 e.
830 3435 876 3468 ut
902 3432 978 3469 tibi

108 3481 334 3528 imperetur.
399 3484 536 3531 Itaque
581 3484 682 3521 male
723 3485 892 3531 Ryckius
937 3487 978 3523 in

108 3537 221 3572 textu
238 3535 370 3585 posuit
395 3537 629 3586 impetrandi
648 3550 669 3575 e
688 3538 911 3586 conjectura
938 3541 979 3580 J.

1041 1168 1080 1204 h.
1098 1167 1124 1204 1.
1139 1167 1258 1203 simul
1278 1166 1445 1203 refertur
1461 1165 1508 1213 ad
1515 1165 1707 1213 favente-5.
1766 1168 1913 1205 Pavore

1041 1221 1207 1270 quodam
1236 1221 1278 1257 in
1303 1219 1521 1264 Vitellium,
1539 1219 1760 1256 comitatem
1778 1226 1818 1257 et
1845 1221 1914 1259 bo-

1041 1275 1204 1311 nitatem
1224 1274 1259 1311 ei
1283 1273 1527 1319 tribuebant,
1545 1266 1585 1309 et
1600 1277 1787 1322 praeterea
1803 1278 1911 1325 cupi—

1041 1329 1163 1366 ditate
1190 1329 1342 1376 imperii
1361 1326 1561 1365 Vitelliani
1580 1330 1654 1364 etc.
1679 1328 1788 1366 ERN.
1842 1332 1914 1367 Ρο-

1038 1383 1118 1420 tius
1137 1383 1351 1431 imperandi
1378 1382 1503 1418 active
1528 1381 1725 1428 accipiunt
1742 1382 1832 1432 Bip.
1850 1396 1911 1421 re-

1036 1437 1246 1485 feruntque
1257 1437 1305 1473 ad
1319 1435 1534 1480 Vitellium,
1546 1435 1798 1484 adpositoque
1811 1450 1912 1486 pun-

1037 1494 1100 1527 cto
1116 1495 1299 1539 separant
1314 1501 1339 1525 a
1355 1501 1433 1538 seq.
1461 1490 1523 1528 Sic
1539 1492 1671 1526 omnia
1685 1490 1817 1542 plana,
1834 1494 1912 1530 nisi

1039 1545 1142 1593 quod
1158 1544 1352 1593 particula
1377 1544 1496 1580 simul
1521 1543 1739 1592 paullulum
1761 1546 1911 1595 turbet,

1037 1600 1185 1636 Verum
1209 1599 1263 1635 sit
1287 1598 1358 1643 ita,
1376 1607 1527 1645 sequor.
1581 1597 1629 1634 In
1657 1599 1911 1646 sequentihus

1040 1663 1194 1701 quoque
1218 1651 1393 1689 ordinem
1418 1650 1624 1688 verborum
1649 1653 1793 1690 rectius
1819 1664 1913 1691 con--⁴

1041 1707 1215 1743 stituisse
1246 1705 1337 1755 Bip.
1370 1709 1480 1753 puto.
1520 1705 1689 1754 Ryckius
1722 1718 1801 1743 non
1826 1712 1910 1746 tam

1035 1762 1075 1798 J.
1095 1761 1140 1798 F.
1159 1762 1328 1798 Gronov.
1356 1770 1472 1808 quam
1488 1756 1667 1796 codicem
1681 1768 1795 1798 suum
1812 1763 1909 1812 Agr,

1036 1817 1121 1852 erat
1138 1818 1308 1853 secutus.
1334 1814 1436 1850 Bud.
1453 1811 1680 1862 imperandi.
1848 1842 1851 1845 .

1087 1869 1202 1907 Sicut
1228 1869 1388 1906 modesti
1412 1867 1602 1916 quietique
1627 1866 1718 1918 eta]
1749 1868 1910 1908 Colerus

1035 1924 1175 1972 corrigi
1192 1922 1347 1960 volebat
1361 1922 1589 1967 immodesti,
1607 1925 1653 1958 ut
1668 1934 1910 1970 opponeren-

1035 1981 1102 2016 tur
1119 1979 1271 2027 quietis.
1326 1978 1448 2014 Immo
1460 1976 1556 2012 modi
1572 1982 1608 2012 et
1624 1979 1773 2014 strenui
1790 1990 1909 2026 oppo-

1034 2035 1187 2068 nuntur
1229 2026 1407 2068 modestis
1447 2035 1482 2066 et
1525 2029 1676 2079 quietis.
1731 2031 1778 2067 In
1825 2032 1910 2070 MS.

1036 2085 1167 2123 Guelf.
1185 2085 1332 2122 strenui
1346 2088 1405 2119 est
1419 2094 1442 2118 a
1459 2095 1533 2120 sec.
1552 2095 1685 2122 manu.
1705 2086 1798 2133 quid
1816 2092 1908 2122 ante

1037 2139 1094 2176 ibi
1110 2140 1245 2185 fuerit,
1272 2138 1438 2186 adsequi
1449 2149 1527 2174 nou
1542 2138 1666 2176 licuit.
1720 2139 1910 2177 Strenuus

1037 2189 1345 2245 est.33oeo·w‘igsp;‚
1375 2195 1550 2241 promtus
1579 2191 1628 2230 ad
1657 2193 1808 2240 quidvis
1838 2206 1907 2231 au-

1037 2247 1229 2284 dendum:
1260 2258 1385 2295 neque
1414 2257 1566 2294 semper
1593 2245 1732 2283 bonam
1753 2247 1794 2284 in
1820 2260 1909 2296 par-

1035 2305 1116 2343 tem
1132 2302 1286 2338 dicitur.
1342 2300 1436 2336 Mox
1463 2299 1529 2337 sed
1550 2300 1651 2337 male
1667 2302 1706 2337 in
1727 2308 1763 2338 et
1781 2306 1908 2339 muta·

1037 2355 1096 2392 vit
1129 2356 1256 2393 Rhen.
1290 2353 1325 2405 (e
1353 2352 1474 2402 Bud.)
1505 2353 1604 2391 bene
1637 2356 1812 2392 restituit
1845 2359 1907 2393 Pi—

1039 2410 1161 2446 chena
1191 2409 1228 2460 (e
1257 2406 1394 2458 mon).
1422 2409 1496 2446 Est
1525 2409 1715 2446 transitus
1743 2410 1792 2446 ab
1818 2412 1908 2447 uni·

1034 2475 1145 2500 verso
1162 2476 1194 2502 s.
1216 2466 1301 2500 toto
1318 2463 1366 2499 nd
1394 2466 1543 2514 partem
1563 2462 1624 2499 vel
1641 2464 1835 2512 singulos:
1865 2466 1908 2502 in

1035 2529 1111 2565 quo
1129 2529 1280 2566 semper
1294 2517 1361 2554 sed
1375 2517 1531 2554 dicitur.
1560 2518 1668 2555 ERN.

1086 2572 1253 2609 Alienus
1273 2571 1442 2620 Coect'na]
1466 2566 1592 2616 Mihi,
1610 2573 1688 2609 imo
1714 2570 1908 2626 librislded-

1034 2625 1151 2662 betur
1169 2636 1303 2661 verum
1334 2625 1405 2661 hoc
1427 2625 1586 2661 Caecinae
1606 2637 1759 2662 nomen.
1802 2626 1906 2664 Nam

1033 2679 1091 2716 illi
1109 2683 1332 2716 constanter
1347 2680 1533 2714 Alienum
1559 2679 1748 2717 scribunt.
1773 2679 1907 2718 Etiam

1035 2734 1076 2769 in
1093 2733 1232 2769 Dionis
1250 2733 1433 2779 Epitoma
1449 2743 1600 2779 semper
1615 2732 1791 2775 Ἀλιηνὸς.
1827 2734 1907 2772 Ro·-

1033 2797 1194 2823 manum
1219 2798 1311 2822 vero
1338 2786 1375 2820 id
1405 2797 1569 2822 nomen:
1598 2790 1639 2823 et
1668 2782 1818 2825 nummi
1841 2799 1906 2825 ex·

1034 2843 1156 2886 stant,
1176 2851 1211 2877 c.
1231 2849 1388 2877 clesma.
1419 2849 1508 2877 nur.
1537 2850 1626 2878 cos.
1659 2851 1771 2879 rma.
1788 2851 1908 2879 Amr:-

1034 2904 1134 2931 Nus.
1173 2903 1340 2932 raneos.
1385 2893 1574 2931 Nominat
1617 2898 1657 2931 et
1700 2892 1906 2943 quemdam

1032 2946 1219 2985 Alienum
1253 2948 1388 2985 Cicero
1417 2947 1507 2985 Div.
1551 2949 1595 2985 in
1636 2949 1796 2986 Verrem
1844 2950 1904 2988 1'5.

1032 3001 1218 3053 Vulgatis
1228 3006 1362 3039 tamen
1379 3001 1508 3038 Taciti
1534 3001 1645 3040 libris
1672 3003 1734 3040 hic
1751 3003 1802 3040 A.
1823 3006 1908 3042 Cae-

1033 3055 1122 3092 cina
1138 3056 1302 3093 dicitur:
1333 3059 1373 3093 et
1391 3055 1532 3102 Fastis,
1549 3067 1647 3105 quos
1670 3057 1815 3094 eruditi
1831 3058 1906 3094 viri

1034 3110 1332 3156 concinnarunt,
1349 3111 1404 3146 A.
1420 3109 1613 3149 Licinius.
1661 3111 1776 3149 Unde
1795 3109 1907 3150 erue·

1035 3163 1131 3212 rint,
1174 3163 1307 3200 miror.
1354 3165 1468 3201 Lu’s.
1532 3164 1586 3202 A.
1633 3165 1773 3204 (lecina
1818 3165 1903 3203 MS.

1035 3217 1164 3255 Guelf.
1186 3223 1227 3254 et
1252 3216 1338 3255 edd.
1360 3218 1450 3255 inde
1477 3229 1503 3254 a
1527 3217 1677 3256 Puteol.
1703 3231 1826 3268 usque
1851 3220 1903 3256 ad

1034 3271 1223 3318 Lipsium‚
1259 3270 1375 3318 idque
1406 3270 1637 3309 defendebat
1664 3273 1831 3311 Ursinus
1864 3272 1901 3321 (e

1031 3324 1109 3373 lap.
1128 3322 1334 3374 antiqua).
1360 3325 1415 3364 At
1433 3325 1535 3363 Flor.
1566 3326 1682 3376 (Bud.
1701 3324 1813 3376 Agr.)
1835 3326 1900 3363 ed.

1030 3389 1091 3427 pr.
1118 3379 1297 3416 Alienus.
1340 3379 1455 3427 idque
1498 3391 1633 3417 verum
1676 3384 1748 3418 est.
1819 3379 1902 3415 Nec

1031 3442 1210 3482 spernam
1228 3433 1365 3480 Ryckii
1392 3433 1670 3481 conjecturam,
1687 3437 1814 3471 totum
1832 3443 1902 3468 no-

1031 3497 1120 3523 men
1139 3497 1221 3523 esse
1237 3487 1293 3524 A.
1306 3487 1489 3523 Allienus
1511 3487 1662 3526 cecina
1679 3498 1725 3526 ex
1741 3485 1900 3523 Sueton.

1031 3540 1112 3579 Tit.
1141 3542 1179 3576 6.
1210 3539 1279 3578 ubi
1304 3543 1357 3581 A.
1376 3541 1529 3581 Caecc'na
1557 3543 1730 3580 vocatur.
1757 3543 1811 3583 A.
1827 3541 1900 3578 Al·

1096 3598 1183 3644 ΕΩ
