2190 3880
676 93 835 170 111ss.
885 118 971 169 lv,
1019 116 1189 166 CAP.
1225 121 1379 166 9.1o.
1762 82 1763 85 ¹
1835 118 1940 172 247

128 244 244 301 dere
267 245 423 302 etiam
451 245 654 312 Prisca,
674 264 737 300 ne
759 264 915 317 supra
939 242 1233 314 Principem
1256 242 1544 306 scanderet:
1579 259 1641 295 ne
1666 238 1720 294 V
1713 243 1935 313 espasia-
1948 259 1999 299 A.
2016 260 2070 300 U.

101 326 267 386 num,
300 337 460 372 senem
497 318 871 389 triumphalem,
892 318 1146 389 juvenum
1185 314 1459 375 liberorum
1489 322 1708 382 patrem,
1744 317 2060 406 praece-1523·

117 390 232 460 ptis
262 401 520 445 coerceret.
602 389 863 448 Quomodo
891 388 1120 459 pessimis
1145 384 1550 457 Imperatoribus
1573 385 1804 455 sinefine
1843 387 1933 440 do·
1974 370 2067 466 7‘05'·

128 461 475 528 minationem,
514 463 591 516 ita
628 462 859 534 quamvis
895 459 1113 533 egregiis
1165 458 1370 510 modum
1416 455 1680 523 libertatis,
1709 457 1931 526 placere.

131 531 295 600 Haee,
344 535 559 606 magnis
610 535 880 605 utrimque
937 530 1382 586 contentionibus
1427 530 1657 599 jactata,
1709 529 1933 583 diversis

128 605 322 669 studiis
349 608 774 678 accipiebantur.
849 605 999 657 Vicit
1026 622 1164 675 parS,
1192 621 1315 673 quae
1350 600 1528 653 sortiri
1565 599 1773 670 legatos
1821 619 1936 654 ma·-

125 673 292 742 lebat,
323 678 486 730 etiam
525 679 716 731 mediis
758 677 982 730 Patrum
1020 674 1408 738 adnitentibuS,
1438 672 1668 724 retinere
1707 689 1934 726 morem.

127 745 202 800 Et
227 747 688 820 splendidissimus
710 749 936 820 quisque
962 747 1151 799 eodem
1179 746 1495 810 inclinabat,
1517 754 1663 796 metu
1689 743 1931 810 invidiae,

128 820 174 872 si
217 820 322 892 ipsi
371 820 715 892 eligerentur.
791 821 1050 872 Secutum
1093 817 1239 870 aliud
1291 827 1582 869 certamen.
1659 814 1981 872 Praetore39

129 891 303 944 aerarii
330 896 480 960 (nam
510 903 626 944 tum
652 912 684 945 a
713 891 1045 945 Praetoribus
1085 889 1422 942 tractabatur
1460 887 1733 951 aerarium)
1754 887 1934 958 publi-

127 981 240 1016 cam
286 972 641 1034 paupertatem
691 964 886 1034 questi,
953 961 1156 1015 modum
1215 960 1444 1030 inpensis
1507 960 1934 1031 postulaverant.

129 1031 266 1088 Eam
294 1053 477 1088 curam
508 1035 714 1089 Consul
745 1036 1076 1105 designatuS,
1104 1035 1176 1086 ob
1205 1032 1638 1103 magnitudinem
1672 1032 1850 1083 oneris
1879 1045 1936 1085 et

123 1106 349 1159 remedii
385 1108 781 1173 difficultatem,
823 1106 1065 1175 Principi
1104 1106 1431 1157 reservabat.
1508 1102 1817 1169 Helvidius,
1845 1122 1936 1156 ar-

118 1176 273 1230 bitrio
298 1180 514 1232 Senatus
533 1180 801 1252 agendum,
825 1177 1053 1231 censuit.
1096 1176 1237 1229 Cum
1260 1188 1610 1246 perrogarent
1638 1176 1933 1229 sententias

126 1248 412 1316 Consules,
462 1251 743 1304 Vulcatius
794 1249 1142 1312 TertullinUS‚
1194 1246 1468 1299 Tribunus
1520 1246 1712 1316 plebis,
1762 1247 1931 1299 inter-

122 1322 307 1387 cessit,
343 1341 405 1376 ne
437 1322 565 1394 quid
598 1341 745 1392 super
779 1330 925 1374 tanta
961 1339 1032 1386 re,
1073 1317 1321 1389 Principe
1355 1318 1571 1383 absente,
1608 1327 1930 1372 statueretur.

126 1392 428 1460 Censuerat
463 1395 770 1459 Helvidius,
796 1402 854 1446 ut
889 1391 1184 1463 capitolium
1212 1390 1421 1461 publice
1445 1391 1805 1456 restitueretur,
1833 1390 1929 1442 ad-

106 1465 323 1536 juvaret
352 1463 698 1537 Vespasianus.
774 1464 909 1518 Eam
947 1464 1271 1521 sententiam
1315 1462 1743 1515 modestissimus
1778 1463 1929 1533 quis-

123 1555 230 1608 que
267 1537 501 1605 silenti0,
527 1539 721 1591 deinde
757 1538 962 1590 oblivio
999 1535 1315 1588 transmisit.
1391 1534 1562 1586 Fuere
1588 1534 1680 1604 qui
1719 1546 1774 1586 et
1811 1553 1924 1588 me-

121 1608 424 1662 minissent.
497 1609 638 1662 Tum
677 1610 921 1662 invectus
948 1619 1029 1661 est
1056 1607 1350 1660 Musonius
1389 1605 1566 1658 Rufus
1594 1607 1648 1658 in
1679 1603 1927 1659 Publium
1951 1614 2014 1660 10

129 1678 371 1747 Celerem,
397 1700 429 1734 a
456 1700 554 1753 quo
585 1680 811 1734 Baream
842 1681 1094 1734 Soranum
1109 1677 1260 1751 falso
1299 1677 1581 1730 testimonio
1619 1677 1930 1732 circumven-

122 1759 250 1818 tum,
277 1754 559 1825 arguebat.
635 1752 716 1807 Ea
742 1752 1059 1824 cognitione
1087 1749 1333 1804 renovari
1365 1749 1491 1803 odia
1517 1749 1933 1805 adcusati'onum

119 1825 467 1878 videbantur.
507 1826 599 1878 sed
639 1825 759 1878 vilis
797 1836 853 1877 et
890 1842 1090 1877 nocens
1128 1841 1250 1875 reus
1291 1822 1504 1893 protegi
1543 1841 1652 1874 non
1698 1835 1933 1894 poterat.

125 1895 349 1969 Quippe
387 1897 577 1950 Sorani
617 1910 805 1949 sancta.
848 1896 1148 1949 memoria:
1205 1893 1362 1946 Celer
1403 1893 1676 1965 professus
1718 1895 1933 1967 sapien-

122 1968 277 2036 tiam,
303 1969 427 2022 dein
456 1970 608 2022 testis
634 1969 691 2022 in
720 1969 969 2036 Baream,
996 1967 1242 2041 proditor
1270 1976 1662 2037 corruptorque
1684 1967 1847 2021 amici
1874 1979 1931 2021 et

173 2131 312 2171 Senem
326 2133 532 2186 triumplu]
569 2135 658 2173 vid.
677 2135 785 2173 Suet.
804 2135 923 2184 Vesp.
941 2140 981 2174 4.

180 2186 491 2227 Contentionibus
529 2189 707 2241 jactata]
758 2190 855 2230 Cod.
898 2191 997 2240 Agr.

122 2243 465 2280 concertationibus
471 2243 578 2292 jact.

172 2295 367 2334 Proetores
398 2297 548 2348 cerarii]
591 2299 653 2336 De
680 2297 742 2337 his
770 2298 919 2336 dictum
946 2298 997 2335 ad

116 2349 170 2388 A.
198 2355 235 2397 1,
263 2356 329 2391 75.
359 2351 461 2390 Add.
487 2352 536 2389 ad
569 2357 633 2400 13,
660 2358 729 2391 28.
785 2353 998 2405 Sequentia

118 2409 302 2455 suspecta.
327 2416 410 2442 esse
435 2410 612 2455 possunt.
669 2407 873 2448 Quorsum
889 2407 996 2445 enim

116 2457 191 2497 hoc
207 2459 391 2497 additur?
422 2473 510 2497 cum
524 2472 603 2498 non
621 2462 796 2499 additum
814 2462 867 2498 sit
882 2462 933 2499 A.
957 2467 995 2508 1,

119 2517 186 2553 75.
213 2525 302 2551 cum
329 2525 391 2552 res
415 2518 511 2552 nota
538 2520 641 2554 esset
658 2527 704 2553 ex
724 2516 847 2564 ipsius
873 2515 996 2552 tradi-

116 2567 228 2604 tione
251 2573 314 2615 13,
329 2573 395 2608 28.
420 2581 505 2617 quae
519 2573 561 2606 et
576 2571 626 2607 ad
636 2569 855 2618 Trajanum
870 2581 994 2619 usque

116 2620 349 2660 duravisset.
403 2622 480 2660 Pro
511 2625 693 2673 impensis
728 2625 817 2664 MS.
859 2625 993 2664 Guelf.

115 2675 257 2714 vitiose
274 2677 494 2726 impensius.
538 2678 647 2716 ERN.

171 2729 435 2780 Pet-rogarent
462 2730 686 2781 sententias]
745 2732 807 2770 Sic
841 2731 900 2770 ed.
931 2743 992 2781 pr.

115 2782 246 2822 Rhea.
267 2783 304 2835 (e
320 2783 438 2835 Bud.)
460 2797 566 2834 seqq.
623 2787 754 2824 Ceteri
773 2786 858 2823 edd.
875 2786 993 2823 etiam

113 2837 202 2877 MS.
219 2838 351 2876 Guelf.
364 2846 632 2889 prorogarem.
660 2840 775 2878 male.
830 2840 992 2878 Sueton.

113 2892 224 2942 Aug.
251 2894 322 2931 35.
344 2895 550 2932 sententias
576 2896 622 2932 de
648 2895 795 2944 majore
820 2896 990 2944 negotio,

114 2958 193 2984 non
217 2959 321 2985 more
346 2954 460 2998 atque
483 2948 626 2994 ordine,
643 2950 724 2995 sed,
742 2955 863 2998 prout
894 2950 991 2986 libu-

112 3001 221 3048 isset,
235 3002 484 3051 perrogabat.
510 3002 580 3039 ubi
605 3003 786 3040 similiter
803 3003 992 3041 variatur.

113 3053 206 3094 vid.
226 3055 480 3095 ibiOudend.
528 3058 637 3094 ERN.

168 3109 309 3157 Fuere,
338 3112 407 3161 qui
434 3118 472 3148 et
504 3110 780 3162 meminissent]
839 3111 922 3152 Qui
953 3116 994 3147 et

114 3163 223 3212 apud
266 3165 551 3214 Vespasianum
592 3177 735 3214 nempe
780 3165 990 3202 deferrent.

115 3217 266 3266 quare?
308 3220 402 3269 quia
429 3220 510 3256 haec
535 3222 731 3257 sententia
760 3220 991 3269 dignitatem

112 3270 306 3322 Principis
334 3274 553 3321 minuebat,
577 3276 745 3312 Senatus
777 3274 992 3322 populique

116 3325 302 3373 augebat.
356 3338 380 3364 a
430 3340 507 3377 quo
550 3329 708 3366 restitui
751 3328 999 3376 capitolium

116 3377 322 3470 {umtaxat
337 3382 398 3430 adj
404 3386 548 3421 uvanto
561 3383 816 3431 Vespasiano,
830 3381 998 3421 volebat.

155 3442 231 3470 xrs.

173 3486 338 3536 Protegi
365 3501 441 3526 non
459 3489 629 3540 poterat]
664 3489 758 3528 cod.
778 3491 875 3540 Agr.
897 3491 997 3540 eripi

119 3550 163 3577 n.
178 3552 220 3596 p.
247 3541 307 3579 De
326 3540 369 3580 P.
382 3544 551 3592 Egnatio
565 3545 700 3583 Celere
719 3556 757 3584 v.
774 3545 825 3585 A.
840 3547 904 3594 16,
917 3550 984 3584 32.

1103 2128 1289 2171 Proditor
1302 2135 1570 2182 corruptorque
1584 2132 1783 2178 amicitioe,
1796 2130 1926 2182 cujus]

1050 2187 1142 2226 Non
1171 2188 1326 2225 damno.
1360 2197 1498 2223 revera
1537 2187 1642 2223 enim
1675 2186 1932 2235 philosophus

1051 2244 1238 2292 magister
1255 2240 1452 2287 amicitiae,
1470 2241 1532 2278 uti
1557 2244 1597 2277 et
1614 2241 1781 2278 aliarum
1804 2242 1932 2278 virtu·

1050 2299 1137 2335 tum
1162 2300 1235 2334 est.
1290 2296 1373 2333 Nec
1399 2299 1535 2332 tamen
1562 2299 1675 2332 vetus
1705 2295 1932 2343 conjectura

1050 2363 1139 2388 mea
1155 2350 1253 2388 mihi
1282 2350 1436 2396 eviluit,
1459 2356 1733 2400 corruptorque
1757 2351 1875 2387 amici
1893 2356 1931 2386 et

1051 2406 1166 2455 cujus
1187 2419 1227 2443 se
1254 2406 1491 2455 magistrum
1501 2404 1673 2452 ferebat.
1726 2404 1802 2441 Vix
1821 2404 1930 2440 enim

1051 2465 1126 2507 est,
1153 2463 1199 2497 ut
1217 2458 1383 2497 Tacitus
1411 2458 1600 2503 omiserit,
1619 2458 1720 2507 quod
1740 2458 1851 2495 valde
1878 2458 1930 2494 ad

1049 2526 1134 2552 rem
1154 2517 1194 2551 et
1217 2514 1266 2550 ad
1285 2513 1439 2561 culpam
1455 2513 1565 2558 facit,
1584 2509 1705 2549 fuisse
1731 2513 1835 2549 hunc
1854 2513 1929 2550 Ce-

1048 2569 1170 2606 lerem
1205 2567 1343 2605 Bareae
1377 2570 1667 2616 praeceptorem.
1721 2567 1928 2604 Juvenalis

1050 2623 1162 2660 docet
1186 2627 1227 2668 3,
1259 2625 1348 2659 116.
1391 2620 1545 2659 Stoicus
1570 2621 1710 2657 occidit
1739 2622 1929 2667 Baream,

1048 2678 1197 2715 delator
1227 2677 1395 2713 amicum
1430 2675 1756 2724 Discipulumque
1798 2688 1929 2713 senem.

1046 2732 1247 2779 Interpres
1276 2729 1481 2768 Juvenalis
1516 2730 1615 2766 hanc
1653 2740 1807 2779 quoque
1843 2740 1929 2767 rem

1048 2786 1230 2830 affirmat,
1251 2785 1293 2821 in
1312 2795 1466 2822 versum
1488 2788 1525 2830 l,
1542 2785 1805 2833 33.—-magni
1822 2784 1929 2822 dela-

1048 2846 1109 2878 tor
1142 2840 1275 2877 amici.
1328 2839 1420 2875 Alii
1462 2837 1610 2883 dicunt,
1647 2838 1929 2887 Philosophum

1044 2894 1272 2943 Egnatium
1299 2893 1479 2939 Celerem,
1502 2893 1644 2928 Barea»
1669 2893 1814 2931 Sorani
1842 2905 1930 2930 ma·

1043 2950 1230 2997 gistrum,
1249 2947 1320 2998 qui
1333 2948 1462 2996 ipsum
1486 2947 1591 2996 apud
1610 2946 1802 2984 Neronem
1818 2947 1929 2985 detu-

1046 3004 1095 3040 lit
1117 3009 1154 3040 et
1172 3003 1372 3039 damnavit
1387 3016 1399 3037 .-
1428 3006 1465 3037 et
1491 3002 1572 3049 ipse
1592 3007 1728 3051 postea
1755 3002 1825 3039 sub
1848 3001 1929 3040 Ve-

1045 3057 1241 3107 spasiano,
1259 3056 1328 3093 hoc
1345 3057 1472 3106 ipsum
1486 3056 1669 3092 Musonio
1685 3056 1794 3105 Ruso
1813 3069 1929 3093 accu-

1045 3117 1170 3155 sante,
1215 3110 1424 3147 damnatus
1465 3115 1535 3147 est.
1593 3110 1705 3148 LIPs.
1759 3111 1929 3158 Recepit

1045 3164 1169 3213 Lipsii
1197 3164 1476 3201 correctionem
1498 3163 1682 3211 Pichena,
1701 3176 1815 3214 quem
1843 3176 1927 3202 om-

1045 3231 1116 3256 nes
1135 3219 1318 3267 deinceps
1336 3218 1461 3256 secuti
1488 3220 1596 3256 sunt.
1630 3219 1704 3257 Ed.
1724 3232 1785 3269 pr.
1813 3220 1928 3268 cujus

1045 3286 1085 3311 se
1123 3274 1327 3322 ingratum
1348 3272 1517 3322 serebat.
1574 3277 1758 3313 Ceterum
1805 3275 1928 3310 etiam

1050 3328 1147 3364 dure
1179 3327 1324 3364 dicitur
1358 3334 1559 3376 corruptor
1593 3329 1726 3374 amici,
1757 3332 1798 3365 et
1833 3328 1928 3373 alio,

1050 3393 1168 3432 quam
1186 3382 1380 3419 Latinitas
1397 3382 1490 3427 fert,
1505 3394 1633 3420 sensu.
1677 3383 1778 3420 Nam
1796 3393 1929 3419 corru-

1044 3441 1176 3486 ptores
1210 3435 1411 3481 dicuntur,
1446 3437 1513 3484 qui
1548 3448 1779 3487 quocunque
1812 3437 1929 3473 modo

1048 3490 1225 3527 animum
1256 3501 1461 3538 moresque
1495 3490 1660 3528 aliorum
1696 3491 1926 3540 depravant,

1048 3548 1095 3584 ut
1111 3544 1213 3581 male
1229 3545 1375 3587 sentire
1391 3548 1431 3583 et
1442 3555 1557 3597 agere
1576 3546 1795 3597 incipiant3
1824 3544 1928 3596 quod

1059 3604 1212 3653 *124
