2190 3880
187 409 240 446 A.
259 407 306 445 C.

206 463 276 503 70.
303 473 306 475 ’

320 161 417 204 180

940 149 1571 205 HISTORIARUM

183 303 234 340 A.
253 300 306 339 U.
323 279 390 332 ad
441 276 703 359 singulos,
756 295 879 330 num
915 296 1124 344 secures,
1162 278 1498 350 dolabrasque
1534 288 1584 333 et
1616 287 1786 337 „cetera
1830 294 2124 350 expugnan-

198 357 294 392 823·
321 350 400 402 dis
438 349 668 413 urbzbus,
706 367 868 402 secum
906 349 1243 402 adtulissent?
1279 351 1575 420 rogitabat.
1620 349 1720 414 Et,
1754 367 1879 405 cum
1923 353 2128 403 abnue-

323 432 460 485 rent,
511 419 782 491 gladiisne,
834 420 1031 489 inquit,
1079 428 1128 472 et
1186 418 1330 488 pilis,
1365 419 1693 490 perfringere
1750 437 1814 472 ac
1890 420 2129 473 subruere

320 509 490 544 muros
528 490 646 544 nllae
686 508 869 542 manus
909 488 1166 559 possunt?
1237 488 1300 540 Si
1331 507 1565 559 aggerem
1608 498 1818 554 struere,
1852 491 1899 542 si
1938 488 2130 570 pluteis

321 562 606 614 cratibusve
626 561 827 630 protegi
867 578 1051 612 necesse
1070 558 1264 629 jaer-it,
1302 568 1360 611 ut
1398 558 1580 630 vulgus
1609 559 1954 628 inprovidum,
1978 557 2130 611 mriti

317 633 579 695 stabimus,
617 630 941 683 altitudinem
979 630 1218 693 turrium,
1245 637 1292 680 et
1316 629 1485 681 aliena
1511 629 1824 682 munimenta
1847 626 2129 683 mirantes?

328 702 472 759 Quin
490 702 663 770 potius
687 718 830 753 mora
864 700 1024 751 noctis
1046 699 1215 762 unius,
1237 698 1462 752 advectis
1481 699 1744 757 tormentis
1765 699 2130 769 machinisque,

320 774 425 825 vim
454 771 821 841 victoriamque
859 768 1388 840 nobiscumferimus?
1426 771 1597 823 Simul
1622 771 1760 823 lixas
1787 769 2130 838 calonesque,

295 889 300 891 ,
323 861 447 895 cum
483 840 868 894 recentissimis
895 841 1161 910 equitum,
1190 841 1512 897 Bedriacum
1544 842 1734 905 mittit,
1759 841 1966 911 eopiaS,
1985 849 2132 894 cete-

238 931 302 976 21
327 930 489 982 raque
518 913 634 963 usui
664 911 958 963 adlaturos,

1035 910 1099 962 Id
1130 928 1256 962 vero
1283 928 1430 980 aegre
1456 911 1719 964 tolerante
1745 910 1936 974 milite,
1963 913 2133 980 prepe

324 985 645 1036 seditionem
676 994 918 1045 ventum,
948 999 1074 1033 cum
1103 983 1372 1051 progressi
1400 982 1611 1051 equites
1638 983 1740 1034 sub
1767 982 1886 1051 ipsa
1903 980 2134 1044 moenia,

323 1072 494 1124 vagos
520 1072 588 1106 ex
623 1052 1082 1104 Cremonensibus
1109 1051 1442 1121 conripiunt.
1469 1069 1698 1121 quorum
1726 1052 1931 1104 indicio
1954 1051 2133 1102 nosci-

324 1135 438 1177 tur:
467 1143 567 1179 ,sex
600 1123 906 1176 Vitellianas
953 1122 1168 1191 legiones
1207 1140 1499 1193 omnemque
1522 1123 1810 1186 exercitum,
1830 1120 1922 1192 qui
1949 1119 2133 1174 Hosti-

323 1195 406 1247 Zice
431 1204 620 1265 egerat,
648 1213 701 1247 eo
744 1194 852 1264 ipso
877 1193 960 1246 die
1001 1192 1226 1260 triginta
1253 1192 1424 1245 millia
1445 1211 1687 1262 passuum
1709 1209 1975 1258 emensum,
1991 1209 2133 1245 oom-

312 1275 467 1335 perta
493 1280 698 1318 suorum
741 1265 900 1329 clade,
939 1263 997 1316 in
1035 1263 1276 1332 praelium
1317 1263 1519 1334 accingi
1558 1282 1619 1315 ac
1644 1264 1768 1335 jam
1805 1261 2002 1335 adfore.
2077 1260 2133 1315 Is

325 1348 496 1388 terror
536 1338 841 1391 obstructas
887 1346 1094 1387 mentes
1131 1334 1372 1386 consiliis
1412 1334 1586 1387 Ducis
1627 1334 1858 1404 aperuit.
1909 1333 2137 1389 Sistere

323 1408 540 1459 tertiam
573 1409 839 1459 decimam
881 1405 1174 1476 legionem,
1214 1405 1266 1455 in
1297 1406 1416 1476 ipso
1458 1406 1559 1457 viae
1589 1404 1891 1458 Postumiae
1917 1420 2136 1475 aggere,

315 1478 499 1547 jubet,
527 1478 615 1530 cui
653 1479 852 1547 juncta
878 1495 910 1528 a
936 1477 1074 1527 laevo
1113 1476 1346 1545 septima
1370 1475 1664 1540 Galbiana,
1695 1474 1905 1545 patenti
1937 1491 2135 1544 eampo

324 1550 496 1612 stetit,
523 1549 648 1600 dein
678 1549 911 1618 septima
939 1546 1258 1610 Claudiana,
1284 1546 1483 1616 agresti
1511 1546 1657 1598 fossa
1681 1547 1789 1614 (ita
1819 1545 1971 1598 locus
1995 1545 2135 1607 erat)

322 1620 686 1690 praemunita3
733 1620 948 1680 dextrO,
975 1627 1172 1669 octava
1198 1634 1293 1687 per
1319 1627 1565 1688 apertum
1593 1616 1844 1680 limitem,
1872 1633 2002 1668 mox
2031 1624 2137 1666 ter-

325 1691 421 1755 tia,
449 1690 627 1742 densis
656 1690 890 1741 arbustis
932 1689 1246 1758 intersepta.
1292 1686 1381 1740 hic
1407 1685 1711 1757 aquilarum
1750 1688 2138 1758 signorumque

325 1761 492 1813 ordo:
536 1761 732 1812 milites
762 1760 919 1812 mixti
948 1776 1041 1829 per
1064 1759 1339 1822 tenebraS,
1358 1769 1419 1811 ut
1438 1758 1549 1811 fors
1577 1758 1804 1812 tulerat:
1848 1755 2138 1810 Praetoria-

325 1849 456 1883 num
486 1831 742 1883 vexillum
774 1830 1088 1902 proximum
1117 1829 1402 1895 tertianis3
1441 1828 1695 1882 cohortes
1723 1827 2054 1887 auxiliorum
2082 1827 2139 1879 in

375 1973 677 2024 Expugnandts
702 1971 878 2022 urbibus]
910 1972 997 2010 MS.
1023 1972 1120 2021 Agr.
1138 1984 1205 2021 op-

296 2029 565 2079 „pugnaudiffi
598 2027 796 2076 frequenti
827 2026 1045 2064 varlatione
1086 2024 1207 2063 libro-

322 2094 428 2119 runi.
456 2082 548 2120 huic
566 2082 653 2118 loco
685 2085 896 2128 utrumque
921 2083 1074 2128 aptum.
1128 2080 1208 2128 Igi-

321 2132 393 2173 'tur
426 2135 519 2172 libri
554 2135 756 2183 sequendi.
795 2135 905 2172 ERN.
943 2133 1048 2171 Bud.
1084 2145 1234 2185 etc-pu-v

320 2189 509 2238 gnandis.

378 2243 526 2279 Aliena
553 2240 811 2290 vnurii‘menta]
853 2241 954 2282 Quae
970 2243 1066 2278 sunt
1082 2241 1211 2278 muni-

321 2301 470 2341 menta,
501 2306 586 2343 quae
619 2307 709 2331 cum
739 2294 1000 2331 admiratione
1031 2298 1210 2342 specten-

295 2353 408 2394 tur,
440 2348 536 2397 quia
569 2349 700 2386 alicua
735 2347 859 2386 sunt?
903 2349 929 2387 i.
963 2359 1000 2385 e.
1035 2347 1208 2386 hostilia.

323 2404 437 2442 Ean.

379 2455 565 2493 Advectis
599 2456 796 2492 tormentis
829 2454 1095 2505 machinisqrae
1128 2455 1208 2491 vim

323 2508 381 2560 v.]
421 2509 507 2546 MS.
526 2508 630 2545 Bud.
654 2513 813 2545 tantum
840 2508 1014 2546 habebat
1041 2514 1208 2546 tormen·

325 2565 476 2614 tisque:
522 2563 654 2600 Guelf.
682 2563 890 2607 machinis,
919 2562 1004 2598 sine
1037 2561 1202 2611 copula:

325 2617 387 2654 ed.
404 2628 466 2665 pr.
485 2617 573 2654 inde
594 2627 665 2664 pro
683 2618 776 2662 vim,
810 2615 964 2652 vitiose.
993 2615 1102 2653 ERN.

384 2671 590 2720 ceteraque
613 2669 719 2720 ustae]
753 2669 815 2707 Sic
832 2669 891 2706 ed.
919 2680 980 2717 pr.
1007 2669 1137 2707 Rhea.
1171 2667 1210 2719 (e

324 2723 450 2774 Bud.)
486 2735 572 2772 sqq.
620 2722 675 2760 At
703 2723 836 2760 Guelf.
855 2722 943 2760 edd.
961 2726 1099 2760 ceterae
1115 2726 1209 2759 ante

324 2779 455 2818 Rben.
474 2783 685 2827 ceteraque,
703 2789 791 2825 quoe
817 2778 907 2814 usui
912 2776 1049 2825 forent
1064 2790 1075 2811 .-
1105 2776 1210 2825 quod

326 2843 421 2869 sane
441 2843 522 2880 prae
553 2830 621 2867 illo
649 2841 812 2868 manum
830 2830 932 2868 male
954 2830 1131 2867 sedulam
1147 2841 1209 2874 re-

326 2885 447 2923 dolet.
476 2886 588 2923 ERN.

383 2941 483 2976 Cum
494 2936 711 2987 progressz]
741 2937 816 2975 Ed.
831 2948 893 2986 pr.
910 2942 1076 2975 ventum.
1104 2937 1207 2975 Tum

321 2994 523 3041 progressi
537 3005 550 3028 .·
569 2991 720 3029 solenni
739 2992 959 3028 mutatione
977 2991 1044 3028 τοῦ
1057 3003 1146 3028 cum
1159 2990 1204 3028 in

325 3051 438 3082 tum:
476 3056 567 3082 nam
593 3045 691 3082 illud
716 3045 821 3082 haud
848 3044 967 3082 dubie
998 3045 1040 3083 h.
1068 3044 1096 3082 l.
1127 3044 1206 3081 ele·

323 3098 500 3147 gantius.
555 3099 702 3135 Eadem
746 3110 835 3136 cum
862 3098 1045 3137 Beroald.
1073 3097 1161 3136 Alc.
1189 3111 1210 3135 e

303 3196 306 3202 ¹
334 3151 506 3191 Cremon.
533 3152 642 3188 ERN.
668 3153 772 3190 Bud.
790 3165 982 3197 cum-r-ex
1003 3154 1126 3190 Grem-

381 3205 525 3242 Stetere
566 3206 722 3242 tertiam
766 3206 953 3244 decimam
997 3204 1203 3255 legionem]

300 3295 316 3300 ,
327 3259 427 3298 Haec
445 3263 506 3295 est
516 3259 712 3304 scriptura
725 3259 836 3296 MSS.
854 3260 957 3296 Flor.
969 3258 1102 3296 Guelf.
1115 3259 1207 3308 Agr.

329 3312 416 3349 edd.
451 3316 543 3349 ante
578 3312 814 3348 Rhenanum
851 3313 1038 3350 omnium.
1115 3312 1208 3353 Quo

327 3366 453 3415 magis
469 3377 556 3402 cum
572 3365 612 3401 J.
632 3365 831 3403 Gronovio
847 3365 902 3402 sic
919 3366 1112 3402 edendum
1138 3377 1207 3403 cu—

327 3421 426 3458 ravi.
453 3430 542 3459 mox
570 3419 716 3456 iterum
748 3419 897 3457 mentio
921 3419 1207 3455 tertiaedecimae

327 3474 372 3511 in
413 3473 599 3522 vulgatis.
640 3473 737 3511 duas
770 3471 1078 3510 tertiasdecimas
1110 3472 1207 3508 fuis-

328 3537 372 3565 se
391 3528 449 3569 *in
492 3527 562 3566 illa
600 3526 700 3574 acie,
731 3531 778 3564 ut
819 3526 948 3576 placet
991 3526 1205 3572 Grouovio,

1258 1983 1339 2011 non
1355 1972 1485 2011 credo.
1524 1971 1766 2020 Cognomine
1781 1970 1908 2009 altera
1924 1969 2142 2018 distingue-

1237 2029 1374 2076 ‘retur
1401 2025 1452 2063 ab
1487 2026 1628 2064 altera.
1679 2024 1755 2063 Sed
1783 2025 1978 2063 alterutro
1995 2024 2037 2061 in
2054 2025 2140 2060 loco

1259 2079 1405 2118 vitiosa.
1421 2081 1632 2128 scriptura.
1660 2079 1743 2117 sive
1758 2078 2040 2123 tertiadecima,
2058 2077 2140 2115 sive

1261 2134 1380 2177 tertia
1398 2133 1606 2172 scribatur.
1649 2131 1841 2179 Tertiam,
1858 2131 1962 2181 quod
1978 2132 2021 2169 in
2037 2130 2143 2169 Rhe-

1264 2187 1360 2224 nani
1388 2187 1449 2224 ed.
1467 2187 1638 2237 primum
1665 2197 1909 2235 expressum,
1931 2185 1974 2222 in
1993 2188 2143 2222 ceteras

1263 2241 1389 2287 venit,
1407 2252 1480 2278 nec
1499 2253 1521 2277 e
1549 2240 1667 2287 libro,
1684 2251 1757 2278 nec
1785 2251 1834 2278 ex
1848 2239 2009 2288 ingenio
2036 2239 2144 2277 Rhe-

1231 2328 1234 2330 .
1264 2295 1359 2331 nani
1387 2305 1473 2333 esse
1500 2298 1644 2343 potest,
1661 2305 1751 2332 cum
1778 2293 1880 2331 nihil
1898 2294 1940 2329 in
1965 2293 2070 2330 notis
2085 2292 2144 2330 di-

1261 2347 1381 2394 xerit,
1398 2359 1479 2386 non
1495 2359 1590 2386 sane
1605 2348 1726 2386 tacite
1742 2347 1864 2384 talem
1881 2347 2143 2385 mutationem

1262 2400 1497 2439 inducturus
1525 2402 1591 2438 sit.
1645 2401 1737 2448 Sed,
1755 2401 1942 2449 quoniam
1959 2404 2050 2448 post
2066 2406 2144 2437 ter-

1261 2456 1366 2493 tiam·
1381 2458 1753 2500 commemorantur,
1762 2465 1919 2492 necesse
1935 2457 2010 2500 est,
2023 2453 2142 2491 alter-

1262 2510 1354 2545 utro
1371 2508 1456 2545 loco
1471 2510 1631 2546 tertiam
1646 2508 1840 2557 legionem
1858 2518 1955 2544 esse.
1999 2506 2143 2545 Brote-

1259 2562 1344 2600 rius
1361 2562 1532 2605 secundo
1557 2562 1641 2599 loco
1657 2562 1764 2599 dedit
1793 2563 1922 2600 tertia.
1974 2560 2143 2598 Moesica

1264 2627 1319 2653 sc.
1350 2615 1533 2653 firmante
1562 2628 1597 2653 c.
1629 2621 1707 2662 24„
1750 2615 1890 2664 ltaque
1913 2624 2002 2651 eum
2032 2624 2142 2652 secu·

1261 2672 1330 2706 tus
1359 2681 1460 2708 sum.
1487 2671 1594 2708 ERN.
1634 2669 1736 2706 Bud.
1763 2670 1827 2706 hic
1854 2669 2011 2707 temam
2038 2668 2140 2706 deci-

1264 2735 1371 2760 mam
1399 2727 1442 2762 et
1457 2734 1547 2760 mox
1564 2725 1681 2761 tertia
1700 2724 1850 2761 decima
1879 2720 2013 2759 habet.
2041 2722 2142 2771 Ryc·

1263 2777 1352 2815 kun
1369 2780 1410 2815 et
1426 2777 1526 2823 Lau.
1545 2777 1667 2825 priori
1684 2777 1769 2813 loco
1785 2777 1916 2815 tertia.
1961 2775 2139 2814 Piohenae

1261 2830 1488 2879 opinionem
1505 2831 1684 2879 sequitur
1700 2831 1798 2868 Em.
1830 2829 1893 2867 Sic
1913 2832 1955 2865 et
1968 2828 2060 2878 Bip.

1319 2884 1468 2924 Octava
1480 2897 1553 2933 per
1580 2890 1758 2933 apertum
1781 2880 1965 2930 limitem]
2008 2881 2141 2919 Intell.

1259 2937 1332 2975 viae
1349 2938 1572 2982 Postumiae.
1602 2938 1688 2975 Liv.
1700 2943 1771 2983 22,
1786 2941 1849 2974 15.
1871 2947 1919 2973 ue
1933 2936 2138 2973 immunito

1258 2990 1335 3030 bie
1363 2993 1509 3041 Appiae
1543 2992 1667 3029 limite
1698 2991 1847 3034 Poenus
1864 2989 2064 3037 pertenire
2095 2991 2138 3027 in

1259 3056 1406 3093 agrum
1433 3045 1547 3082 Rom.
1561 3049 1704 3094 posset,
1720 3049 1759 3088 et
1779 3040 2065 3092 pluribus'aliis
2081 3042 2138 3079 lo-

1261 3099 1317 3136 cis
1335 3099 1486 3144 Livius,
1505 3098 1710 3147 Virgilius,
1728 3098 1776 3135 de
1792 3097 1858 3135 via
1874 3095 2024 3133 dicunt.
2056 3096 2137 3134 Ta-

1261 3153 1365 3190 citus
1394 3153 1476 3200 ipse
1502 3162 1594 3188 mox
1615 3163 1651 3189 c.
1684 3155 1749 3188 25.
1770 3161 1843 3200 per
1871 3150 2038 3192 limitem
2063 3151 2139 3188 vioe

1260 3211 1515 3255 sparguntur.
1570 3205 1743 3254 Apenas
1771 3205 1877 3241 limes
1901 3203 1975 3240 viae
1993 3202 2138 3241 Postu-

1261 3260 1352 3296 mia·
1378 3258 1592 3306 opponitur
1622 3259 1700 3306 ipsi
1727 3258 1872 3306 aggeri
1887 3257 1973 3294 viae.
2029 3256 2136 3294 Male

1260 3311 1431 3359 Ryckius
1448 3311 1496 3348 de
1520 3310 1665 3348 finibus
1679 3321 1864 3358 agrorum
1888 3309 2013 3358 accipi
2033 3309 2136 3357 vult,

1260 3376 1357 3413 quos
1387 3365 1453 3402 via
1483 3364 1682 3402 Postumia
1710 3363 1934 3412 aperuerit:
1964 3364 2068 3412 quod
2085 3374 2136 3400 ne

1261 3418 1418 3466 quidem
1436 3417 1604 3466 intelligi
1632 3420 1777 3466 potest.
1833 3417 1910 3456 Ed.
1938 3429 1998 3465 pr.
2013 3416 2135 3455 habet

1259 3471 1422 3508 militem
1444 3471 1594 3509 solenni
1623 3470 1867 3517 confusione,
1885 3471 1933 3508 de
1960 3481 2040 3521 qua
2057 3470 2133 3510 vid.

1260 3524 1461 3564 Drakenb.
1479 3525 1528 3563 ad
1544 3525 1629 3564 Liv-
1651 3530 1718 3573 22,
1742 3529 1805 3563 12.
1837 3525 1947 3565 Eas.
