2190 3880
694 128 849 178 LI'B.
879 130 972 179 111.
1027 131 1191 178 CAP.
1223 134 1303 179 86.

1851 135 1948 181 235

137 264 270 319 erat,
297 253 575 308 Vitellium
613 254 784 308 vinci:
825 254 916 308 sed
957 254 1206 325 inputare
1237 252 1522 326 perfidiam
1558 274 1669 309 non*
1695 267 2007 328 possunt‚A,
2028 277 2084 319 U.

138 328 231 397 qui
251 326 535 382 ..Vitellium
566 327 898 396 Vespasiano
928 324 1227 398 prodidere,
1250 344 1375 378 cum
1414 344 1446 378 a
1480 326 1659 379 Galba
1685 330 1939 382 descivis-
1973 334 2066 372 823.

137 409 274 450 sent.
315 397 596 469 Praecipiti
626 399 679 450 in
708 417 966 452 occasum
993 398 1100 462 die,
1127 398 1199 450 ob
1228 415 1483 468 pavorem
1513 397 1941 469 Magistratuum

139 469 587 541 senatorumque,
609 471 702 540 qui
725 471 921 542 dilapsi
941 488 1008 522 ex
1035 471 1186 534 urbe,
1213 482 1306 522 aut
1330 483 1424 540 per
1449 469 1639 521 domos
1662 470 1942 525 clientium

135 553 306 593 semet
326 543 694 607 occultabant,
714 543 894 596 vocari
914 542 1144 594 Senatus
1166 560 1275 595 non
1302 542 1500 612 potuit.
1540 540 1940 609 Domitianum,

135 623 427 683 postquam
455 613 590 667 nihil
618 614 813 666 hostile
845 615 1205 678 metuebatur,
1235 613 1302 665 ad
1336 612 1518 666 Duces
1549 614 1783 684 partium
1815 634 1938 685 pro-

135 702 376 756 gressum
421 698 477 737 et
523 684 770 738 Caesarem
809 685 1227 748 consalutatum,
1269 684 1422 736 miles
1462 684 1732 756 frequenS‚
1773 698 1940 756 utque

134 767 248 808 erat
271 757 325 808 in
353 758 532 822 armiS‚
555 757 612 808 in
635 768 886 828 paternos
917 757 1147 809 Penates
1169 757 1417 809 deduxit.

131 904 347 952 ceterisque
365 908 458 942 ante
475 905 603 943 Rhen.
639 905 677 942 Is
694 904 838 942 delevit
848 908 1007 942 auctore

132 958 221 996 MS.
238 959 342 995 Bud.
361 959 537 996 restituit
554 960 722 1008 Lipsius.
775 961 884 997 ERN.

187 1013 614 1063 Imputarepetfidiam]
635 1014 759 1054 Quasi
777 1013 1008 1062 Vespasiani

130 1077 271 1103 caussa
304 1066 419 1103 fidem
448 1068 610 1105 Vitellio
645 1069 866 1117 fregissent.
917 1068 1008 1105 Non

131 1121 309 1170 inquam,
324 1125 482 1170 possent
494 1122 712 1160 adscribere
726 1124 797 1159 hoc
804 1122 1010 1171 Vespasia-

131 1187 208 1212 noz
236 1179 278 1213 et
304 1177 462 1225 proprio
486 1176 621 1222 verbo,
645 1179 850 1226 imputare.
881 1188 1008 1225 neque

131 1230 239 1266 aliud
276 1241 323 1267 ea
353 1231 393 1268 vi
437 1231 623 1280 reperies.
678 1232 789 1269 L1Ps.
844 1231 902 1269 Ut
943 1243 1008 1279 ap.

133 1284 337 1332 Phaedrum
358 1290 394 1333 l,
413 1291 478 1324 22.
524 1286 622 1324 Noli
645 1286 840 1336 imputare
865 1297 1009 1324 vanum

1063 904 1286 953 beneficium
1303 905 1415 943 mihi.

1115 959 1322 1008 Praecipiti
1351 961 1394 996 in
1427 970 1602 995 occasum
1633 957 1711 1008 die]
1746 959 1781 996 Ε
1813 960 1942 999 vatic.

1062 1025 1153 1050 nam
1200 1014 1267 1050 alii
1303 1014 1583 1063 praecipitanti,
1633 1014 1744 1050 L1Ps.
1786 1014 1941 1063 Nempe

1062 1069 1191 1105 Rhen.
1222 1067 1259 1118 (e
1277 1066 1395 1117 Bud.)
1416 1078 1506 1104 cum
1530 1068 1773 1115 sequacibus.
1827 1069 1941 1106 Prae-

1063 1123 1175 1172 cipiti
1191 1123 1309 1159 etiam
1329 1123 1439 1159 MSS.
1458 1122 1562 1159 Flor.
1578 1122 1675 1170 Agr.
1697 1122 1809 1173 (Reg.
1821 1121 1938 1174 Lau.)

1062 1177 1194 1214 Guelf.
1211 1176 1295 1212 edd.
1312 1180 1404 1213 ante
1423 1176 1551 1213 Rhen.
1577 1176 1654 1213 nisi
1668 1176 1768 1226 quod
1782 1178 1940 1227 quidam

1059 1232 1273 1282 praecipite,
1292 1235 1339 1270 ut
1355 1231 1415 1268 ed.
1434 1242 1495 1280 pr.
1539 1231 1647 1269 ERN.

1957 385 2005 424 A.
2026 388 2079 426 C.

1983 442 2053 482 70.
