<?xml version="1.0" encoding="UTF-8"?>
<!DOCTYPE html PUBLIC "-//W3C//DTD XHTML 1.0 Transitional//EN"
    "http://www.w3.org/TR/xhtml1/DTD/xhtml1-transitional.dtd">
<html xmlns="http://www.w3.org/1999/xhtml" xml:lang="en" lang="en">
 <head>
  <title>
</title>
<meta http-equiv="Content-Type" content="text/html;charset=utf-8" />
  <meta name='ocr-system' content='tesseract 3.04.00' />
  <meta name='ocr-capabilities' content='ocr_page ocr_carea ocr_par ocr_line ocrx_word'/>
</head>
<body>
  <div class='ocr_page' id='page_1' title='image "./p1operaexrecensi02taciuoft_0192.png"; bbox 0 0 2190 3880; ppageno 0'>
   <div class='ocr_carea' id='block_1_1' title="bbox 133 143 2105 2110">
    <p class='ocr_par' dir='ltr' id='par_1_1' title="bbox 133 143 2105 2110">
     <span class='ocr_line' id='line_1_1' title="bbox 273 143 1497 198; baseline -0.003 0"><span class='ocrx_word' id='word_1_1' title='bbox 273 148 366 198; x_wconf 59' lang='lat'>1270</span> <span class='ocrx_word' id='word_1_2' title='bbox 870 143 1497 195; x_wconf 82' lang='lat' dir='ltr'>HISTORIARUM</span> 
     </span>
     <span class='ocr_line' id='line_1_2' title="bbox 133 266 2079 342; baseline 0.001 -17"><span class='ocrx_word' id='word_1_3' title='bbox 133 287 187 325; x_wconf 72' lang='lat' dir='ltr'>A.</span> <span class='ocrx_word' id='word_1_4' title='bbox 206 287 258 324; x_wconf 81' lang='lat' dir='ltr'>U.</span> <span class='ocrx_word' id='word_1_5' title='bbox 273 267 495 338; x_wconf 87' lang='lat' dir='ltr'>paludes</span> <span class='ocrx_word' id='word_1_6' title='bbox 517 266 727 322; x_wconf 83' lang='lat' dir='ltr'>Tartari</span> <span class='ocrx_word' id='word_1_7' title='bbox 755 270 1014 336; x_wconf 80' lang='lat' dir='ltr'>fluminiS,</span> <span class='ocrx_word' id='word_1_8' title='bbox 1039 284 1217 325; x_wconf 80' lang='lat' dir='ltr'>castra</span> <span class='ocrx_word' id='word_1_9' title='bbox 1243 271 1569 342; x_wconf 78' lang='lat' dir='ltr'>permuniit3</span> <span class='ocrx_word' id='word_1_10' title='bbox 1599 279 1756 329; x_wconf 65' lang='lat' dir='ltr'>tutus</span> <span class='ocrx_word' id='word_1_11' title='bbox 1784 271 1925 338; x_wconf 88' lang='lat' dir='ltr'>loco,</span> <span class='ocrx_word' id='word_1_12' title='bbox 1950 287 2079 327; x_wconf 87' lang='lat' dir='ltr'>cum</span> 
     </span>
     <span class='ocr_line' id='line_1_3' title="bbox 146 339 2082 413; baseline 0.003 -24"><span class='ocrx_word' id='word_1_13' title='bbox 146 344 240 382; x_wconf 79' lang='lat'><strong>823·</strong></span> <span class='ocrx_word' id='word_1_14' title='bbox 275 350 429 410; x_wconf 84' lang='lat' dir='ltr'>terga</span> <span class='ocrx_word' id='word_1_15' title='bbox 471 339 714 406; x_wconf 91' lang='lat' dir='ltr'>flumine,</span> <span class='ocrx_word' id='word_1_16' title='bbox 740 340 910 394; x_wconf 83' lang='lat' dir='ltr'>latera</span> <span class='ocrx_word' id='word_1_17' title='bbox 947 342 1170 411; x_wconf 87' lang='lat' dir='ltr'>objectu</span> <span class='ocrx_word' id='word_1_18' title='bbox 1207 342 1418 413; x_wconf 88' lang='lat' dir='ltr'>paludis</span> <span class='ocrx_word' id='word_1_19' title='bbox 1458 353 1811 411; x_wconf 64' lang='lat' dir='ltr'>tegerentur.‹</span> <span class='ocrx_word' id='word_1_20' title='bbox 1847 344 1995 413; x_wconf 87' lang='lat' dir='ltr'>quod</span> <span class='ocrx_word' id='word_1_21' title='bbox 2034 343 2082 395; x_wconf 87' lang='lat' dir='ltr'>si</span> 
     </span>
     <span class='ocr_line' id='line_1_4' title="bbox 149 396 2080 488; baseline 0.001 -25"><span class='ocrx_word' id='word_1_22' title='bbox 149 396 260 488; x_wconf 46' lang='lat' dir='ltr'>‘ibe‘</span> <span class='ocrx_word' id='word_1_23' title='bbox 273 409 536 462; x_wconf 86' lang='lat' dir='ltr'>adfuisset</span> <span class='ocrx_word' id='word_1_24' title='bbox 567 410 717 476; x_wconf 83' lang='lat' dir='ltr'>fides,</span> <span class='ocrx_word' id='word_1_25' title='bbox 743 424 839 464; x_wconf 84' lang='lat' dir='ltr'>aut</span> <span class='ocrx_word' id='word_1_26' title='bbox 871 413 1108 483; x_wconf 84' lang='lat' dir='ltr'>opprimi</span> <span class='ocrx_word' id='word_1_27' title='bbox 1142 412 1404 464; x_wconf 88' lang='lat' dir='ltr'>universis</span> <span class='ocrx_word' id='word_1_28' title='bbox 1430 411 1843 466; x_wconf 78' lang='lat' dir='ltr'>Vitellianorum</span> <span class='ocrx_word' id='word_1_29' title='bbox 1874 414 2080 465; x_wconf 85' lang='lat' dir='ltr'>viribus</span> 
     </span>
     <span class='ocr_line' id='line_1_5' title="bbox 170 466 2080 554; baseline 0.001 -22"><span class='ocrx_word' id='word_1_30' title='bbox 170 466 182 491; x_wconf 72' lang='lat'><em>¹</em></span> <span class='ocrx_word' id='word_1_31' title='bbox 219 476 230 487; x_wconf 83' lang='grc'><em>“</em></span> <span class='ocrx_word' id='word_1_32' title='bbox 271 480 394 533; x_wconf 82' lang='lat' dir='ltr'>duae</span> <span class='ocrx_word' id='word_1_33' title='bbox 414 479 675 552; x_wconf 83' lang='lat' dir='ltr'>legiones,</span> <span class='ocrx_word' id='word_1_34' title='bbox 700 483 938 536; x_wconf 85' lang='lat' dir='ltr'>nondum</span> <span class='ocrx_word' id='word_1_35' title='bbox 963 483 1261 552; x_wconf 87' lang='lat' dir='ltr'>conjuncto</span> <span class='ocrx_word' id='word_1_36' title='bbox 1286 482 1526 534; x_wconf 86' lang='lat' dir='ltr'>Moesico</span> <span class='ocrx_word' id='word_1_37' title='bbox 1547 483 1812 547; x_wconf 82' lang='lat' dir='ltr'>exercitu,</span> <span class='ocrx_word' id='word_1_38' title='bbox 1833 494 2080 554; x_wconf 83' lang='lat' dir='ltr'>potuere,</span> 
     </span>
     <span class='ocr_line' id='line_1_6' title="bbox 269 550 2079 623; baseline 0.001 -20"><span class='ocrx_word' id='word_1_39' title='bbox 269 563 365 603; x_wconf 86' lang='lat' dir='ltr'>aut</span> <span class='ocrx_word' id='word_1_40' title='bbox 391 563 534 604; x_wconf 86' lang='lat' dir='ltr'>retro</span> <span class='ocrx_word' id='word_1_41' title='bbox 567 564 727 616; x_wconf 85' lang='lat' dir='ltr'>actae,</span> <span class='ocrx_word' id='word_1_42' title='bbox 753 553 966 604; x_wconf 89' lang='lat' dir='ltr'>deserta</span> <span class='ocrx_word' id='word_1_43' title='bbox 997 550 1172 618; x_wconf 87' lang='lat' dir='ltr'>Italia,</span> <span class='ocrx_word' id='word_1_44' title='bbox 1198 565 1410 623; x_wconf 82' lang='lat' dir='ltr'><strong>turpem</strong></span> <span class='ocrx_word' id='word_1_45' title='bbox 1439 551 1631 622; x_wconf 65' lang='lat' dir='ltr'>&gt;fugam</span> <span class='ocrx_word' id='word_1_46' title='bbox 1669 553 2079 605; x_wconf 75' lang='lat' dir='ltr'><strong>conscivissent.</strong></span> 
     </span>
     <span class='ocr_line' id='line_1_7' title="bbox 270 622 2089 693; baseline 0 -19"><span class='ocrx_word' id='word_1_47' title='bbox 270 622 375 675; x_wconf 87' lang='lat' dir='ltr'>Sed</span> <span class='ocrx_word' id='word_1_48' title='bbox 431 622 674 686; x_wconf 83' lang='lat' dir='ltr'>Caecina,</span> <span class='ocrx_word' id='word_1_49' title='bbox 721 640 815 692; x_wconf 88' lang='lat' dir='ltr'>per</span> <span class='ocrx_word' id='word_1_50' title='bbox 862 624 1036 678; x_wconf 77' lang='lat' dir='ltr'>varias</span> <span class='ocrx_word' id='word_1_51' title='bbox 1082 641 1282 687; x_wconf 77' lang='lat' dir='ltr'>moraS,</span> <span class='ocrx_word' id='word_1_52' title='bbox 1323 624 1499 693; x_wconf 85' lang='lat' dir='ltr'>prima</span> <span class='ocrx_word' id='word_1_53' title='bbox 1543 624 1793 678; x_wconf 85' lang='lat' dir='ltr'>hostibus</span> <span class='ocrx_word' id='word_1_54' title='bbox 1840 622 2089 693; x_wconf 20' lang='lat' dir='ltr'>prodidit*</span> 
     </span>
     <span class='ocr_line' id='line_1_8' title="bbox 268 693 2079 764; baseline 0 -20"><span class='ocrx_word' id='word_1_55' title='bbox 268 703 516 763; x_wconf 79' lang='lat' dir='ltr'>tempora</span> <span class='ocrx_word' id='word_1_56' title='bbox 544 693 686 756; x_wconf 89' lang='lat' dir='ltr'>belli,</span> <span class='ocrx_word' id='word_1_57' title='bbox 713 695 1026 763; x_wconf 32' lang='lat' dir='ltr'>dum,.quos</span> <span class='ocrx_word' id='word_1_58' title='bbox 1052 695 1215 747; x_wconf 86' lang='lat' dir='ltr'>armis</span> <span class='ocrx_word' id='word_1_59' title='bbox 1245 694 1439 764; x_wconf 89' lang='lat' dir='ltr'>pellere</span> <span class='ocrx_word' id='word_1_60' title='bbox 1468 707 1779 764; x_wconf 87' lang='lat' dir='ltr'>promptum</span> <span class='ocrx_word' id='word_1_61' title='bbox 1805 705 1938 758; x_wconf 83' lang='lat' dir='ltr'>erat,</span> <span class='ocrx_word' id='word_1_62' title='bbox 1963 693 2079 763; x_wconf 88' lang='lat' dir='ltr'>epi-</span> 
     </span>
     <span class='ocr_line' id='line_1_9' title="bbox 268 764 2076 835; baseline 0.001 -20"><span class='ocrx_word' id='word_1_63' title='bbox 268 764 420 816; x_wconf 85' lang='lat' dir='ltr'>stolis</span> <span class='ocrx_word' id='word_1_64' title='bbox 460 764 725 833; x_wconf 85' lang='lat' dir='ltr'>increpat,</span> <span class='ocrx_word' id='word_1_65' title='bbox 745 764 922 815; x_wconf 90' lang='lat' dir='ltr'>donec</span> <span class='ocrx_word' id='word_1_66' title='bbox 959 781 1057 834; x_wconf 87' lang='lat' dir='ltr'>per</span> <span class='ocrx_word' id='word_1_67' title='bbox 1093 765 1316 816; x_wconf 86' lang='lat' dir='ltr'>nuntios</span> <span class='ocrx_word' id='word_1_68' title='bbox 1348 776 1508 835; x_wconf 86' lang='lat' dir='ltr'>pacta</span> <span class='ocrx_word' id='word_1_69' title='bbox 1542 764 2076 835; x_wconf 62' lang='lat' dir='ltr'>perfidiae-firmaret.</span> 
     </span>
     <span class='ocr_line' id='line_1_10' title="bbox 269 833 2082 906; baseline -0.001 -19"><span class='ocrx_word' id='word_1_70' title='bbox 269 834 497 886; x_wconf 79' lang='lat' dir='ltr'>Interim</span> <span class='ocrx_word' id='word_1_71' title='bbox 525 833 775 903; x_wconf 82' lang='lat' dir='ltr'>Aponius</span> <span class='ocrx_word' id='word_1_72' title='bbox 803 834 1126 886; x_wconf 83' lang='lat' dir='ltr'><strong>Saturninus</strong></span> <span class='ocrx_word' id='word_1_73' title='bbox 1146 853 1271 889; x_wconf 90' lang='lat' dir='ltr'>cum</span> <span class='ocrx_word' id='word_1_74' title='bbox 1292 835 1507 906; x_wconf 84' lang='lat' dir='ltr'>legione</span> <span class='ocrx_word' id='word_1_75' title='bbox 1527 836 1758 905; x_wconf 87' lang='lat' dir='ltr'>septima</span> <span class='ocrx_word' id='word_1_76' title='bbox 1779 834 2082 887; x_wconf 82' lang='lat' dir='ltr'>Claudiana</span> 
     </span>
     <span class='ocr_line' id='line_1_11' title="bbox 267 903 2096 976; baseline 0 -20"><span class='ocrx_word' id='word_1_77' title='bbox 267 904 506 957; x_wconf 85' lang='lat' dir='ltr'>advenit.</span> <span class='ocrx_word' id='word_1_78' title='bbox 553 904 757 974; x_wconf 84' lang='lat' dir='ltr'>legioni</span> <span class='ocrx_word' id='word_1_79' title='bbox 784 903 1058 957; x_wconf 80' lang='lat' dir='ltr'>Tribunus</span> <span class='ocrx_word' id='word_1_80' title='bbox 1086 905 1382 975; x_wconf 85' lang='lat' dir='ltr'>Vipstanus</span> <span class='ocrx_word' id='word_1_81' title='bbox 1412 906 1669 958; x_wconf 83' lang='lat' dir='ltr'>Messalla</span> <span class='ocrx_word' id='word_1_82' title='bbox 1696 916 1942 976; x_wconf 87' lang='lat' dir='ltr'>praeerat,</span> <span class='ocrx_word' id='word_1_83' title='bbox 1971 904 2096 958; x_wconf 68' lang='lat' dir='ltr'>cla·</span> 
     </span>
     <span class='ocr_line' id='line_1_12' title="bbox 265 966 2080 1047; baseline 0 -20"><span class='ocrx_word' id='word_1_84' title='bbox 265 977 339 1027; x_wconf 85' lang='lat' dir='ltr'>ris</span> <span class='ocrx_word' id='word_1_85' title='bbox 369 975 685 1045; x_wconf 85' lang='lat' dir='ltr'>majoribus,</span> <span class='ocrx_word' id='word_1_86' title='bbox 715 976 966 1047; x_wconf 85' lang='lat' dir='ltr'>egregius</span> <span class='ocrx_word' id='word_1_87' title='bbox 991 976 1126 1046; x_wconf 88' lang='lat' dir='ltr'>ipse,</span> <span class='ocrx_word' id='word_1_88' title='bbox 1159 987 1216 1028; x_wconf 89' lang='lat' dir='ltr'>et</span> <span class='ocrx_word' id='word_1_89' title='bbox 1249 966 1340 1044; x_wconf 86' lang='lat' dir='ltr'>qui</span> <span class='ocrx_word' id='word_1_90' title='bbox 1369 977 1513 1029; x_wconf 86' lang='lat' dir='ltr'>solus</span> <span class='ocrx_word' id='word_1_91' title='bbox 1538 977 1605 1029; x_wconf 90' lang='lat' dir='ltr'>ad</span> <span class='ocrx_word' id='word_1_92' title='bbox 1632 977 1686 1030; x_wconf 88' lang='lat' dir='ltr'>id</span> <span class='ocrx_word' id='word_1_93' title='bbox 1716 977 1911 1029; x_wconf 86' lang='lat' dir='ltr'>bellum</span> <span class='ocrx_word' id='word_1_94' title='bbox 1938 987 2080 1028; x_wconf 86' lang='lat' dir='ltr'>artes</span> 
     </span>
     <span class='ocr_line' id='line_1_13' title="bbox 268 1045 2099 1117; baseline 0 -19"><span class='ocrx_word' id='word_1_95' title='bbox 268 1047 438 1098; x_wconf 85' lang='lat' dir='ltr'>bonas</span> <span class='ocrx_word' id='word_1_96' title='bbox 490 1045 790 1098; x_wconf 82' lang='lat' dir='ltr'>adtulisset.</span> <span class='ocrx_word' id='word_1_97' title='bbox 868 1046 986 1098; x_wconf 88' lang='lat' dir='ltr'>Has</span> <span class='ocrx_word' id='word_1_98' title='bbox 1030 1046 1096 1099; x_wconf 86' lang='lat' dir='ltr'>ad</span> <span class='ocrx_word' id='word_1_99' title='bbox 1145 1046 1350 1117; x_wconf 79' lang='lat' dir='ltr'>copiaS,</span> <span class='ocrx_word' id='word_1_100' title='bbox 1395 1065 1735 1117; x_wconf 83' lang='lat' dir='ltr'>nequaquam</span> <span class='ocrx_word' id='word_1_101' title='bbox 1775 1046 2099 1100; x_wconf 76' lang='lat' dir='ltr'>Vitellianis.</span> 
     </span>
     <span class='ocr_line' id='line_1_14' title="bbox 269 1117 2097 1188; baseline 0.001 -20"><span class='ocrx_word' id='word_1_102' title='bbox 269 1135 421 1186; x_wconf 88' lang='lat' dir='ltr'>pares</span> <span class='ocrx_word' id='word_1_103' title='bbox 448 1117 678 1187; x_wconf 87' lang='lat' dir='ltr'>(quippe</span> <span class='ocrx_word' id='word_1_104' title='bbox 706 1128 811 1170; x_wconf 86' lang='lat' dir='ltr'>tres</span> <span class='ocrx_word' id='word_1_105' title='bbox 835 1117 1013 1170; x_wconf 88' lang='lat' dir='ltr'>adhuc</span> <span class='ocrx_word' id='word_1_106' title='bbox 1036 1117 1277 1188; x_wconf 80' lang='lat' dir='ltr'>legiones</span> <span class='ocrx_word' id='word_1_107' title='bbox 1299 1119 1645 1181; x_wconf 65' lang='lat' dir='ltr'>erant).misit</span> <span class='ocrx_word' id='word_1_108' title='bbox 1665 1118 1925 1188; x_wconf 78' lang='lat' dir='ltr'>epistolas</span> <span class='ocrx_word' id='word_1_109' title='bbox 1956 1117 2097 1170; x_wconf 64' lang='lat' dir='ltr'>Cae·</span> 
     </span>
     <span class='ocr_line' id='line_1_15' title="bbox 264 1187 2098 1251; baseline -0.001 -10"><span class='ocrx_word' id='word_1_110' title='bbox 264 1189 408 1251; x_wconf 88' lang='lat' dir='ltr'>cina,</span> <span class='ocrx_word' id='word_1_111' title='bbox 445 1188 778 1247; x_wconf 78' lang='lat' dir='ltr'>temeritatem</span> <span class='ocrx_word' id='word_1_112' title='bbox 827 1189 968 1240; x_wconf 82' lang='lat' dir='ltr'>victa</span> <span class='ocrx_word' id='word_1_113' title='bbox 1007 1206 1158 1240; x_wconf 82' lang='lat' dir='ltr'>arma</span> <span class='ocrx_word' id='word_1_114' title='bbox 1211 1189 1547 1240; x_wconf 77' lang='lat' dir='ltr'>tractantium</span> <span class='ocrx_word' id='word_1_115' title='bbox 1589 1189 1858 1241; x_wconf 76' lang='lat' dir='ltr'>incusanS.</span> <span class='ocrx_word' id='word_1_116' title='bbox 1904 1187 2098 1240; x_wconf 19' lang='lat' dir='ltr'>&#39;simul-</span> 
     </span>
     <span class='ocr_line' id='line_1_16' title="bbox 266 1256 2083 1325; baseline 0.001 -15"><span class='ocrx_word' id='word_1_117' title='bbox 266 1257 430 1310; x_wconf 72' lang='lat' dir='ltr'>virtus</span> <span class='ocrx_word' id='word_1_118' title='bbox 459 1256 760 1310; x_wconf 81' lang='lat' dir='ltr'>Germanici</span> <span class='ocrx_word' id='word_1_119' title='bbox 779 1258 1022 1311; x_wconf 74' lang='lat' dir='ltr'>exercitus</span> <span class='ocrx_word' id='word_1_120' title='bbox 1043 1258 1292 1311; x_wconf 85' lang='lat' dir='ltr'>laudibus</span> <span class='ocrx_word' id='word_1_121' title='bbox 1319 1258 1707 1325; x_wconf 80' lang='lat' dir='ltr'>adtollebatur3</span> <span class='ocrx_word' id='word_1_122' title='bbox 1736 1258 1942 1313; x_wconf 81' lang='lat' dir='ltr'>Vitellii</span> <span class='ocrx_word' id='word_1_123' title='bbox 1965 1276 2083 1311; x_wconf 87' lang='lat' dir='ltr'>mo-</span> 
     </span>
     <span class='ocr_line' id='line_1_17' title="bbox 265 1329 2105 1400; baseline -0.001 -19"><span class='ocrx_word' id='word_1_124' title='bbox 265 1329 390 1381; x_wconf 88' lang='lat' dir='ltr'>dica</span> <span class='ocrx_word' id='word_1_125' title='bbox 416 1342 471 1380; x_wconf 90' lang='lat' dir='ltr'>et</span> <span class='ocrx_word' id='word_1_126' title='bbox 499 1329 707 1399; x_wconf 84' lang='lat' dir='ltr'>vulgari</span> <span class='ocrx_word' id='word_1_127' title='bbox 737 1330 1033 1394; x_wconf 75' lang='lat' dir='ltr'>mentione,</span> <span class='ocrx_word' id='word_1_128' title='bbox 1058 1329 1204 1382; x_wconf 88' lang='lat' dir='ltr'>nulla</span> <span class='ocrx_word' id='word_1_129' title='bbox 1231 1332 1286 1382; x_wconf 91' lang='lat' dir='ltr'>in</span> <span class='ocrx_word' id='word_1_130' title='bbox 1309 1329 1706 1400; x_wconf 83' lang='lat' dir='ltr'>Vespasianum</span> <span class='ocrx_word' id='word_1_131' title='bbox 1733 1329 2105 1382; x_wconf 82' lang='lat' dir='ltr'>contumelia..</span> 
     </span>
     <span class='ocr_line' id='line_1_18' title="bbox 267 1400 2100 1470; baseline 0.001 -19"><span class='ocrx_word' id='word_1_132' title='bbox 267 1400 402 1451; x_wconf 91' lang='lat' dir='ltr'>nihil</span> <span class='ocrx_word' id='word_1_133' title='bbox 447 1417 683 1468; x_wconf 80' lang='lat' dir='ltr'>prorsuS‚</span> <span class='ocrx_word' id='word_1_134' title='bbox 715 1401 863 1469; x_wconf 92' lang='lat' dir='ltr'>quod</span> <span class='ocrx_word' id='word_1_135' title='bbox 900 1412 996 1452; x_wconf 87' lang='lat' dir='ltr'>aut</span> <span class='ocrx_word' id='word_1_136' title='bbox 1033 1412 1415 1470; x_wconf 84' lang='lat' dir='ltr'>conrumperet</span> <span class='ocrx_word' id='word_1_137' title='bbox 1455 1401 1687 1464; x_wconf 81' lang='lat' dir='ltr'>hostem,</span> <span class='ocrx_word' id='word_1_138' title='bbox 1710 1415 1805 1452; x_wconf 87' lang='lat' dir='ltr'>aut</span> <span class='ocrx_word' id='word_1_139' title='bbox 1841 1411 2100 1453; x_wconf 41' lang='lat' dir='ltr'>terreretv</span> 
     </span>
     <span class='ocr_line' id='line_1_19' title="bbox 271 1470 2090 1541; baseline 0.002 -21"><span class='ocrx_word' id='word_1_140' title='bbox 271 1470 647 1521; x_wconf 87' lang='lat' dir='ltr'>Flavianarum</span> <span class='ocrx_word' id='word_1_141' title='bbox 684 1471 919 1540; x_wconf 87' lang='lat' dir='ltr'>partium</span> <span class='ocrx_word' id='word_1_142' title='bbox 946 1470 1147 1533; x_wconf 76' lang='lat' dir='ltr'>DuceS,</span> <span class='ocrx_word' id='word_1_143' title='bbox 1175 1472 1374 1523; x_wconf 87' lang='lat' dir='ltr'>omissa</span> <span class='ocrx_word' id='word_1_144' title='bbox 1411 1472 1602 1541; x_wconf 90' lang='lat' dir='ltr'>prioris</span> <span class='ocrx_word' id='word_1_145' title='bbox 1633 1471 1868 1525; x_wconf 87' lang='lat' dir='ltr'>fortunae</span> <span class='ocrx_word' id='word_1_146' title='bbox 1895 1471 2090 1536; x_wconf 29' lang='lat' dir='ltr'>defen-¹</span> 
     </span>
     <span class='ocr_line' id='line_1_20' title="bbox 269 1541 2085 1611; baseline 0.002 -20"><span class='ocrx_word' id='word_1_147' title='bbox 269 1542 440 1604; x_wconf 89' lang='lat' dir='ltr'>sione,</span> <span class='ocrx_word' id='word_1_148' title='bbox 469 1558 567 1610; x_wconf 89' lang='lat' dir='ltr'>pro</span> <span class='ocrx_word' id='word_1_149' title='bbox 592 1541 925 1611; x_wconf 85' lang='lat' dir='ltr'>Vespasiano</span> <span class='ocrx_word' id='word_1_150' title='bbox 952 1541 1262 1610; x_wconf 83' lang='lat' dir='ltr'>magnifice,</span> <span class='ocrx_word' id='word_1_151' title='bbox 1292 1559 1388 1611; x_wconf 90' lang='lat' dir='ltr'>pro</span> <span class='ocrx_word' id='word_1_152' title='bbox 1400 1560 1594 1595; x_wconf 66' lang='lat' dir='ltr'>,caussa</span> <span class='ocrx_word' id='word_1_153' title='bbox 1621 1542 1866 1607; x_wconf 84' lang='lat' dir='ltr'>fidenter,</span> <span class='ocrx_word' id='word_1_154' title='bbox 1892 1542 1960 1594; x_wconf 92' lang='lat' dir='ltr'>de</span> <span class='ocrx_word' id='word_1_155' title='bbox 1985 1559 2085 1594; x_wconf 87' lang='lat' dir='ltr'>ex-</span> 
     </span>
     <span class='ocr_line' id='line_1_21' title="bbox 267 1611 2085 1684; baseline 0.001 -22"><span class='ocrx_word' id='word_1_156' title='bbox 267 1612 454 1663; x_wconf 88' lang='lat' dir='ltr'>ercitu·</span> <span class='ocrx_word' id='word_1_157' title='bbox 484 1611 677 1675; x_wconf 90' lang='lat' dir='ltr'>securi,</span> <span class='ocrx_word' id='word_1_158' title='bbox 716 1612 768 1663; x_wconf 92' lang='lat' dir='ltr'>in</span> <span class='ocrx_word' id='word_1_159' title='bbox 807 1611 1087 1677; x_wconf 85' lang='lat' dir='ltr'>Vitellium</span> <span class='ocrx_word' id='word_1_160' title='bbox 1127 1625 1187 1664; x_wconf 91' lang='lat' dir='ltr'>ut</span> <span class='ocrx_word' id='word_1_161' title='bbox 1224 1612 1452 1677; x_wconf 89' lang='lat' dir='ltr'>inimici,</span> <span class='ocrx_word' id='word_1_162' title='bbox 1476 1630 1897 1684; x_wconf 77' lang='lat' dir='ltr'>praesumpsere:</span> <span class='ocrx_word' id='word_1_163' title='bbox 1937 1612 2085 1665; x_wconf 88' lang='lat' dir='ltr'>facta</span> 
     </span>
     <span class='ocr_line' id='line_1_22' title="bbox 269 1681 2082 1753; baseline 0.001 -19"><span class='ocrx_word' id='word_1_164' title='bbox 269 1681 527 1734; x_wconf 85' lang='lat' dir='ltr'>Tribunis</span> <span class='ocrx_word' id='word_1_165' title='bbox 552 1681 1086 1752; x_wconf 87' lang='lat' dir='ltr'>Centurionibusque</span> <span class='ocrx_word' id='word_1_166' title='bbox 1105 1682 1372 1747; x_wconf 74' lang='lat' dir='ltr'>retinendi,</span> <span class='ocrx_word' id='word_1_167' title='bbox 1392 1701 1505 1753; x_wconf 74' lang='lat' dir='ltr'>qua:</span> <span class='ocrx_word' id='word_1_168' title='bbox 1529 1681 1763 1736; x_wconf 75' lang='lat' dir='ltr'>Vitellius</span> <span class='ocrx_word' id='word_1_169' title='bbox 1782 1683 2082 1748; x_wconf 79' lang='lat' dir='ltr'>indulsisset,</span> 
     </span>
     <span class='ocr_line' id='line_1_23' title="bbox 272 1753 2105 1823; baseline 0.002 -20"><span class='ocrx_word' id='word_1_170' title='bbox 272 1770 382 1823; x_wconf 86' lang='lat' dir='ltr'>spe.</span> <span class='ocrx_word' id='word_1_171' title='bbox 438 1764 600 1822; x_wconf 87' lang='lat' dir='ltr'>atque</span> <span class='ocrx_word' id='word_1_172' title='bbox 646 1755 824 1823; x_wconf 84' lang='lat' dir='ltr'>ipsum</span> <span class='ocrx_word' id='word_1_173' title='bbox 866 1753 1145 1806; x_wconf 83' lang='lat' dir='ltr'>Caecinam</span> <span class='ocrx_word' id='word_1_174' title='bbox 1188 1772 1296 1805; x_wconf 90' lang='lat' dir='ltr'>non</span> <span class='ocrx_word' id='word_1_175' title='bbox 1335 1755 1564 1808; x_wconf 87' lang='lat' dir='ltr'>obscure</span> <span class='ocrx_word' id='word_1_176' title='bbox 1601 1754 1670 1806; x_wconf 90' lang='lat' dir='ltr'>ad</span> <span class='ocrx_word' id='word_1_177' title='bbox 1713 1754 2105 1808; x_wconf 56' lang='lat' dir='ltr'>transitionem&gt;</span> 
     </span>
     <span class='ocr_line' id='line_1_24' title="bbox 274 1823 2084 1894; baseline 0.001 -19"><span class='ocrx_word' id='word_1_178' title='bbox 274 1824 650 1876; x_wconf 86' lang='lat' dir='ltr'>hortabantur.</span> <span class='ocrx_word' id='word_1_179' title='bbox 736 1823 1007 1882; x_wconf 79' lang='lat' dir='ltr'>Recitatae</span> <span class='ocrx_word' id='word_1_180' title='bbox 1061 1842 1159 1893; x_wconf 85' lang='lat' dir='ltr'>pro</span> <span class='ocrx_word' id='word_1_181' title='bbox 1211 1825 1488 1877; x_wconf 69' lang='lat' dir='ltr'>concionev</span> <span class='ocrx_word' id='word_1_182' title='bbox 1529 1824 1774 1894; x_wconf 80' lang='lat' dir='ltr'>epistolae</span> <span class='ocrx_word' id='word_1_183' title='bbox 1831 1825 2084 1877; x_wconf 79' lang='lat' dir='ltr'>addidere</span> 
     </span>
     <span class='ocr_line' id='line_1_25' title="bbox 275 1894 2088 1967; baseline 0.001 -21"><span class='ocrx_word' id='word_1_184' title='bbox 275 1895 549 1958; x_wconf 85' lang='lat' dir='ltr'>fiduciam,</span> <span class='ocrx_word' id='word_1_185' title='bbox 577 1894 720 1963; x_wconf 87' lang='lat' dir='ltr'>quod</span> <span class='ocrx_word' id='word_1_186' title='bbox 752 1895 1017 1946; x_wconf 85' lang='lat' dir='ltr'>submisse</span> <span class='ocrx_word' id='word_1_187' title='bbox 1049 1895 1290 1960; x_wconf 70' lang='lat' dir='ltr'>Caecina,</span> <span class='ocrx_word' id='word_1_188' title='bbox 1321 1895 1467 1947; x_wconf 91' lang='lat' dir='ltr'>velut</span> <span class='ocrx_word' id='word_1_189' title='bbox 1496 1895 1771 1948; x_wconf 85' lang='lat' dir='ltr'>offendere</span> <span class='ocrx_word' id='word_1_190' title='bbox 1799 1896 2088 1967; x_wconf 84' lang='lat' dir='ltr'>Vespasia-</span> 
     </span>
     <span class='ocr_line' id='line_1_26' title="bbox 275 1965 2086 2036; baseline 0.002 -19"><span class='ocrx_word' id='word_1_191' title='bbox 275 1982 406 2017; x_wconf 85' lang='lat' dir='ltr'>num</span> <span class='ocrx_word' id='word_1_192' title='bbox 447 1965 662 2031; x_wconf 77' lang='lat' dir='ltr'>timenS,</span> <span class='ocrx_word' id='word_1_193' title='bbox 692 1965 932 2035; x_wconf 87' lang='lat' dir='ltr'>ipsorum</span> <span class='ocrx_word' id='word_1_194' title='bbox 974 1965 1157 2018; x_wconf 88' lang='lat' dir='ltr'>Duces</span> <span class='ocrx_word' id='word_1_195' title='bbox 1196 1967 1575 2036; x_wconf 84' lang='lat' dir='ltr'>contemptim,</span> <span class='ocrx_word' id='word_1_196' title='bbox 1607 1978 1882 2036; x_wconf 85' lang='lat' dir='ltr'>tamquam</span> <span class='ocrx_word' id='word_1_197' title='bbox 1922 1965 2086 2021; x_wconf 52' lang='lat' dir='ltr'>insula</span> 
     </span>
     <span class='ocr_line' id='line_1_27' title="bbox 202 2035 2086 2110; baseline 0.001 -21"><span class='ocrx_word' id='word_1_198' title='bbox 202 2046 261 2092; x_wconf 90' lang='lat'>10</span> <span class='ocrx_word' id='word_1_199' title='bbox 278 2049 452 2090; x_wconf 87' lang='lat' dir='ltr'>tantes</span> <span class='ocrx_word' id='word_1_200' title='bbox 469 2035 710 2101; x_wconf 87' lang='lat' dir='ltr'>Vitellio,</span> <span class='ocrx_word' id='word_1_201' title='bbox 738 2036 1097 2107; x_wconf 87' lang='lat' dir='ltr'>scripsissent.</span> <span class='ocrx_word' id='word_1_202' title='bbox 1155 2035 1414 2097; x_wconf 84' lang='lat' dir='ltr'>Adventu</span> <span class='ocrx_word' id='word_1_203' title='bbox 1439 2037 1634 2091; x_wconf 88' lang='lat' dir='ltr'>deinde</span> <span class='ocrx_word' id='word_1_204' title='bbox 1661 2037 1889 2090; x_wconf 87' lang='lat' dir='ltr'>duarum</span> <span class='ocrx_word' id='word_1_205' title='bbox 1915 2037 2086 2110; x_wconf 82' lang='lat' dir='ltr'>legio·-</span> 
     </span>
    </p>
   </div>
   <div class='ocr_carea' id='block_1_2' title="bbox 2163 0 2190 432">
    <p class='ocr_par' dir='ltr' id='par_1_2' title="bbox 2163 0 2190 432">
     <span class='ocr_line' id='line_1_28' title="bbox 2163 0 2190 432; baseline 0 3448"><span class='ocrx_word' id='word_1_206' title='bbox 2163 0 2190 432; x_wconf 95' lang='lat' dir='ltr'> </span> 
     </span>
    </p>
   </div>
   <div class='ocr_carea' id='block_1_3' title="bbox 267 2162 1158 3598">
    <p class='ocr_par' dir='ltr' id='par_1_3' title="bbox 330 2162 1155 2214">
     <span class='ocr_line' id='line_1_29' title="bbox 330 2162 1155 2214; baseline -0.002 -12"><span class='ocrx_word' id='word_1_207' title='bbox 330 2165 472 2202; x_wconf 61' lang='lat' dir='ltr'>Castra</span> <span class='ocrx_word' id='word_1_208' title='bbox 483 2162 716 2214; x_wconf 78' lang='lat' dir='ltr'>permuniit]</span> <span class='ocrx_word' id='word_1_209' title='bbox 738 2163 786 2201; x_wconf 88' lang='lat' dir='ltr'>In</span> <span class='ocrx_word' id='word_1_210' title='bbox 805 2162 891 2202; x_wconf 86' lang='lat' dir='ltr'>MS.</span> <span class='ocrx_word' id='word_1_211' title='bbox 908 2164 1037 2202; x_wconf 82' lang='lat' dir='ltr'>Oxou.</span> <span class='ocrx_word' id='word_1_212' title='bbox 1050 2164 1155 2201; x_wconf 82' lang='lat' dir='ltr'>exci-</span> 
     </span>
    </p>

    <p class='ocr_par' dir='ltr' id='par_1_4' title="bbox 269 2218 1158 2524">
     <span class='ocr_line' id='line_1_30' title="bbox 269 2218 652 2255; baseline 0.003 -1"><span class='ocrx_word' id='word_1_213' title='bbox 269 2218 329 2255; x_wconf 84' lang='lat' dir='ltr'>dit</span> <span class='ocrx_word' id='word_1_214' title='bbox 345 2224 488 2254; x_wconf 79' lang='lat' dir='ltr'>castra.</span> <span class='ocrx_word' id='word_1_215' title='bbox 542 2219 652 2255; x_wconf 78' lang='lat' dir='ltr'>ERN.</span> 
     </span>
     <span class='ocr_line' id='line_1_31' title="bbox 279 2269 1154 2320; baseline 0 -13"><span class='ocrx_word' id='word_1_216' title='bbox 279 2300 289 2307; x_wconf 93' lang='lat'>.</span> <span class='ocrx_word' id='word_1_217' title='bbox 324 2273 466 2308; x_wconf 79' lang='lat' dir='ltr'>Prima</span> <span class='ocrx_word' id='word_1_218' title='bbox 480 2271 652 2311; x_wconf 74' lang='lat' dir='ltr'>hostibus</span> <span class='ocrx_word' id='word_1_219' title='bbox 663 2269 858 2320; x_wconf 79' lang='lat' dir='ltr'>prodidit]</span> <span class='ocrx_word' id='word_1_220' title='bbox 889 2270 1050 2318; x_wconf 85' lang='lat' dir='ltr'>Lipsius</span> <span class='ocrx_word' id='word_1_221' title='bbox 1067 2283 1154 2308; x_wconf 82' lang='lat' dir='ltr'>ven—</span> 
     </span>
     <span class='ocr_line' id='line_1_32' title="bbox 271 2323 1155 2371; baseline -0.005 -7"><span class='ocrx_word' id='word_1_222' title='bbox 271 2326 372 2364; x_wconf 72' lang='lat' dir='ltr'>didit</span> <span class='ocrx_word' id='word_1_223' title='bbox 390 2324 572 2361; x_wconf 81' lang='lat' dir='ltr'>malebat.</span> <span class='ocrx_word' id='word_1_224' title='bbox 614 2323 829 2371; x_wconf 79' lang='lat' dir='ltr'>Vulgatum</span> <span class='ocrx_word' id='word_1_225' title='bbox 846 2335 999 2361; x_wconf 85' lang='lat' dir='ltr'>verum.</span> <span class='ocrx_word' id='word_1_226' title='bbox 1040 2325 1155 2362; x_wconf 83' lang='lat' dir='ltr'>Com-·</span> 
     </span>
     <span class='ocr_line' id='line_1_33' title="bbox 271 2376 1158 2426; baseline -0.002 -10"><span class='ocrx_word' id='word_1_227' title='bbox 271 2378 380 2417; x_wconf 81' lang='lat' dir='ltr'>misit</span> <span class='ocrx_word' id='word_1_228' title='bbox 410 2378 579 2423; x_wconf 80' lang='lat' dir='ltr'>Caecina,</span> <span class='ocrx_word' id='word_1_229' title='bbox 616 2380 663 2414; x_wconf 90' lang='lat' dir='ltr'>ut</span> <span class='ocrx_word' id='word_1_230' title='bbox 695 2378 824 2425; x_wconf 82' lang='lat' dir='ltr'>prima</span> <span class='ocrx_word' id='word_1_231' title='bbox 851 2381 1031 2426; x_wconf 79' lang='lat' dir='ltr'>tempora</span> <span class='ocrx_word' id='word_1_232' title='bbox 1062 2376 1158 2414; x_wconf 85' lang='lat' dir='ltr'>belli</span> 
     </span>
     <span class='ocr_line' id='line_1_34' title="bbox 273 2431 1158 2481; baseline -0.002 -11"><span class='ocrx_word' id='word_1_233' title='bbox 273 2432 538 2481; x_wconf 70' lang='lat' dir='ltr'>praeterirent,</span> <span class='ocrx_word' id='word_1_234' title='bbox 556 2431 667 2468; x_wconf 84' lang='lat' dir='ltr'>nulla</span> <span class='ocrx_word' id='word_1_235' title='bbox 678 2442 721 2467; x_wconf 88' lang='lat' dir='ltr'>re</span> <span class='ocrx_word' id='word_1_236' title='bbox 732 2434 902 2479; x_wconf 77' lang='lat' dir='ltr'>tentata,</span> <span class='ocrx_word' id='word_1_237' title='bbox 915 2432 1019 2480; x_wconf 89' lang='lat' dir='ltr'>quod</span> <span class='ocrx_word' id='word_1_238' title='bbox 1036 2431 1158 2469; x_wconf 87' lang='lat' dir='ltr'>hosti-</span> 
     </span>
     <span class='ocr_line' id='line_1_35' title="bbox 272 2485 740 2524; baseline -0.004 0"><span class='ocrx_word' id='word_1_239' title='bbox 272 2487 347 2524; x_wconf 85' lang='lat' dir='ltr'>bus</span> <span class='ocrx_word' id='word_1_240' title='bbox 366 2487 464 2523; x_wconf 89' lang='lat' dir='ltr'>utile</span> <span class='ocrx_word' id='word_1_241' title='bbox 482 2486 574 2522; x_wconf 83' lang='lat' dir='ltr'>fuit.</span> <span class='ocrx_word' id='word_1_242' title='bbox 630 2485 740 2523; x_wconf 76' lang='lat' dir='ltr'>ERN.</span> 
     </span>
    </p>

    <p class='ocr_par' dir='ltr' id='par_1_5' title="bbox 267 2537 1158 3173">
     <span class='ocr_line' id='line_1_36' title="bbox 330 2537 1157 2589; baseline -0.002 -12"><span class='ocrx_word' id='word_1_243' title='bbox 330 2540 542 2589; x_wconf 72' lang='lat' dir='ltr'>Vipsanius</span> <span class='ocrx_word' id='word_1_244' title='bbox 558 2537 751 2586; x_wconf 70' lang='lat' dir='ltr'>Messala]</span> <span class='ocrx_word' id='word_1_245' title='bbox 782 2539 856 2576; x_wconf 84' lang='lat' dir='ltr'>Est</span> <span class='ocrx_word' id='word_1_246' title='bbox 874 2539 949 2576; x_wconf 88' lang='lat' dir='ltr'>iste</span> <span class='ocrx_word' id='word_1_247' title='bbox 973 2539 1074 2586; x_wconf 85' lang='lat' dir='ltr'>ipse,</span> <span class='ocrx_word' id='word_1_248' title='bbox 1092 2538 1157 2575; x_wconf 92' lang='lat' dir='ltr'>cui</span> 
     </span>
     <span class='ocr_line' id='line_1_37' title="bbox 273 2592 1157 2642; baseline -0.001 -12"><span class='ocrx_word' id='word_1_249' title='bbox 273 2596 404 2642; x_wconf 85' lang='lat' dir='ltr'>partes</span> <span class='ocrx_word' id='word_1_250' title='bbox 423 2593 612 2630; x_wconf 89' lang='lat' dir='ltr'>sermonis</span> <span class='ocrx_word' id='word_1_251' title='bbox 634 2593 840 2640; x_wconf 76' lang='lat' dir='ltr'>praecipuae</span> <span class='ocrx_word' id='word_1_252' title='bbox 857 2592 1092 2630; x_wconf 86' lang='lat' dir='ltr'>tribuuntur</span> <span class='ocrx_word' id='word_1_253' title='bbox 1115 2593 1157 2629; x_wconf 89' lang='lat' dir='ltr'>in</span> 
     </span>
     <span class='ocr_line' id='line_1_38' title="bbox 271 2645 1156 2695; baseline -0.002 -11"><span class='ocrx_word' id='word_1_254' title='bbox 271 2648 404 2685; x_wconf 88' lang='lat' dir='ltr'>libello</span> <span class='ocrx_word' id='word_1_255' title='bbox 431 2648 492 2684; x_wconf 93' lang='lat' dir='ltr'>De</span> <span class='ocrx_word' id='word_1_256' title='bbox 518 2647 665 2683; x_wconf 87' lang='lat' dir='ltr'>caussis</span> <span class='ocrx_word' id='word_1_257' title='bbox 691 2649 885 2694; x_wconf 84' lang='lat' dir='ltr'>corruptae</span> <span class='ocrx_word' id='word_1_258' title='bbox 907 2645 1156 2695; x_wconf 76' lang='lat' dir='ltr'>eloquentiae.</span> 
     </span>
     <span class='ocr_line' id='line_1_39' title="bbox 271 2699 1158 2748; baseline -0.002 -10"><span class='ocrx_word' id='word_1_259' title='bbox 271 2702 457 2739; x_wconf 85' lang='lat' dir='ltr'>Amicum</span> <span class='ocrx_word' id='word_1_260' title='bbox 471 2699 615 2738; x_wconf 72' lang='lat' dir='ltr'>Tacito</span> <span class='ocrx_word' id='word_1_261' title='bbox 639 2700 773 2744; x_wconf 84' lang='lat' dir='ltr'>fuisse,</span> <span class='ocrx_word' id='word_1_262' title='bbox 790 2711 838 2737; x_wconf 86' lang='lat' dir='ltr'>ex</span> <span class='ocrx_word' id='word_1_263' title='bbox 857 2700 992 2748; x_wconf 78' lang='lat' dir='ltr'>elogiis</span> <span class='ocrx_word' id='word_1_264' title='bbox 1012 2701 1071 2737; x_wconf 87' lang='lat' dir='ltr'>his</span> <span class='ocrx_word' id='word_1_265' title='bbox 1096 2711 1158 2736; x_wconf 88' lang='lat' dir='ltr'>sa-</span> 
     </span>
     <span class='ocr_line' id='line_1_40' title="bbox 272 2753 1157 2803; baseline -0.003 -11"><span class='ocrx_word' id='word_1_266' title='bbox 272 2756 326 2792; x_wconf 84' lang='lat' dir='ltr'>tis</span> <span class='ocrx_word' id='word_1_267' title='bbox 343 2757 511 2791; x_wconf 87' lang='lat' dir='ltr'>constat.</span> <span class='ocrx_word' id='word_1_268' title='bbox 567 2755 680 2792; x_wconf 70' lang='lat' dir='ltr'>ers.</span> <span class='ocrx_word' id='word_1_269' title='bbox 733 2754 859 2791; x_wconf 89' lang='lat' dir='ltr'>Immo</span> <span class='ocrx_word' id='word_1_270' title='bbox 874 2755 1090 2803; x_wconf 69' lang='lat' dir='ltr'>Vipstanus</span> <span class='ocrx_word' id='word_1_271' title='bbox 1101 2753 1157 2789; x_wconf 89' lang='lat' dir='ltr'>le-</span> 
     </span>
     <span class='ocr_line' id='line_1_41' title="bbox 271 2804 1157 2857; baseline -0.003 -11"><span class='ocrx_word' id='word_1_272' title='bbox 271 2810 458 2857; x_wconf 84' lang='lat' dir='ltr'>gendum,</span> <span class='ocrx_word' id='word_1_273' title='bbox 477 2811 524 2844; x_wconf 86' lang='lat' dir='ltr'>ut</span> <span class='ocrx_word' id='word_1_274' title='bbox 541 2808 666 2844; x_wconf 82' lang='lat' dir='ltr'>voluit</span> <span class='ocrx_word' id='word_1_275' title='bbox 684 2808 886 2855; x_wconf 81' lang='lat' dir='ltr'>Rupertus</span> <span class='ocrx_word' id='word_1_276' title='bbox 910 2807 990 2857; x_wconf 85' lang='lat' dir='ltr'>(ep.</span> <span class='ocrx_word' id='word_1_277' title='bbox 1011 2804 1094 2857; x_wconf 88' lang='grc'>48.)</span> <span class='ocrx_word' id='word_1_278' title='bbox 1115 2810 1157 2843; x_wconf 88' lang='lat' dir='ltr'>et</span> 
     </span>
     <span class='ocr_line' id='line_1_42' title="bbox 267 2860 1156 2909; baseline -0.001 -11"><span class='ocrx_word' id='word_1_279' title='bbox 267 2864 351 2909; x_wconf 83' lang='lat' dir='ltr'>jam</span> <span class='ocrx_word' id='word_1_280' title='bbox 379 2863 534 2899; x_wconf 84' lang='lat' dir='ltr'>edidere</span> <span class='ocrx_word' id='word_1_281' title='bbox 564 2862 643 2906; x_wconf 91' lang='lat' dir='ltr'>hic,</span> <span class='ocrx_word' id='word_1_282' title='bbox 674 2865 720 2897; x_wconf 89' lang='lat' dir='ltr'>ut</span> <span class='ocrx_word' id='word_1_283' title='bbox 750 2860 862 2904; x_wconf 82' lang='lat' dir='ltr'>alibi,</span> <span class='ocrx_word' id='word_1_284' title='bbox 896 2862 1084 2909; x_wconf 82' lang='lat' dir='ltr'>Ryckius,</span> <span class='ocrx_word' id='word_1_285' title='bbox 1116 2862 1156 2898; x_wconf 81' lang='lat' dir='ltr'>J.</span> 
     </span>
     <span class='ocr_line' id='line_1_43' title="bbox 274 2915 1152 2965; baseline -0.003 -12"><span class='ocrx_word' id='word_1_286' title='bbox 274 2918 397 2953; x_wconf 82' lang='lat' dir='ltr'>Gron.</span> <span class='ocrx_word' id='word_1_287' title='bbox 410 2920 451 2953; x_wconf 88' lang='lat' dir='ltr'>et</span> <span class='ocrx_word' id='word_1_288' title='bbox 468 2916 523 2952; x_wconf 88' lang='lat' dir='ltr'>sic</span> <span class='ocrx_word' id='word_1_289' title='bbox 535 2915 612 2952; x_wconf 80' lang='lat' dir='ltr'>fuit</span> <span class='ocrx_word' id='word_1_290' title='bbox 630 2916 675 2965; x_wconf 79' lang='lat' dir='ltr'>in</span> <span class='ocrx_word' id='word_1_291' title='bbox 690 2916 857 2953; x_wconf 85' lang='lat' dir='ltr'>Guelf.a</span> <span class='ocrx_word' id='word_1_292' title='bbox 872 2916 1000 2963; x_wconf 85' lang='lat' dir='ltr'>prima</span> <span class='ocrx_word' id='word_1_293' title='bbox 1012 2926 1152 2952; x_wconf 77' lang='lat' dir='ltr'>manu:</span> 
     </span>
     <span class='ocr_line' id='line_1_44' title="bbox 274 2967 1156 3018; baseline 0 -13"><span class='ocrx_word' id='word_1_294' title='bbox 274 2981 349 3006; x_wconf 84' lang='lat' dir='ltr'>sec.</span> <span class='ocrx_word' id='word_1_295' title='bbox 378 2970 472 3005; x_wconf 82' lang='lat' dir='ltr'>fecit</span> <span class='ocrx_word' id='word_1_296' title='bbox 508 2969 721 3018; x_wconf 72' lang='lat' dir='ltr'>Vipsanas,</span> <span class='ocrx_word' id='word_1_297' title='bbox 749 2974 796 3005; x_wconf 86' lang='lat' dir='ltr'>ut</span> <span class='ocrx_word' id='word_1_298' title='bbox 829 2968 946 3018; x_wconf 80' lang='lat' dir='ltr'>(Bud.</span> <span class='ocrx_word' id='word_1_299' title='bbox 975 2967 1030 3018; x_wconf 89' lang='lat' dir='ltr'>et)</span> <span class='ocrx_word' id='word_1_300' title='bbox 1059 2973 1156 3006; x_wconf 84' lang='lat' dir='ltr'>vett.</span> 
     </span>
     <span class='ocr_line' id='line_1_45' title="bbox 274 3022 1158 3070; baseline 0 -12"><span class='ocrx_word' id='word_1_301' title='bbox 274 3024 362 3060; x_wconf 84' lang='lat' dir='ltr'>edd.</span> <span class='ocrx_word' id='word_1_302' title='bbox 389 3022 551 3067; x_wconf 86' lang='lat' dir='ltr'>habent,</span> <span class='ocrx_word' id='word_1_303' title='bbox 570 3026 712 3070; x_wconf 84' lang='lat' dir='ltr'>praeter</span> <span class='ocrx_word' id='word_1_304' title='bbox 739 3023 922 3070; x_wconf 81' lang='lat' dir='ltr'>primam,</span> <span class='ocrx_word' id='word_1_305' title='bbox 940 3023 981 3059; x_wconf 89' lang='lat' dir='ltr'>in</span> <span class='ocrx_word' id='word_1_306' title='bbox 1002 3034 1082 3070; x_wconf 86' lang='lat' dir='ltr'>qua</span> <span class='ocrx_word' id='word_1_307' title='bbox 1098 3026 1158 3059; x_wconf 84' lang='lat' dir='ltr'>est</span> 
     </span>
     <span class='ocr_line' id='line_1_46' title="bbox 281 3076 1156 3125; baseline 0 -11"><span class='ocrx_word' id='word_1_308' title='bbox 281 3077 509 3125; x_wconf 71' lang='lat' dir='ltr'>Vipsanius,</span> <span class='ocrx_word' id='word_1_309' title='bbox 529 3080 576 3112; x_wconf 84' lang='lat' dir='ltr'>ut</span> <span class='ocrx_word' id='word_1_310' title='bbox 601 3076 643 3112; x_wconf 87' lang='lat' dir='ltr'>in</span> <span class='ocrx_word' id='word_1_311' title='bbox 667 3076 752 3113; x_wconf 80' lang='lat' dir='ltr'>edd.</span> <span class='ocrx_word' id='word_1_312' title='bbox 774 3076 898 3125; x_wconf 87' lang='lat' dir='ltr'>Lipsii</span> <span class='ocrx_word' id='word_1_313' title='bbox 915 3088 1000 3125; x_wconf 82' lang='lat' dir='ltr'>sqq.</span> <span class='ocrx_word' id='word_1_314' title='bbox 1047 3077 1156 3114; x_wconf 78' lang='lat' dir='ltr'>ERN.</span> 
     </span>
     <span class='ocr_line' id='line_1_47' title="bbox 273 3129 780 3173; baseline 0.002 -7"><span class='ocrx_word' id='word_1_315' title='bbox 273 3130 374 3166; x_wconf 85' lang='lat' dir='ltr'>Vide</span> <span class='ocrx_word' id='word_1_316' title='bbox 394 3130 497 3166; x_wconf 83' lang='lat' dir='ltr'>dicta</span> <span class='ocrx_word' id='word_1_317' title='bbox 515 3129 562 3164; x_wconf 85' lang='lat' dir='ltr'>ad</span> <span class='ocrx_word' id='word_1_318' title='bbox 580 3129 631 3166; x_wconf 88' lang='lat' dir='ltr'>A.</span> <span class='ocrx_word' id='word_1_319' title='bbox 658 3134 721 3173; x_wconf 87' lang='lat'>14,</span> <span class='ocrx_word' id='word_1_320' title='bbox 746 3135 780 3167; x_wconf 90' lang='lat'>1.</span> 
     </span>
    </p>

    <p class='ocr_par' dir='ltr' id='par_1_6' title="bbox 274 3181 1156 3276">
     <span class='ocr_line' id='line_1_48' title="bbox 332 3181 1156 3231; baseline -0.001 -11"><span class='ocrx_word' id='word_1_321' title='bbox 332 3181 619 3231; x_wconf 73' lang='lat' dir='ltr'>Prae-tantiam]</span> <span class='ocrx_word' id='word_1_322' title='bbox 646 3182 754 3220; x_wconf 77' lang='lat' dir='ltr'>Acid.</span> <span class='ocrx_word' id='word_1_323' title='bbox 771 3182 926 3220; x_wconf 80' lang='lat' dir='ltr'>volebat</span> <span class='ocrx_word' id='word_1_324' title='bbox 943 3189 1156 3222; x_wconf 77' lang='lat' dir='ltr'>retractan-</span> 
     </span>
     <span class='ocr_line' id='line_1_49' title="bbox 274 3239 389 3276; baseline -0.009 -1"><span class='ocrx_word' id='word_1_325' title='bbox 274 3239 389 3276; x_wconf 76' lang='lat' dir='ltr'>tima.</span> 
     </span>
    </p>

    <p class='ocr_par' dir='ltr' id='par_1_7' title="bbox 274 3286 1157 3598">
     <span class='ocr_line' id='line_1_50' title="bbox 327 3286 1152 3336; baseline -0.005 -7"><span class='ocrx_word' id='word_1_326' title='bbox 327 3292 394 3328; x_wconf 90' lang='lat' dir='ltr'>De</span> <span class='ocrx_word' id='word_1_327' title='bbox 403 3291 513 3328; x_wconf 72' lang='lat' dir='ltr'>exitu</span> <span class='ocrx_word' id='word_1_328' title='bbox 530 3286 674 3335; x_wconf 77' lang='lat' dir='ltr'>securi]</span> <span class='ocrx_word' id='word_1_329' title='bbox 706 3289 907 3325; x_wconf 82' lang='lat' dir='ltr'>Manuscri</span> <span class='ocrx_word' id='word_1_330' title='bbox 914 3289 972 3336; x_wconf 88' lang='lat' dir='ltr'>pti</span> <span class='ocrx_word' id='word_1_331' title='bbox 987 3290 1031 3326; x_wconf 86' lang='lat' dir='ltr'>de</span> <span class='ocrx_word' id='word_1_332' title='bbox 1045 3302 1152 3327; x_wconf 72' lang='lat' dir='ltr'>exer-</span> 
     </span>
     <span class='ocr_line' id='line_1_51' title="bbox 274 3341 1152 3390; baseline 0 -11"><span class='ocrx_word' id='word_1_333' title='bbox 274 3347 372 3383; x_wconf 76' lang='lat' dir='ltr'>citu.</span> <span class='ocrx_word' id='word_1_334' title='bbox 430 3343 546 3383; x_wconf 84' lang='lat' dir='ltr'>Quod</span> <span class='ocrx_word' id='word_1_335' title='bbox 574 3341 693 3387; x_wconf 87' lang='lat' dir='ltr'>edidi,</span> <span class='ocrx_word' id='word_1_336' title='bbox 710 3343 833 3390; x_wconf 86' lang='lat' dir='ltr'>magis</span> <span class='ocrx_word' id='word_1_337' title='bbox 861 3344 1001 3389; x_wconf 82' lang='lat' dir='ltr'>plac-et.</span> <span class='ocrx_word' id='word_1_338' title='bbox 1042 3345 1152 3379; x_wconf 78' lang='lat' dir='ltr'>L1Ps.</span> 
     </span>
     <span class='ocr_line' id='line_1_52' title="bbox 275 3394 1155 3444; baseline -0.006 -7"><span class='ocrx_word' id='word_1_339' title='bbox 275 3398 409 3438; x_wconf 86' lang='lat' dir='ltr'>Etiam</span> <span class='ocrx_word' id='word_1_340' title='bbox 438 3396 543 3434; x_wconf 86' lang='lat' dir='ltr'>Flor.</span> <span class='ocrx_word' id='word_1_341' title='bbox 572 3394 707 3444; x_wconf 87' lang='lat' dir='ltr'>(Bud.)</span> <span class='ocrx_word' id='word_1_342' title='bbox 729 3396 821 3444; x_wconf 86' lang='lat' dir='ltr'>Agr.</span> <span class='ocrx_word' id='word_1_343' title='bbox 840 3396 971 3432; x_wconf 77' lang='lat' dir='ltr'>Guelf.</span> <span class='ocrx_word' id='word_1_344' title='bbox 1000 3401 1041 3432; x_wconf 91' lang='lat' dir='ltr'>et</span> <span class='ocrx_word' id='word_1_345' title='bbox 1069 3397 1155 3432; x_wconf 86' lang='lat' dir='ltr'>edd.</span> 
     </span>
     <span class='ocr_line' id='line_1_53' title="bbox 276 3449 1157 3499; baseline -0.005 -11"><span class='ocrx_word' id='word_1_346' title='bbox 276 3455 371 3489; x_wconf 84' lang='lat' dir='ltr'>vett.</span> <span class='ocrx_word' id='word_1_347' title='bbox 391 3461 515 3499; x_wconf 86' lang='lat' dir='ltr'>usque</span> <span class='ocrx_word' id='word_1_348' title='bbox 537 3449 586 3484; x_wconf 88' lang='lat' dir='ltr'>ad</span> <span class='ocrx_word' id='word_1_349' title='bbox 605 3449 793 3497; x_wconf 85' lang='lat' dir='ltr'>Lipsium.</span> <span class='ocrx_word' id='word_1_350' title='bbox 852 3449 965 3490; x_wconf 84' lang='lat' dir='ltr'>Unde</span> <span class='ocrx_word' id='word_1_351' title='bbox 982 3449 1157 3486; x_wconf 82' lang='lat' dir='ltr'>defendit</span> 
     </span>
     <span class='ocr_line' id='line_1_54' title="bbox 276 3503 1154 3553; baseline -0.003 -10"><span class='ocrx_word' id='word_1_352' title='bbox 276 3505 462 3553; x_wconf 81' lang='lat' dir='ltr'>Ryckius,</span> <span class='ocrx_word' id='word_1_353' title='bbox 480 3506 672 3553; x_wconf 82' lang='lat' dir='ltr'>putatque</span> <span class='ocrx_word' id='word_1_354' title='bbox 690 3503 830 3551; x_wconf 85' lang='lat' dir='ltr'>respici</span> <span class='ocrx_word' id='word_1_355' title='bbox 842 3503 890 3539; x_wconf 79' lang='lat' dir='ltr'>ad</span> <span class='ocrx_word' id='word_1_356' title='bbox 908 3504 1014 3540; x_wconf 82' lang='lat' dir='ltr'>victa</span> <span class='ocrx_word' id='word_1_357' title='bbox 1029 3514 1154 3540; x_wconf 79' lang='lat' dir='ltr'>arma.</span> 
     </span>
     <span class='ocr_line' id='line_1_55' title="bbox 278 3557 1152 3598; baseline -0.003 -1"><span class='ocrx_word' id='word_1_358' title='bbox 278 3560 381 3598; x_wconf 84' lang='lat' dir='ltr'>Mihi</span> <span class='ocrx_word' id='word_1_359' title='bbox 421 3560 530 3598; x_wconf 69' lang='lat' dir='ltr'>exitu</span> <span class='ocrx_word' id='word_1_360' title='bbox 563 3568 700 3595; x_wconf 80' lang='lat' dir='ltr'>verum</span> <span class='ocrx_word' id='word_1_361' title='bbox 733 3557 902 3595; x_wconf 78' lang='lat' dir='ltr'>videtur.</span> <span class='ocrx_word' id='word_1_362' title='bbox 955 3557 1152 3596; x_wconf 68' lang='lat' dir='ltr'>Exercicu</span> 
     </span>
    </p>
   </div>
   <div class='ocr_carea' id='block_1_4' title="bbox 1207 2163 2088 2644">
    <p class='ocr_par' dir='ltr' id='par_1_8' title="bbox 1207 2163 2088 2644">
     <span class='ocr_line' id='line_1_56' title="bbox 1207 2163 2087 2213; baseline 0 -12"><span class='ocrx_word' id='word_1_363' title='bbox 1207 2165 1401 2213; x_wconf 86' lang='lat' dir='ltr'>quomodo</span> <span class='ocrx_word' id='word_1_364' title='bbox 1429 2168 1559 2203; x_wconf 85' lang='lat' dir='ltr'>ortum</span> <span class='ocrx_word' id='word_1_365' title='bbox 1596 2165 1664 2210; x_wconf 86' lang='lat' dir='ltr'>sit,</span> <span class='ocrx_word' id='word_1_366' title='bbox 1683 2165 1841 2203; x_wconf 84' lang='lat' dir='ltr'>videtur</span> <span class='ocrx_word' id='word_1_367' title='bbox 1867 2164 1928 2202; x_wconf 87' lang='lat' dir='ltr'>ed.</span> <span class='ocrx_word' id='word_1_368' title='bbox 1946 2172 2006 2213; x_wconf 86' lang='lat' dir='ltr'>pr.</span> <span class='ocrx_word' id='word_1_369' title='bbox 2024 2163 2087 2201; x_wconf 81' lang='lat' dir='ltr'>in·</span> 
     </span>
     <span class='ocr_line' id='line_1_57' title="bbox 1207 2217 2088 2268; baseline 0.001 -13"><span class='ocrx_word' id='word_1_370' title='bbox 1207 2220 1351 2264; x_wconf 86' lang='lat' dir='ltr'>dicare,</span> <span class='ocrx_word' id='word_1_371' title='bbox 1388 2220 1431 2257; x_wconf 90' lang='lat' dir='ltr'>in</span> <span class='ocrx_word' id='word_1_372' title='bbox 1482 2230 1561 2268; x_wconf 88' lang='lat' dir='ltr'>qua</span> <span class='ocrx_word' id='word_1_373' title='bbox 1601 2220 1747 2256; x_wconf 86' lang='lat' dir='ltr'>omissa</span> <span class='ocrx_word' id='word_1_374' title='bbox 1784 2217 1910 2256; x_wconf 79' lang='lat' dir='ltr'>verba</span> <span class='ocrx_word' id='word_1_375' title='bbox 1961 2219 2088 2256; x_wconf 71' lang='lat' dir='ltr'>securi</span> 
     </span>
     <span class='ocr_line' id='line_1_58' title="bbox 1209 2272 2088 2322; baseline -0.001 -13"><span class='ocrx_word' id='word_1_376' title='bbox 1209 2273 1251 2309; x_wconf 79' lang='lat' dir='ltr'>in</span> <span class='ocrx_word' id='word_1_377' title='bbox 1290 2274 1341 2311; x_wconf 89' lang='lat' dir='ltr'>V.</span> <span class='ocrx_word' id='word_1_378' title='bbox 1367 2279 1413 2311; x_wconf 78' lang='lat' dir='ltr'>ut</span> <span class='ocrx_word' id='word_1_379' title='bbox 1447 2275 1615 2319; x_wconf 75' lang='lat' dir='ltr'>inimici,</span> <span class='ocrx_word' id='word_1_380' title='bbox 1643 2273 1898 2322; x_wconf 81' lang='lat' dir='ltr'>sequiturque</span> <span class='ocrx_word' id='word_1_381' title='bbox 1924 2272 2088 2309; x_wconf 73' lang='lat' dir='ltr'>Moesico</span> 
     </span>
     <span class='ocr_line' id='line_1_59' title="bbox 1208 2325 2085 2367; baseline -0.002 -5"><span class='ocrx_word' id='word_1_382' title='bbox 1208 2326 1412 2367; x_wconf 83' lang='lat' dir='ltr'>celebrare,</span> <span class='ocrx_word' id='word_1_383' title='bbox 1457 2332 1505 2363; x_wconf 87' lang='lat' dir='ltr'>ut</span> <span class='ocrx_word' id='word_1_384' title='bbox 1543 2326 1708 2364; x_wconf 85' lang='lat' dir='ltr'>verbum</span> <span class='ocrx_word' id='word_1_385' title='bbox 1751 2327 1824 2363; x_wconf 86' lang='lat' dir='ltr'>hoc</span> <span class='ocrx_word' id='word_1_386' title='bbox 1866 2325 2085 2362; x_wconf 85' lang='lat' dir='ltr'>confusioni</span> 
     </span>
     <span class='ocr_line' id='line_1_60' title="bbox 1213 2378 2087 2428; baseline 0 -12"><span class='ocrx_word' id='word_1_387' title='bbox 1213 2378 1345 2416; x_wconf 80' lang='lat' dir='ltr'>deberi</span> <span class='ocrx_word' id='word_1_388' title='bbox 1375 2380 1571 2425; x_wconf 87' lang='lat' dir='ltr'>videatur,</span> <span class='ocrx_word' id='word_1_389' title='bbox 1601 2391 1688 2428; x_wconf 79' lang='lat' dir='ltr'>quoe</span> <span class='ocrx_word' id='word_1_390' title='bbox 1713 2379 1777 2417; x_wconf 79' lang='lat' dir='ltr'>hic</span> <span class='ocrx_word' id='word_1_391' title='bbox 1804 2390 1938 2416; x_wconf 79' lang='lat' dir='ltr'>omnes</span> <span class='ocrx_word' id='word_1_392' title='bbox 1965 2378 2087 2416; x_wconf 83' lang='lat' dir='ltr'>libros</span> 
     </span>
     <span class='ocr_line' id='line_1_61' title="bbox 1213 2433 2087 2478; baseline -0.001 -9"><span class='ocrx_word' id='word_1_393' title='bbox 1213 2434 1372 2478; x_wconf 84' lang='lat' dir='ltr'>invasit,</span> <span class='ocrx_word' id='word_1_394' title='bbox 1417 2441 1462 2471; x_wconf 91' lang='lat' dir='ltr'>ut</span> <span class='ocrx_word' id='word_1_395' title='bbox 1506 2433 1688 2471; x_wconf 84' lang='lat' dir='ltr'>vidimus.</span> <span class='ocrx_word' id='word_1_396' title='bbox 1742 2434 1849 2472; x_wconf 70' lang='lat' dir='ltr'>ERN.</span> <span class='ocrx_word' id='word_1_397' title='bbox 1901 2433 2087 2470; x_wconf 66' lang='lat' dir='ltr'>Restituo</span> 
     </span>
     <span class='ocr_line' id='line_1_62' title="bbox 1212 2486 2086 2535; baseline 0.001 -13"><span class='ocrx_word' id='word_1_398' title='bbox 1212 2498 1301 2523; x_wconf 86' lang='lat' dir='ltr'>cum</span> <span class='ocrx_word' id='word_1_399' title='bbox 1321 2487 1413 2535; x_wconf 87' lang='lat' dir='ltr'>Bip.</span> <span class='ocrx_word' id='word_1_400' title='bbox 1430 2487 1640 2525; x_wconf 76' lang='lat' dir='ltr'>lectionem</span> <span class='ocrx_word' id='word_1_401' title='bbox 1667 2487 1856 2524; x_wconf 85' lang='lat' dir='ltr'>codicum.</span> <span class='ocrx_word' id='word_1_402' title='bbox 1893 2486 2086 2527; x_wconf 76' lang='lat' dir='ltr'>Quamvis</span> 
     </span>
     <span class='ocr_line' id='line_1_63' title="bbox 1211 2541 1852 2589; baseline 0.003 -12"><span class='ocrx_word' id='word_1_403' title='bbox 1211 2552 1338 2589; x_wconf 85' lang='lat' dir='ltr'>nuper</span> <span class='ocrx_word' id='word_1_404' title='bbox 1356 2542 1465 2586; x_wconf 86' lang='lat' dir='ltr'>victi,</span> <span class='ocrx_word' id='word_1_405' title='bbox 1477 2541 1562 2587; x_wconf 81' lang='lat' dir='ltr'>jam</span> <span class='ocrx_word' id='word_1_406' title='bbox 1579 2544 1692 2578; x_wconf 89' lang='lat' dir='ltr'>erant</span> <span class='ocrx_word' id='word_1_407' title='bbox 1708 2541 1852 2579; x_wconf 82' lang='lat' dir='ltr'>securi.</span> 
     </span>
     <span class='ocr_line' id='line_1_64' title="bbox 1265 2593 2088 2644; baseline 0 -13"><span class='ocrx_word' id='word_1_408' title='bbox 1265 2593 1569 2644; x_wconf 70' lang='lat' dir='ltr'>Proesumpoere]</span> <span class='ocrx_word' id='word_1_409' title='bbox 1597 2595 1623 2632; x_wconf 84' lang='lat' dir='ltr'>i.</span> <span class='ocrx_word' id='word_1_410' title='bbox 1642 2606 1677 2632; x_wconf 86' lang='lat' dir='ltr'>e.</span> <span class='ocrx_word' id='word_1_411' title='bbox 1693 2595 1780 2632; x_wconf 79' lang='lat' dir='ltr'>ausi</span> <span class='ocrx_word' id='word_1_412' title='bbox 1806 2598 1900 2632; x_wconf 81' lang='lat' dir='ltr'>sunt</span> <span class='ocrx_word' id='word_1_413' title='bbox 1915 2595 2088 2643; x_wconf 79' lang='lat' dir='ltr'>opinari,</span> 
     </span>
    </p>
   </div>
   <div class='ocr_carea' id='block_1_5' title="bbox 1211 2647 2111 2686">
    <p class='ocr_par' dir='ltr' id='par_1_9' title="bbox 1211 2647 2111 2686">
     <span class='ocr_line' id='line_1_65' title="bbox 1211 2647 2111 2686; baseline 0.002 -2"><span class='ocrx_word' id='word_1_414' title='bbox 1211 2647 1382 2685; x_wconf 80' lang='lat' dir='ltr'>scribere</span> <span class='ocrx_word' id='word_1_415' title='bbox 1418 2649 1466 2685; x_wconf 87' lang='lat' dir='ltr'>de</span> <span class='ocrx_word' id='word_1_416' title='bbox 1490 2648 1652 2685; x_wconf 87' lang='lat' dir='ltr'>Vitellio</span> <span class='ocrx_word' id='word_1_417' title='bbox 1682 2649 1962 2686; x_wconf 81' lang='lat' dir='ltr'>contumeliose</span> <span class='ocrx_word' id='word_1_418' title='bbox 1995 2651 2111 2686; x_wconf 75' lang='lat' dir='ltr'>aute-</span> 
     </span>
    </p>
   </div>
   <div class='ocr_carea' id='block_1_6' title="bbox 1207 2701 2093 3546">
    <p class='ocr_par' dir='ltr' id='par_1_10' title="bbox 1207 2701 2093 3546">
     <span class='ocr_line' id='line_1_66' title="bbox 1208 2701 2088 2750; baseline 0.002 -12"><span class='ocrx_word' id='word_1_419' title='bbox 1208 2701 1427 2747; x_wconf 77' lang='lat' dir='ltr'>victoriam,</span> <span class='ocrx_word' id='word_1_420' title='bbox 1445 2705 1657 2750; x_wconf 83' lang='lat' dir='ltr'>antequam</span> <span class='ocrx_word' id='word_1_421' title='bbox 1682 2702 1731 2739; x_wconf 84' lang='lat' dir='ltr'>de</span> <span class='ocrx_word' id='word_1_422' title='bbox 1753 2703 1863 2740; x_wconf 88' lang='lat' dir='ltr'>exitu</span> <span class='ocrx_word' id='word_1_423' title='bbox 1881 2701 1975 2739; x_wconf 88' lang='lat' dir='ltr'>belli</span> <span class='ocrx_word' id='word_1_424' title='bbox 1993 2713 2088 2740; x_wconf 86' lang='lat' dir='ltr'>con-</span> 
     </span>
     <span class='ocr_line' id='line_1_67' title="bbox 1208 2755 2090 2803; baseline 0.001 -12"><span class='ocrx_word' id='word_1_425' title='bbox 1208 2758 1348 2801; x_wconf 80' lang='lat' dir='ltr'>staret,</span> <span class='ocrx_word' id='word_1_426' title='bbox 1363 2756 1477 2803; x_wconf 82' lang='lat' dir='ltr'>cujus</span> <span class='ocrx_word' id='word_1_427' title='bbox 1495 2755 1645 2794; x_wconf 82' lang='lat' dir='ltr'>scilicet</span> <span class='ocrx_word' id='word_1_428' title='bbox 1660 2759 1773 2793; x_wconf 83' lang='lat' dir='ltr'>erant</span> <span class='ocrx_word' id='word_1_429' title='bbox 1799 2755 1942 2794; x_wconf 84' lang='lat' dir='ltr'>securi.</span> <span class='ocrx_word' id='word_1_430' title='bbox 1997 2755 2090 2793; x_wconf 86' lang='lat' dir='ltr'>Non</span> 
     </span>
     <span class='ocr_line' id='line_1_68' title="bbox 1208 2809 2090 2859; baseline 0.001 -14"><span class='ocrx_word' id='word_1_431' title='bbox 1208 2810 1313 2846; x_wconf 89' lang='lat' dir='ltr'>enim</span> <span class='ocrx_word' id='word_1_432' title='bbox 1335 2821 1568 2858; x_wconf 75' lang='lat' dir='ltr'>proesumere</span> <span class='ocrx_word' id='word_1_433' title='bbox 1585 2814 1645 2847; x_wconf 86' lang='lat' dir='ltr'>est</span> <span class='ocrx_word' id='word_1_434' title='bbox 1671 2809 1900 2859; x_wconf 86' lang='lat' dir='ltr'>simpliciter</span> <span class='ocrx_word' id='word_1_435' title='bbox 1916 2810 2090 2857; x_wconf 76' lang='lat' dir='ltr'>opinari,</span> 
     </span>
     <span class='ocr_line' id='line_1_69' title="bbox 1213 2863 2092 2912; baseline -0.001 -12"><span class='ocrx_word' id='word_1_436' title='bbox 1213 2867 1257 2900; x_wconf 87' lang='lat' dir='ltr'>ut</span> <span class='ocrx_word' id='word_1_437' title='bbox 1274 2866 1389 2911; x_wconf 83' lang='lat' dir='ltr'>putat</span> <span class='ocrx_word' id='word_1_438' title='bbox 1406 2863 1593 2911; x_wconf 80' lang='lat' dir='ltr'>Ryckius,</span> <span class='ocrx_word' id='word_1_439' title='bbox 1611 2864 1677 2899; x_wconf 88' lang='lat' dir='ltr'>sed</span> <span class='ocrx_word' id='word_1_440' title='bbox 1702 2863 1822 2901; x_wconf 85' lang='lat' dir='ltr'>habet</span> <span class='ocrx_word' id='word_1_441' title='bbox 1839 2863 2092 2912; x_wconf 75' lang='lat' dir='ltr'>significatio-</span> 
     </span>
     <span class='ocr_line' id='line_1_70' title="bbox 1210 2917 2090 2965; baseline -0.001 -12"><span class='ocrx_word' id='word_1_442' title='bbox 1210 2928 1301 2953; x_wconf 87' lang='lat' dir='ltr'>nem</span> <span class='ocrx_word' id='word_1_443' title='bbox 1318 2917 1484 2962; x_wconf 79' lang='lat' dir='ltr'>fiduciae,</span> <span class='ocrx_word' id='word_1_444' title='bbox 1501 2917 1736 2965; x_wconf 72' lang='lat' dir='ltr'>arrogantiae</span> <span class='ocrx_word' id='word_1_445' title='bbox 1751 2918 1882 2954; x_wconf 78' lang='lat' dir='ltr'>alieno</span> <span class='ocrx_word' id='word_1_446' title='bbox 1898 2919 2090 2965; x_wconf 74' lang='lat' dir='ltr'>tempore,</span> 
     </span>
     <span class='ocr_line' id='line_1_71' title="bbox 1210 2970 2090 3020; baseline -0.001 -13"><span class='ocrx_word' id='word_1_447' title='bbox 1210 2971 1291 3007; x_wconf 84' lang='lat' dir='ltr'>sive</span> <span class='ocrx_word' id='word_1_448' title='bbox 1308 2975 1402 3007; x_wconf 85' lang='lat' dir='ltr'>ante</span> <span class='ocrx_word' id='word_1_449' title='bbox 1419 2975 1589 3018; x_wconf 78' lang='lat' dir='ltr'>teinpus.</span> <span class='ocrx_word' id='word_1_450' title='bbox 1645 2970 1708 3007; x_wconf 89' lang='lat' dir='ltr'>Sic</span> <span class='ocrx_word' id='word_1_451' title='bbox 1734 2982 1799 3020; x_wconf 85' lang='lat' dir='ltr'>ap.</span> <span class='ocrx_word' id='word_1_452' title='bbox 1819 2970 1991 3011; x_wconf 84' lang='lat' dir='ltr'>Quintil.</span> <span class='ocrx_word' id='word_1_453' title='bbox 2024 2975 2090 3016; x_wconf 83' lang='lat'>11,</span> 
     </span>
     <span class='ocr_line' id='line_1_72' title="bbox 1217 3023 2091 3074; baseline 0 -14"><span class='ocrx_word' id='word_1_454' title='bbox 1217 3029 1252 3070; x_wconf 85' lang='lat'>1,</span> <span class='ocrx_word' id='word_1_455' title='bbox 1271 3026 1336 3064; x_wconf 83' lang='lat'>27.</span> <span class='ocrx_word' id='word_1_456' title='bbox 1355 3035 1588 3074; x_wconf 72' lang='lat' dir='ltr'>proesumere</span> <span class='ocrx_word' id='word_1_457' title='bbox 1612 3030 1742 3072; x_wconf 68' lang='lat' dir='ltr'>partes</span> <span class='ocrx_word' id='word_1_458' title='bbox 1757 3023 1911 3072; x_wconf 71' lang='lat' dir='ltr'>judicis</span> <span class='ocrx_word' id='word_1_459' title='bbox 1933 3027 2008 3068; x_wconf 85' lang='lat' dir='ltr'>est,</span> <span class='ocrx_word' id='word_1_460' title='bbox 2027 3035 2091 3061; x_wconf 84' lang='lat' dir='ltr'>ar-</span> 
     </span>
     <span class='ocr_line' id='line_1_73' title="bbox 1211 3077 2089 3125; baseline -0.001 -11"><span class='ocrx_word' id='word_1_461' title='bbox 1211 3089 1348 3125; x_wconf 89' lang='lat' dir='ltr'>rogare</span> <span class='ocrx_word' id='word_1_462' title='bbox 1360 3078 1438 3114; x_wconf 88' lang='lat' dir='ltr'>tibi</span> <span class='ocrx_word' id='word_1_463' title='bbox 1449 3079 1539 3123; x_wconf 87' lang='lat' dir='ltr'>hoc,</span> <span class='ocrx_word' id='word_1_464' title='bbox 1553 3082 1600 3114; x_wconf 90' lang='lat' dir='ltr'>ut</span> <span class='ocrx_word' id='word_1_465' title='bbox 1609 3077 1762 3124; x_wconf 85' lang='lat' dir='ltr'>judices</span> <span class='ocrx_word' id='word_1_466' title='bbox 1772 3078 1819 3114; x_wconf 86' lang='lat' dir='ltr'>de</span> <span class='ocrx_word' id='word_1_467' title='bbox 1833 3087 1969 3113; x_wconf 76' lang='lat' dir='ltr'>caussa</span> <span class='ocrx_word' id='word_1_468' title='bbox 1980 3083 2089 3123; x_wconf 82' lang='lat' dir='ltr'>ante,</span> 
     </span>
     <span class='ocr_line' id='line_1_74' title="bbox 1212 3130 2091 3179; baseline 0 -11"><span class='ocrx_word' id='word_1_469' title='bbox 1212 3143 1328 3179; x_wconf 84' lang='lat' dir='ltr'>quam</span> <span class='ocrx_word' id='word_1_470' title='bbox 1349 3131 1502 3178; x_wconf 86' lang='lat' dir='ltr'>jndices</span> <span class='ocrx_word' id='word_1_471' title='bbox 1518 3132 1753 3167; x_wconf 80' lang='lat' dir='ltr'>sententiam</span> <span class='ocrx_word' id='word_1_472' title='bbox 1769 3131 1964 3167; x_wconf 82' lang='lat' dir='ltr'>dixerint:</span> <span class='ocrx_word' id='word_1_473' title='bbox 1994 3130 2091 3168; x_wconf 83' lang='lat' dir='ltr'>item</span> 
     </span>
     <span class='ocr_line' id='line_1_75' title="bbox 1212 3184 2092 3222; baseline 0.001 -1"><span class='ocrx_word' id='word_1_474' title='bbox 1212 3185 1255 3221; x_wconf 90' lang='lat' dir='ltr'>in</span> <span class='ocrx_word' id='word_1_475' title='bbox 1283 3185 1371 3221; x_wconf 85' lang='lat' dir='ltr'>aliis</span> <span class='ocrx_word' id='word_1_476' title='bbox 1399 3185 1508 3221; x_wconf 81' lang='lat' dir='ltr'>locis.</span> <span class='ocrx_word' id='word_1_477' title='bbox 1565 3185 1730 3222; x_wconf 79' lang='lat' dir='ltr'>Frustra</span> <span class='ocrx_word' id='word_1_478' title='bbox 1755 3184 1932 3221; x_wconf 81' lang='lat' dir='ltr'>Freinsh.</span> <span class='ocrx_word' id='word_1_479' title='bbox 1958 3187 2092 3222; x_wconf 79' lang='lat' dir='ltr'>tentat</span> 
     </span>
     <span class='ocr_line' id='line_1_76' title="bbox 1210 3238 2093 3286; baseline 0 -11"><span class='ocrx_word' id='word_1_480' title='bbox 1210 3241 1448 3286; x_wconf 75' lang='lat' dir='ltr'>rescripsere.</span> <span class='ocrx_word' id='word_1_481' title='bbox 1509 3238 1605 3276; x_wconf 85' lang='lat' dir='ltr'>Mox</span> <span class='ocrx_word' id='word_1_482' title='bbox 1640 3238 2003 3286; x_wconf 66' lang='lat' dir='ltr'>Ceruarionibusque</span> <span class='ocrx_word' id='word_1_483' title='bbox 2034 3242 2093 3275; x_wconf 71' lang='lat' dir='ltr'>et.-</span> 
     </span>
     <span class='ocr_line' id='line_1_77' title="bbox 1209 3290 2089 3340; baseline 0.003 -13"><span class='ocrx_word' id='word_1_484' title='bbox 1209 3293 1283 3327; x_wconf 81' lang='lat' dir='ltr'>iam</span> <span class='ocrx_word' id='word_1_485' title='bbox 1302 3291 1432 3328; x_wconf 83' lang='lat' dir='ltr'>Guelf.</span> <span class='ocrx_word' id='word_1_486' title='bbox 1451 3291 1510 3328; x_wconf 87' lang='lat' dir='ltr'>ed.</span> <span class='ocrx_word' id='word_1_487' title='bbox 1527 3302 1587 3340; x_wconf 89' lang='lat' dir='ltr'>pr.</span> <span class='ocrx_word' id='word_1_488' title='bbox 1604 3294 1652 3327; x_wconf 88' lang='lat' dir='ltr'>ut</span> <span class='ocrx_word' id='word_1_489' title='bbox 1679 3291 1781 3327; x_wconf 78' lang='lat' dir='ltr'>Flor.</span> <span class='ocrx_word' id='word_1_490' title='bbox 1809 3290 1937 3340; x_wconf 80' lang='lat' dir='ltr'>(Ag-r.)</span> <span class='ocrx_word' id='word_1_491' title='bbox 1978 3292 2089 3330; x_wconf 71' lang='lat' dir='ltr'>ERN.</span> 
     </span>
     <span class='ocr_line' id='line_1_78' title="bbox 1207 3344 2089 3392; baseline 0 -11"><span class='ocrx_word' id='word_1_492' title='bbox 1207 3345 1308 3382; x_wconf 83' lang='lat' dir='ltr'>Bud.</span> <span class='ocrx_word' id='word_1_493' title='bbox 1328 3345 1389 3381; x_wconf 85' lang='lat' dir='ltr'>ed.</span> <span class='ocrx_word' id='word_1_494' title='bbox 1417 3346 1507 3381; x_wconf 86' lang='lat' dir='ltr'>Put.</span> <span class='ocrx_word' id='word_1_495' title='bbox 1526 3344 1613 3382; x_wconf 87' lang='lat' dir='ltr'>Alc.</span> <span class='ocrx_word' id='word_1_496' title='bbox 1628 3344 1750 3392; x_wconf 77' lang='lat' dir='ltr'>sacta</span> <span class='ocrx_word' id='word_1_497' title='bbox 1775 3357 1800 3380; x_wconf 86' lang='lat' dir='ltr'>a</span> <span class='ocrx_word' id='word_1_498' title='bbox 1823 3345 1930 3382; x_wconf 64' lang='lat' dir='ltr'>&#39;Is-ib.</span> <span class='ocrx_word' id='word_1_499' title='bbox 1985 3345 2089 3382; x_wconf 89' lang='lat' dir='ltr'>Illud</span> 
     </span>
     <span class='ocr_line' id='line_1_79' title="bbox 1211 3398 2089 3436; baseline 0 -2"><span class='ocrx_word' id='word_1_500' title='bbox 1211 3411 1235 3434; x_wconf 86' lang='lat' dir='ltr'>a</span> <span class='ocrx_word' id='word_1_501' title='bbox 1261 3398 1360 3434; x_wconf 89' lang='lat' dir='ltr'>bene</span> <span class='ocrx_word' id='word_1_502' title='bbox 1386 3398 1548 3435; x_wconf 87' lang='lat' dir='ltr'>sustulit</span> <span class='ocrx_word' id='word_1_503' title='bbox 1575 3398 1701 3436; x_wconf 84' lang='lat' dir='ltr'>Rhen.</span> <span class='ocrx_word' id='word_1_504' title='bbox 1758 3399 1895 3436; x_wconf 81' lang='lat' dir='ltr'>Paullo</span> <span class='ocrx_word' id='word_1_505' title='bbox 1923 3403 2016 3435; x_wconf 83' lang='lat' dir='ltr'>ante</span> <span class='ocrx_word' id='word_1_506' title='bbox 2044 3400 2089 3436; x_wconf 75' lang='lat' dir='ltr'>in</span> 
     </span>
     <span class='ocr_line' id='line_1_80' title="bbox 1214 3451 2091 3502; baseline 0.001 -15"><span class='ocrx_word' id='word_1_507' title='bbox 1214 3452 1415 3489; x_wconf 80' lang='lat' dir='ltr'>Vitellium</span> <span class='ocrx_word' id='word_1_508' title='bbox 1434 3452 1539 3489; x_wconf 85' lang='lat' dir='ltr'>Pich.</span> <span class='ocrx_word' id='word_1_509' title='bbox 1557 3462 1579 3487; x_wconf 87' lang='lat' dir='ltr'>e</span> <span class='ocrx_word' id='word_1_510' title='bbox 1602 3451 1704 3488; x_wconf 86' lang='lat' dir='ltr'>Flor.</span> <span class='ocrx_word' id='word_1_511' title='bbox 1723 3451 1850 3500; x_wconf 89' lang='lat' dir='ltr'>Vulgo</span> <span class='ocrx_word' id='word_1_512' title='bbox 1867 3451 2091 3502; x_wconf 79' lang='lat' dir='ltr'>praepositio</span> 
     </span>
     <span class='ocr_line' id='line_1_81' title="bbox 1208 3505 1787 3546; baseline 0.005 -5"><span class='ocrx_word' id='word_1_513' title='bbox 1208 3505 1328 3542; x_wconf 85' lang='lat' dir='ltr'>deest.</span> <span class='ocrx_word' id='word_1_514' title='bbox 1381 3505 1485 3545; x_wconf 84' lang='lat' dir='ltr'>Bud.</span> <span class='ocrx_word' id='word_1_515' title='bbox 1503 3512 1548 3544; x_wconf 79' lang='lat' dir='ltr'>ut</span> <span class='ocrx_word' id='word_1_516' title='bbox 1572 3506 1653 3544; x_wconf 82' lang='lat' dir='ltr'>Vit.</span> <span class='ocrx_word' id='word_1_517' title='bbox 1671 3505 1787 3546; x_wconf 82' lang='lat' dir='ltr'>male.</span> 
     </span>
    </p>
   </div>
  </div>
 </body>
</html>
