2190 3880
289 113 387 163 336
897 101 1490 160 HISTORIARUM

152 247 206 291 A.
225 254 276 291 U.
294 238 647 292 barbarorum
683 232 868 286 animi.
945 234 1172 288 Secutus
1200 245 1282 288 est
1314 235 1504 288 eodem
1534 234 1777 302 Cerialis,
1803 235 2093 309 duplicatis

174 308 267 345 324·
291 309 483 381 copiIS,
510 308 744 360 adventu
787 307 1037 359 secundae
1078 318 1133 359 et
1170 307 1271 359 VI.
1310 319 1367 359 et
1407 307 1586 361 XIV.
1612 308 1906 379 legionum.
1983 309 2095 364 Co-

156 360 582 458 Ailc'lioifftesque
617 390 672 432 et
703 378 821 443 alae,
839 378 1169 449 jampridem
1200 378 1560 449 accitae‚,post
1586 381 1871 434 victoriam
1899 399 2096 453 prope-

241 442 252 453 ’
293 448 577 507 laverant.
636 451 843 504 Neuter
871 449 1090 502 Ducum
1112 458 1415 501 cunctator.
1491 450 1596 502 Sed
1619 453 1838 505 arcebat
1863 453 2095 507 latitudo

294 510 629 596 camporum,
654 533 846 591 suopte
886 520 1108 590 ingenio
1142 520 1504 573 humentium.
1579 521 1877 579 Addiderat
1900 524 2096 579 Civilis

294 598 571 668 obliquam
596 596 652 647 in
695 594 947 644 Rhenum
990 590 1205 656 molem,
1243 591 1399 661 cujus
1423 593 1640 661 objectu
1683 594 1954 648 revolutus
1981 615 2096 649 am-

292 670 379 723 nis
419 666 795 739 adjacentibus
837 662 1328 734 superfunderetur.
1407 662 1488 715 Ea
1520 665 1623 717 loci
1659 664 1852 730 forma,
1875 667 2094 721 incertis

293 742 446 795 vadis
486 736 713 792 subdola
747 747 802 787 et
829 736 986 787 nobis
1012 735 1254 788 adversa.
1293 735 1496 807 quippe
1522 737 1675 789 miles
1706 737 1986 791 Romanus
2013 758 2099 792 ar-

295 814 396 866 mis
423 811 603 882 gravis
630 820 684 861 et
707 807 869 860 nandi
902 806 1158 878 pavidusg
1198 807 1520 873 Ge1·manOS‚
1549 808 1865 862 fluminibus
1898 823 2098 875 suetos,

204 885 482 943 .15levitas
523 898 792 933 armorum
835 890 890 931 et
932 881 1223 950 proceritas
1267 888 1556 950 corporum
1600 877 1830 935 adtollit.
1902 881 2098 954 Igitur,

294 955 682 1009 lacessentibus
730 951 969 1015 BataviS,
1022 950 1356 1003 ferocissimo
1397 954 1593 1022 cuique
1634 966 1939 1008 nostrorum
1983 973 2102 1009 coe-

251 1017 256 1023 ’
292 1039 449 1100 ptum
473 1030 764 1080 certamen.
791 1023 985 1075 deinde
1007 1036 1126 1075 orta
1148 1023 1455 1093 trepidati0‚
1483 1043 1606 1076 cum
1635 1026 1873 1096 praealtis
1894 1027 2103 1098 paludi-

293 1103 395 1153 bus
440 1117 605 1162 arma,
629 1097 771 1167 equi,
800 1094 1156 1148 haurirentur.
1234 1094 1494 1147 Germani
1534 1097 1691 1149 notis·
1721 1098 1868 1150 vadis
1895 1099 2101 1169 persul-

295 1174 504 1236 tabant,
533 1170 732 1223 omissa
774 1169 1087 1238 plerumque
1119 1167 1315 1232 fronte,
1342 1167 1511 1219 latera
1537 1188 1599 1221 ac
1627 1166 1779 1241 terga
1803 1170 2134 1237 circumve-'fl

296 1246 527 1298 nienteS.
580 1258 774 1310 neque,
818 1251 876 1292 ut
915 1239 969 1290 in
1014 1239 1246 1311 pedestri
1287 1241 1421 1304 acie,
1461 1242 1708 1294 cominus
1759 1243 2103 1309 certabatur3

219 1322 221 1325 ’
297 1317 409 1382 sed,
438 1328 714 1384 tamquam
755 1312 930 1363 navali
979 1330 1180 1382 pugna,
1209 1313 1333 1382 vagi
1364 1313 1504 1364 inter
1546 1314 1734 1378 undaS‚
1762 1324 1874 1379 aut,
1900 1314 1943 1368 si
1971 1316 2103 1386 quid

297 1388 490 1442 stabile
526 1384 862 1448 occurrebat,
887 1385 1017 1435 totis
1058 1383 1168 1436 illic
1194 1384 1513 1454 corporibus
1548 1386 1798 1451 nitenteS,
1840 1385 2103 1445 vulnerati

295 1478 423 1526 cnm
444 1457 689 1529 integris,
714 1456 868 1526 periti
893 1456 1054 1508 nandi
1078 1473 1203 1518 cum
1226 1455 1430 1525 ignaris
1454 1457 1506 1508 in
1535 1469 1778 1510 mutuam
1809 1459 2102 1530 perniciem

294 1531 716 1603 inplicabantur.
759 1529 937 1579 minor
987 1541 1184 1593 tamen,
1231 1546 1393 1597 quam
1450 1547 1544 1599 pro
1595 1529 1848 1596 tumultu,
1891 1531 2102 1585 caedes:

295 1594 443 1675 quia,
467 1622 576 1656 non
617 1602 733 1653 ausi
769 1600 951 1670 egredi
996 1599 1246 1672 paludem
1293 1600 1571 1663 Germani,
1600 1601 1654 1654 in
1681 1603 2119 1661 castrarediere.-

296 1677 433 1747 Ejus
477 1674 655 1747 proelii
683 1685 910 1724 eventus
954 1685 1240 1741 utrumque
1279 1671 1511 1736 Ducem,
1537 1673 1760 1726 diversis
1795 1675 1962 1727 animi
1988 1694 2107 1728 mo-

295 1751 463 1814 tibus,
490 1747 556 1799 ad
584 1744 961 1798 maturandum
993 1763 1215 1796 summae
1247 1744 1320 1795 rei
1347 1744 1637 1798 discrimen
1664 1747 1857 1799 erexit.
1912 1745 2107 1800 Civilis

297 1821 501 1873 instare
544 1818 806 1882 fortunae3
861 1815 1084 1868 Cerialis
1131 1814 1346 1886 abolere
1393 1817 1777 1889 ignominiam.
1845 1812 2107 1885 Germani

297 1883 571 1963 prosperis
613 1889 845 1953 feroces3
886 1886 1163 1940 Romanos
1211 1888 1383 1969 pudor
1423 1890 1775 1943 excitaverat.
1822 1909 1934 1943 nox
1961 1892 2108 1964 apud

300 1966 558 2017 barbaros
587 1973 749 2014 cantu
778 1972 871 2012 aut
894 1960 1145 2024 clamore,
1166 1961 1364 2012 nostris
1392 1979 1486 2031 per
1512 1961 1645 2013 iram
1674 1973 1728 2014 et
1756 1963 1946 2028 minaS‚
1967 1975 2110 2017 acta.

221 2040 287 2093 16
306 2037 532 2090 Postera
557 2034 694 2096 luce,
728 2031 952 2084 Cerialis
984 2033 1166 2103 equite
1203 2033 1580 2090 et‘auxiliariis
1609 2033 1928 2088 cohortibus
1961 2034 2111 2088 fron-

302 2121 412 2162 tem
453 2106 669 2177 explet:
732 2105 786 2156 in
825 2104 1060 2156 secunda
1099 2105 1213 2157 acie
1261 2104 1500 2175 legiones
1547 2105 1772 2161 locatae:
1805 2106 1961 2159 .Dux
2003 2108 2108 2160 sibi

301 2181 539 2234 delectos
569 2178 860 2229 retinuerat
887 2177 952 2227 acl
980 2177 1274 2247 inprovisa.
1337 2176 1527 2229 Civilis
1566 2177 1718 2240 haud·
1739 2182 1989 2249 porrecto
2015 2198 2111 2252 ag-

298 2253 466 2318 mine,
491 2250 581 2303 sed
621 2249 824 2315 cuneiS,
853 2248 1081 2301 adstitit.
1159 2248 1354 2302 Batavi
1394 2249 1749 2322 Gugernique
1787 2251 1843 2304 in
1874 2248 2110 2319 dextro:

353 2459 533 2496 Adventu
550 2456 723 2494 secundae
737 2462 774 2494 et
793 2456 838 2493 X
841 2454 944 2506 VI.]⁴
981 2456 1183 2495 Mercerus
1236 2460 1283 2495 ut
1318 2469 1401 2495 sese
1435 2458 1589 2497 facilius
1624 2459 1855 2510 expedirent
1888 2461 1932 2500 in
1961 2461 2115 2510 paludi-

301 2518 416 2551 acute
434 2513 597 2560 corrigit
614 2516 654 2548 et
679 2517 823 2548 sextoe:
853 2511 946 2559 quia
973 2511 1083 2548 XVI.
1113 2512 1183 2548 du·
1236 2511 1324 2549 bus.

286 2569 395 2617 *dum
425 2579 514 2604 cum
539 2566 699 2604 ‘Ceriali
731 2567 876 2610 suerat,
913 2570 953 2602 et
989 2570 1098 2602 sexta
1134 2577 1183 2603 ex

301 2621 503 2671 Hispania
519 2621 673 2657 demum
690 2624 920 2657 accesserat.
973 2621 1026 2657 Et
1049 2621 1103 2657 sic
1122 2633 1182 2658 re-

302 2680 513 2714 censentur
542 2675 645 2711 infra
671 2686 704 2712 c.
739 2678 800 2712 16.
835 2675 1183 2724 quartadecimani,

302 2738 415 2769 sexta
444 2731 558 2779 legio,
580 2730 803 2766 secundani.
861 2729 961 2767 Add.
977 2729 1031 2766 H.
1057 2736 1098 2776 4,
1118 2734 1184 2767 68.

302 2783 481 2832 Adjuvat
530 2784 630 2820 forte
681 2788 722 2820 et
767 2783 862 2820 ordo
916 2795 1183 2822 numerorum.

302 2840 482 2878 X1Vtam
515 2839 654 2886 opinor
696 2836 843 2875 xvltae
890 2840 1182 2887 praeposuisset:

306 2895 409 2943 quod
428 2895 554 2930 visum
579 2899 619 2930 et
636 2893 676 2930 «1.
697 2891 905 2929 Gronovio.
962 2893 1070 2931 ERN.
1126 2894 1186 2931 Cf.

306 2961 398 2986 mox
427 2960 460 2985 c.
495 2951 557 2985 16.
600 2945 670 2984 ubi
699 2948 783 2983 istae
817 2950 897 2984 tres
929 2947 1103 2996 legiones
1131 2949 1186 2987 sic

303 3003 465 3050 junctae.

362 3058 503 3102 Arma,
519 3056 622 3107 equi]
657 3057 720 3093 Ita
745 3056 795 3092 J«
807 3057 930 3094 Gron.
947 3068 968 3092 e
987 3056 1091 3094 Flor.
1109 3057 1187 3093 edi-

309 3110 381 3148 dit.
438 3111 702 3148 Consentiunt
730 3109 815 3147 MS.
846 3111 948 3148 Bud.
968 3111 1029 3148 ed.
1061 3123 1120 3160 pr.
1147 3112 1187 3147 in

311 3165 398 3214 quis
419 3176 524 3200 arnae
538 3167 627 3213 qui.¹
656 3166 908 3210 Aurirentur,
927 3166 1027 3213 quod
1046 3178 1067 3201 c
1087 3167 1189 3203 Flor.

310 3222 425 3257 notat
454 3219 492 3254 J.
520 3215 641 3254 Gron.
668 3220 752 3254 sine
769 3219 1048 3267 adspiratione,
1069 3221 1188 3257 etiam

311 3272 444 3311 Guelf.
463 3272 530 3319 qni
545 3271 768 3324 frequenter
787 3274 858 3310 hoc
876 3274 1036 3311 vei-brun
1055 3279 1096 3311 et
1112 3275 1189 3312 alia

311 3328 366 3365 sic
381 3326 556 3363 exhibet:
589 3327 629 3362 in
647 3338 724 3374 quo
738 3337 857 3374 supra
873 3332 1004 3365 tamen
1026 3328 1189 3366 subinde

311 3381 510 3428 adscripta
533 3385 628 3416 nota
651 3381 939 3429 adspirationis.
987 3383 1094 3419 ERN.
1143 3384 1189 3422 ln

312 3436 416 3474 Bud.
433 3434 645 3483 adspiratio
665 3446 740 3471 non
772 3435 914 3472 deficit.
972 3437 1052 3477 Qui
1080 3449 1193 3474 arma

313 3490 518 3540 potuerint
546 3489 711 3533 hauriri,
728 3501 768 3526 se
800 3501 877 3528 nou
907 3490 1052 3535 videre,
1078 3493 1193 3539 profi-

313 3548 451 3582 tentur
469 3543 559 3592 Bip.
589 3543 722 3581 forsan
736 3543 894 3593 abjecta
909 3543 958 3582 ab
979 3545 1193 3594 equitibus,

1294 2568 1514 2617 Omissapc.
1522 2568 1674 2620 fronte]
1706 2569 1809 2615 Bud.
1827 2563 1976 2609 diversa
1988 2570 2114 2621 pl-fi‘.

1235 2621 1362 2660 Rhen.
1381 2622 1540 2669 conjicit
1558 2623 1731 2661 dimissa.
1878 2666 1881 2669 .
1920 2646 1922 2648 v
1992 2651 1995 2653 -

1294 2677 1378 2714 Nec
1403 2690 1443 2713 u.
1471 2678 1498 2714 i.
1525 2691 1567 2726 p.
1597 2691 1634 2714 a.
1668 2679 1841 2716 cominus
1872 2677 2110 2730 certabatur]

1239 2731 1323 2769 MS.
1353 2731 1457 2768 Flor.
1487 2733 1600 2782 (Reg.
1631 2733 1744 2783 Lau.)
1777 2733 1838 2769 ed.
1869 2745 1928 2781 pr.
1954 2738 2000 2771 ut
2018 2734 2116 2783 neg.

1240 2788 1412 2823 cominus
1429 2788 1556 2823 minus
1571 2801 1583 2822 .·
1613 2787 1716 2823 unde
1732 2788 1771 2824 J.
1797 2786 1922 2825 Gron.
1947 2788 2116 2826 faciebat

1241 2842 1413 2878 cominus
1439 2842 1609 2878 eminus.-
1652 2842 1753 2889 quod
1796 2841 1944 2891 recepit
1976 2843 2118 2880 Brote-

1240 2896 1336 2932 rius.
1373 2895 1456 2943 Ego
1472 2907 1549 2931 non
1568 2895 1711 2933 imiter.
1742 2891 2059 2934 Peioenris'acies
2077 2897 2117 2935 h.

1241 2950 1267 2986 1.
1279 2950 1498 2998 opponitur
1526 2951 1660 2987 navali
1667 2966 1682 2991 ,·
1713 2955 1849 2999 estque
1876 2952 1973 2988 adeo
1994 2955 2119 2988 terre-

1243 3004 1350 3047 stris,
1370 3004 1410 3039 in
1435 3016 1513 3052 qua
1543 3016 1619 3040 non
1645 3005 1758 3041 modo
1774 3005 1964 3051 cominus,
1984 3005 2049 3042 sed
2078 3009 2119 3042 et

1243 3059 1394 3095 eminus
1415 3063 1626 3107 pugnatur.
1671 3060 1779 3097 ERN.
1823 3061 1926 3098 Bud.
1948 3061 2120 3098 cominus

1243 3120 1334 3151 cert.

1299 3169 1413 3204 Rom.
1427 3168 1555 3216 pudor
1570 3167 1824 3217 excitaverat]
1836 3168 1841 3174 ’
1855 3167 1958 3204 Bud.
1973 3168 2123 3205 exerci-

1245 3227 1407 3259 taverat.
1458 3222 1569 3258 Prius
1589 3222 1688 3257 idem
1713 3223 1850 3259 redire.

1279 3276 1447 3312 -Batamz
1482 3275 1748 3325 Gugerniqece]
1809 3276 1871 3312 lta
1916 3275 2034 3322 edidi,
2069 3286 2119 3312 ne

1245 3330 1406 3367 Tacitus
1425 3329 1463 3363 in
1498 3328 1669 3374 ejusdem
1703 3329 1837 3377 populi
1863 3330 2019 3366 nomine
2044 3330 2121 3368 sibi

1246 3395 1322 3419 non
1352 3388 1559 3419 constaret.
1615 3384 1716 3420 Nam
1737 3382 1868 3430 ‘supra
1894 3390 1934 3430 4,
1954 3387 2017 3421 26.
2042 3386 2123 3422 Gu-

1243 3438 1360 3485 gerni
1384 3437 1547 3482 editum,
1574 3444 1621 3474 ut
1655 3439 1758 3486 apud
1792 3439 1888 3475 alios
1919 3442 2121 3477 vocantur.

1245 3492 1375 3539 Vulgo
1391 3491 1445 3537 (et
1466 3493 1503 3527 in
1528 3491 1639 3539 stud.)
1661 3494 1683 3529 h
1719 3494 1730 3527 l
1763 3499 1821 3529 est
1847 3495 2029 3541 Cugerni.
2059 3493 2119 3529 ed.

1246 3557 1308 3597 pr.
1326 3546 1517 3595 Eugeuii.
1535 3546 1638 3584 infra
1654 3559 1687 3585 c.
1706 3553 1767 3585 18.
1787 3547 1918 3586 Guelf.
1935 3548 2121 3597 Gugerni.
