2190 3880
278 167 376 217 258
908 153 1508 218 HlsToizlARuM

142 296 408 365 A.'U.qu'ae
436 293 748 349 acciderant
772 306 867 349 aut
893 299 1295 363 metuebantur,
1323 303 1430 369 noti
1467 297 1664 352 inertia
1689 298 1899 367 militis,
1922 297 2099 373 neque

160 365 254 403 8²3·
286 367 528 420 hostium
570 369 764 433 vissed
813 367 1002 422 fraude
1031 370 1250 422 Ducum
1288 371 1524 422 evenire.
1583 365 1816 438 Batavi,
1843 381 1965 426 curn
2009 379 2100 427 ca-

153 417 271 512 ‘³7⁶5'
287 441 411 492 stris
441 440 822 495 Bonnensibus
858 442 1307 512 propinquarent,
1338 439 1783 515 praemiserQqui
1814 442 2098 498 Herennio

199 533 272 579 ρο
288 512 448 565 Gallo
477 513 732 566 mandata
758 513 1068 566 cohortium
1096 523 1428 584 exponeret:
1468 505 1665 566 nullum
1686 516 1785 569 sibi
1803 512 1988 571 bellum
2006 515 2099 570 ad-

283 602 451 637 versus
499 584 777 650 RomanOS,
811 602 908 654 pro
950 584 1132 655 quibus
1159 585 1338 636 totiens
1379 579 1675 639 bellassent:
1708 585 1925 661 '‘OEonga
1947 598 2100 662 atque

282 658 445 710 inrita
469 658 661 710 militia
678 656 837 729 fessis
849 656 1043 725 „patrice
1070 664 1223 727 atque
1249 657 1342 707 otii
1367 657 1652 728 cupidinem
1680 663 1795 719 esse.
1871 658 1934 713 Si
1957 668 2098 715 nem‘o

283 729 555 794 obsisteret,
581 728 848 781 innoxium
874 728 972 780 iter
994 725 1124 800 sore
1139 748 1155 791 ,·
1193 729 1271 780 sin
1299 746 1444 781 arma
1484 740 1772 797 occurrant,
1782 730 1936 802 ferro
1961 729 2102 787 viam

283 802 596 854 inventuros.
675 800 1043 852 Cunctantem
1075 799 1341 872 Legatum
1374 801 1572 870 milites
1602 802 1966 877 perpulerant,
1975 802 2105 878 for-

283 883 461 926 tunam
486 871 666 943 proelz'z'
707 873 1033 943 experiretur.
1107 871 1237 925 Tria
1281 873 1449 926 millia
1486 873 1907 946 legionariorum
1936 886 1992 928 et
2018 883 2105 930 tu-

220 961 222 963 ’
284 945 590 998 multuariae
633 944 927 1016 Belgarum
964 944 1236 1010 cohortes,
1264 945 1426 999 simul
1466 948 1803 1019 paganorum
1842 945 2132 1003 lixanum·

285 1036 391 1088 que
438 1020 652 1089 ignava,
695 1018 787 1069 sed
838 1033 1044 1089 procax
1081 1029 1206 1069 ante
1249 1015 1569 1089 peric-ulum,
1611 1018 2106 1087 manuS,·omnibus

283 1090 458 1162 porti-s
481 1101 875 1162 ei·umpunt,ut
900 1090 1138 1142 Batavos
1163 1106 1386 1144 numero
1412 1088 1624 1161 inpares
1645 1088 2106 1146 circumfundant.

287 1162 394 1228 Illi,
426 1175 632 1215 veteres
661 1162 893 1227 militiae,
923 1163 976 1214 in
1006 1181 1207 1215 cuneos
1236 1167 1659 1235 congregantur,
1686 1164 1837 1217 densi
1867 1164 2107 1238 undique

285 1247 341 1287 et
367 1235 601 1288 frontem
649 1246 910 1308 tergaque
954 1255 1018 1288 ac
1060 1235 1198 1287 latus
1234 1236 1354 1288 tuti.
1433 1237 1524 1287 Sic
1563 1236 1778 1289 tenuem
1805 1233 1981 1291 aciem
2008 1257 2107 1291 no-

287 1321 519 1360 strorum
566 1307 929 1380 perfringunt.
1005 1307 1342 1360 Cedentibus
1382 1307 1589 1380 Belgis,
1618 1307 1837 1380 pellitur
1860 1307 2109 1383 legi0,‘et

285 1380 485 1434 vallum
536 1392 825 1452 portasque
873 1379 1068 1451 trepidi
1116 1382 1392 1452 petebant.
1471 1377 1558 1433 lbi
1597 1381 1892 1453 plurimum
1919 1380 2109 1436 cladis·

286 1453 580 1506 cumulatae
602 1452 924 1524 corporibus
946 1453 1128 1505 fossae.
1158 1471 1258 1506 nec
1285 1448 1434 1506 caede
1458 1455 1679 1507 tantum*
1698 1468 1754 1507 et
1775 1450 2110 1522 vulneribuS,

288 1526 379 1595 sed
410 1526 564 1578 ruina
590 1535 646 1577 et
674 1526 782 1577 suis
824 1525 1066 1596 plerique
1094 1524 1213 1577 telis
1254 1524 1525 1578 interiere.
1601 1524 1870 1594 VictoreS,
1893 1527 2113 1591 colonia

287 1597 778 1670 Agrippinensium
810 1598 997 1663 vitata,
1024 1596 1162 1650 nihil
1201 1609 1382 1651 cetero
1426 1599 1479 1650 i'n
1511 1598 1704 1652 itinere
1729 1595 1928 1667 hostile
1970 1601 2109 1666 ausi,

290 1670 583 1723 Bonnense
643 1670 903 1742 proelium
956 1671 1331 1736 excusabant3
1399 1681 1676 1742 tamquam
1729 1673 1904 1745 petita
1955 1689 2108 1744 pace,

202 1755 267 1802 21
289 1757 581 1814 postquam
636 1745 958 1815 negabatur,
1013 1743 1340 1815 sibimetipsi
1400 1743 1818 1798 consuluissent.
1895 1744 2109 1811 Civilis,

287 1816 524 1868 adventu
552 1827 925 1868 veteranarum
949 1815 1278 1880 cohortium,
1297 1815 1436 1887 justi
1453 1815 1570 1887 jam
1596 1817 1869 1871 exercitus
1896 1818 2111 1883 ductor,

288 1889 381 1940 sed
411 1888 621 1940 consilii
663 1889 954 1959 ambiguus
982 1899 1039 1940 et
1066 1889 1176 1939 vim
1207 1887 1527 1954 ‚Romanam
1553 1901 1829 1961 reputanS,
1862 1901 2112 1957 cunctOS,

288 1961 382 2031 qui
411 1960 652 2025 aderant,
680 1961 736 2012 in
784 1961 948 2014 verba
972 1960 1292 2032 Vespasiani
1339 1961 1545 2033 adigit:
1586 1962 1866 2034 mittitque
1902 1963 2111 2035 legatos

289 2034 356 2086 ad
385 2034 517 2085 duas
546 2032 808 2104 legioneS,
834 2051 980 2104 quae,
1011 2033 1188 2104 priore
1230 2033 1347 2086 acie
1392 2033 1580 2105 pulsae,
1611 2035 1667 2087 in
1709 2035 1910 2099 Vetera
1935 2043 2113 2090 castra

291 2115 691 2170 concesserant,
719 2115 777 2158 nt
798 2105 930 2158 idem
956 2115 1328 2159 sacramentum
1355 2105 1654 2178 acciperent.
1734 2107 2003 2162 Redditur
2030 2124 2113 2161 re-

292 2196 572 2248 sponsum,
600 2196 758 2249 neque
778 2177 1075 2248 proditori-9,
1103 2196 1260 2250 neque
1286 2178 1501 2232 hostium
1525 2198 1574 2232 se
1599 2179 1821 2233 consili-is
1844 2176 1941 2233 nti,
1991 2179 2115 2233 Esse

288 2250 388 2302 sibi
429 2248 691 2302 Vitellium
723 2249 1040 2320 Principem,
1059 2269 1158 2320 pro
1203 2269 1301 2321 quo
1318 2250 1484 2320 fidem
1508 2260 1556 2304 et
1583 2268 1728 2304 arma
1754 2265 1907 2326 usque
1931 2251 2003 2305 ad
2023 2261 2110 2322 su-

277 2339 515 2394 premmn
557 2321 794 2392 spiritum
839 2330 1137 2375 retenturos,
1168 2321 1390 2393 proinde
1426 2321 1653 2396 petfuga
1702 2323 1942 2378 Batavus
1969 2323 2115 2378 arbi-

343 2522 502 2559 Fraude
518 2522 682 2560 Ducum
700 2523 864 2574 evenire]
880 2524 1025 2561 Vocem
1044 2527 1176 2562 sustu-

289 2575 334 2623 li,
365 2577 647 2621 metuebantur,
668 2583 829 2615 auctore
857 2579 1064 2625 Vaticano,
1090 2591 1176 2628 quae

289 2643 497 2682 perperam
526 2633 589 2668 bic
609 2633 773 2679 inserta,
793 2637 833 2671 et
852 2634 898 2670 de
925 2634 1055 2684 priore
1072 2633 1178 2670 linea

291 2686 477 2736 repetita.
519 2688 632 2725 L1Ps.
670 2689 744 2726 Est
778 2689 919 2726 vitium
954 2700 1179 2739 operarum,

292 2742 395 2790 quod
409 2754 455 2778 ex
470 2741 530 2778 cd.
544 2742 670 2780 Rhen.
689 2743 738 2779 ad
756 2747 906 2781 ceteras
919 2748 1179 2793 propagatum

293 2801 366 2835 est.
417 2797 525 2834 ERN.
572 2798 696 2834 Immo
728 2798 799 2835 hoc
830 2799 972 2836 vitium
1004 2804 1064 2836 est
1093 2799 1178 2836 cod.

291 2851 395 2890 Bud.
426 2851 467 2888 in
498 2863 575 2900 quo
604 2853 642 2889 id
677 2852 842 2890 verbum
877 2854 941 2902 ita¹
967 2853 1177 2903 repetitur.

293 2906 389 2943 Mox
416 2907 519 2943 idem
554 2907 655 2944 male
691 2907 1016 2955 Bononiensibus,
1052 2909 1107 2945 sic
1138 2915 1179 2945 et

295 2961 431 3009 paullo
450 2965 551 3010 post.
624 2998 628 3010 V,

338 3016 537 3054 Mandata
548 3015 796 3067 exponerent]
820 3017 907 3055 MS.
919 3017 1024 3055 Flor.
1041 3015 1176 3070 (Bud.)

295 3069 355 3107 ed.
376 3082 433 3118 pr.
461 3078 680 3119 exponeret,
701 3073 802 3120 quod
834 3072 976 3121 probat
1001 3074 1039 3110 J.
1059 3073 1181 3110 Gron.

295 3125 358 3163 sic
378 3129 418 3161 et
436 3125 520 3162 MS.
542 3127 638 3174 ch.
683 3127 744 3164 Ad
771 3139 852 3164 rem
881 3127 981 3164 nihil
1003 3128 1180 3165 interest.

294 3179 460 3227 Recepit
478 3183 612 3216 tamen
632 3181 852 3218 Broterius.
881 3183 989 3219 ERN.
1032 3183 1155 3219 Bene.

349 3235 619 3284 Lisai-umque
635 3236 817 3286 ignavia]
837 3236 900 3274 Sic
913 3237 1024 3275 MSS.
1038 3242 1079 3274 et
1094 3237 1179 3274 edd.

295 3293 389 3327 ante
420 3289 551 3326 Rhen.
587 3290 653 3338 qui
699 3294 764 3338 (ex
800 3290 974 3341 ingenio)
1012 3292 1183 3328 correxit

295 3345 470 3395 ignavam
502 3347 629 3380 recte:
661 3355 732 3379 nec
765 3343 847 3381 ullo
873 3347 987 3382 modo
1017 3347 1181 3396 ignavia

294 3398 390 3436 ferri
422 3402 573 3448 potest:
604 3402 650 3436 ut
681 3400 826 3435 mirum
855 3400 907 3436 sit
932 3411 956 3435 a
973 3400 1181 3438 Gronoviis

295 3455 335 3491 id
371 3465 454 3491 esse
503 3455 732 3502 repetitum.
798 3453 893 3491 Mox
938 3454 1183 3492 circumdant

294 3508 396 3546 male
412 3508 498 3546 MS.
512 3508 614 3546 Bud.
632 3508 732 3558 quod
750 3511 884 3545 tamen
898 3508 1039 3558 probat
1051 3509 1180 3547 Rhcn.

296 3563 446 3611 syllaba
463 3564 623 3610 excidit,
639 3567 685 3600 ut
702 3562 815 3601 alias.
845 3562 953 3601 Eam.
980 3563 1098 3600 Varie
1118 3563 1181 3600 hic

296 3623 432 3667 peccat
457 3614 564 3659 Bud.
594 3618 800 3671 manibus„
831 3620 1056 3669 rumpunt..
1067 3622 1182 3671 prite-

1232 2524 1326 2562 bant
1344 2528 1418 2570 etc.

1286 2581 1359 2618 Illi
1386 2585 1526 2619 veteres
1555 2578 1727 2631 militiae]
1773 2581 1866 2630 Ipsa
1896 2584 1956 2617 est
1986 2579 2118 2619 Taciti

1231 2635 1400 2684 phrasis,
1421 2638 1462 2671 et
1489 2637 1644 2683 egregia
1665 2635 1867 2673 restitutio
1887 2632 2118 2674 Florentino

1234 2689 1355 2726 codici
1374 2689 1554 2736 debetur,
1572 2694 1691 2739 atque
1706 2689 1910 2728 industriae
1923 2690 2119 2728 richenza.

1235 2746 1347 2783 prs.
1393 2745 1458 2784 Sic
1477 2749 1517 2782 et
1536 2745 1578 2782 in
1597 2746 1682 2783 cod.
1708 2746 1839 2791 vatic.
1858 2746 1920 2785 ed.
1940 2756 2003 2794 pr.
2047 2746 2122 2784 Al-

1235 2804 1323 2837 tera
1349 2799 1467 2837 lectio
1495 2802 1633 2837 veteris
1662 2801 1819 2838 militioe
1847 2812 2028 2838 memores
2048 2798 2118 2836 alii

1234 2855 1322 2892 MS.
1359 2859 1400 2892 et
1429 2854 1514 2892 edd.
1550 2855 1641 2892 inde
1672 2865 1697 2892 a
1728 2855 1882 2893 Puteal.
1915 2865 2039 2904 usque
2067 2850 2118 2891 ad

1234 2909 1358 2958 Lipsii
1376 2910 1610 2958 posteriores
1629 2909 1715 2948 edd.
1734 2921 1821 2958 quae
1838 2915 1928 2960 post
1940 2910 2119 2947 Pichenae

1234 2964 1313 3005 ed..
1325 2965 1516 3013 prodiere.
1574 2965 1667 3002 Post
1684 2966 1726 3003 in
1757 2966 1888 3002 cuneis
1905 2963 2008 3002 male
2030 2962 2116 3000 edd.

1235 3019 1387 3056 Puteol.
1413 3030 1519 3069 seqq.
1540 3030 1663 3068 usque
1684 3020 1734 3057 ad
1753 3018 1859 3058 Pich.
1909 3019 1960 3056 In
1982 3019 2120 3056 cuneos

1235 3085 1371 3111 verum
1398 3079 1472 3120 est,
1499 3074 1602 3123 quod
1633 3073 1782 3111 habent
1814 3072 1918 3111 Flor-
1944 3071 2039 3122 Agr.
2057 3071 2118 3110 ed.

1235 3140 1295 3177 pr.
1326 3140 1373 3167 ex
1401 3141 1480 3178 qua
1509 3128 1609 3165 male
1641 3128 1683 3166 in
1702 3127 1977 3166 notans-uteri
2012 3126 2119 3176 apud

1239 3184 1455 3221 Gronovios
1506 3183 1693 3220 laudatur
1741 3184 1784 3221 in
1828 3182 1957 3220 aeneis.
1977 3193 1985 3205 ·
2005 3182 2117 3221 ERN.

1237 3238 1340 3275 Bud.
1389 3239 1527 3275 veteris
1566 3237 1707 3276 militie
1761 3237 1935 3275 inciviles
1985 3249 2121 3285 congr.

1239 3292 1341 3330 unde
1376 3292 1503 3329 Rhea.
1546 3291 1719 3340 fingebat
1756 3292 1798 3329 υἰ
1837 3290 1994 3328 habiles.
2050 3291 2121 3328 vi-

1236 3348 1354 3392 tium,
1389 3346 1493 3396 quod
1527 3346 1568 3382 in
1609 3346 1817 3384 Gronoviis
1853 3343 2031 3393 n'otntur,
2071 3344 2122 3383 a'd

1237 3413 1302 3438 eos
1333 3413 1382 3437 ex
1404 3402 1490 3449 ipsa
1516 3400 1687 3438 editione
1715 3400 1878 3438 Gruteri
1906 3401 2068 3439 transiit
2085 3411 2124 3439 a.

1242 3458 1359 3495 1607.

1291 3509 1473 3559 Persnga
1492 3510 1672 3548 Batavus
1683 3508 1775 3561 etc.]
1799 3509 1896 3547 Edd.
1916 3509 2006 3548 Put.
2026 3507 2119 3549 Ber.

1235 3564 1323 3602 Alc.
1355 3565 1562 3615 perfugus.
1612 3564 1729 3615 (Bud.
1779 3564 1877 3602 bene
1911 3562 2120 3615 perfuga).

1235 3616 1403 3658 Videtur
1416 3620 1568 3659 Puteol.
1583 3619 1625 3658 in
1639 3619 1721 3658 cod.
1731 3620 1909 3671 profuga
1923 3618 2123 3666 habuisse,
