2190 3880
275 175 374 221 238
839 132 1498 216 ἨΙεΤοΒΙΑΒυΜ

341 297 545 343 honores.
613 295 776 343 Bareae
800 295 968 342 Sorani
990 295 1225 350 Manibus,
1253 296 1309 342 P.
1338 294 1491 340 Celere
1517 294 1752 350 damnato,
1776 291 2086 356 satisfactum.

338 368 418 409 41.
443 363 544 407 Alii
568 377 741 422 quoque
763 362 989 408 delatores
1013 362 1244 421 castigati.
1288 365 1368 406 42.
1397 361 1454 405 In
1481 360 1550 406 liis
1572 360 1814 421 Aquilium
1837 359 2083 421 Regulum,

340 444 371 473 a
393 428 615 474 Messalla
637 426 804 489 fratre
831 427 1081 489 defensum,
1107 427 1361 472 Montanus
1380 426 1607 486 percellit.
1672 430 1751 473 43.
1773 431 1855 472 44.
1886 427 2014 472 Idem
2038 428 2088 472 in
2159 431 2162 441 '

340 494 620 540 Marcellum
644 498 793 539 tentat
819 493 1079 546 Helvidius,
1105 491 1410 536 intercedente
1440 490 1632 544 Cessare,
1658 489 1926 538 abolendam
1959 493 2087 553 prio-

339 575 445 618 rum
469 565 723 620 temporum
746 560 1028 611 memoriam,
1054 562 1175 602 rato.
1243 556 1407 615 Itaque
1429 557 1476 602 in
1507 570 1679 616 paucos
1704 557 1837 602 modo
1858 559 2083 605 soevitum.

338 631 419 673 45.
459 625 674 671 Senenses
709 624 763 668 ob
806 623 1042 683 pulsatum
1079 621 1346 667 Senatorem
1376 621 1546 681 puniti.
1612 621 1844 668 Antonius
1877 622 2085 669 Hamma
2176 622 2190 678 ἕξ

341 692 437 751 lege
460 691 818 751 repetundarum
846 689 1104 734 damnatus.
1174 691 1251 733 46.
1277 686 1508 732 Militaris
1529 686 1693 731 seditio
1716 704 1746 733 a
1769 686 1987 734 Muciano
2009 704 2083 735 re·
2180 684 2190 728 'J

333 755 911 818 pressa.1-7.Abrogati
948 752 1237 807 Consulatus,
1264 767 1376 812 quos
1417 752 1628 797 Vitellius
1661 753 1864 799 dederat.
1931 753 2085 800 Funus
2177 730 2190 818 55

341 822 602 868 Censorium
648 790 832 866 Flavioo
852 818 1023 865 Sabino
1069 819 1269 864 ductum.
1325 821 1535 864 48—50.
1581 817 1638 863 L.
1687 818 1884 874 PisoniS,
1909 817 2086 882 Africa·
2179 818 2190 883 ξ

340 886 651 940 Proconsulis,
691 887 844 931 caedes.
904 884 1036 930 Servi
1081 882 1122 943 ej
1127 899 1174 928 us
1209 885 1439 944 egregium
1477 884 1774 931 mendacium.
1847 885 2087 932 OEensium
2179 887 2190 911 ⁹·

337 953 781 1013 Leptitanorumque
825 951 1063 996 discordiae
1107 950 1377 1009 compositae.
1458 949 1566 994 Fusi
1617 950 1937 997 Garamantes
2004 955 2083 998 51.

338 1017 627 1064 Parthorum
671 1018 852 1062 auxilia
895 1031 984 1061 non
1029 1016 1195 1076 recipit
1237 1014 1549 1075 Vespasianus,
1617 1019 1695 1062 52.
1734 1016 1874 1061 Hunc
1908 1019 2082 1062 iratum

335 1084 612 1130 Domitiano
644 1084 773 1128 Titus
795 1084 1002 1143 mitigat.
1059 1084 1136 1128 53.
1167 1080 1290 1125 Cura
1312 1081 1584 1126 restituendi
1606 1082 1853 1166 capitoli-i
1839 1097 1886 1128 in
1911 1082 1966 1129 L.
1998 1082 2082 1128 Ve-

338 1152 513 1197 stinum
535 1149 734 1195 conlata.

354 1255 357 1259 .
400 1220 480 1262 54.
514 1216 695 1261 Audita
731 1229 850 1260 mors
880 1214 1057 1260 Vitellii
1092 1192 1411 1275 duplicaverat
1447 1212 1612 1259 bellum
1641 1227 1728 1274 per
1758 1169 1938 1260 Gallias
1966 1213 2083 1260 Ger·

333 1283 616 1342 moniasque
691 1280 805 1326 Cum
839 1281 1046 1326 incendio
1067 1280 1283 1341 capitolii
1302 1280 1418 1342 finis
1455 1279 1654 1340 Imperio
1681 1280 1835 1329 adesse
1854 1279 2081 1335 creditus.
2184 1310 2190 1338 ,ι

335 1351 545 1395 55—-.58
588 1345 838 1408 Interfecto
874 1346 1156 1403 Hordeonio,
1183 1348 1447 1407 conspirant
1482 1361 1581 1391 cum
1621 1345 1766 1392 Civile
1797 1350 1845 1392 et
1881 1343 2081 1392 Ciassico

332 1414 492 1461 Julius
523 1413 667 1458 Tutor
691 1418 736 1458 et
759 1412 917 1459 Julius
951 1411 1161 1460 Sabinus.
1194 1417 1364 1458 nutant
1396 1412 1582 1472 reliquae
1612 1412 1792 1466 Gallice.
1859 1409 2080 1459 Romanae

333 1494 509 1541 quoque
544 1479 739 1538 legiones
776 1483 1031 1533 tentantur,
1056 1477 1250 1541 frustra
1282 1479 1506 1528 renitente
1546 1477 1735 1533 Vocula,
1760 1492 1848 1538 quo
1894 1481 1975 1527 59.
1998 1481 2078 1524 60.

331 1560 462 1600 coeso,
507 1546 761 1605 vinctisque
802 1544 1034 1590 Herennio
1083 1550 1130 1591 et
1181 1538 1392 1591 Numisio
1436 1542 1644 1604 Legatis,
1692 1545 1808 1590 istas
1844 1557 1935 1605 pro
1981 1533 2076 1589 Im-

323 1613 458 1673 perio
498 1611 762 1656 Galliarum
797 1615 1082 1656 sacramento
1117 1611 1270 1670 adigit
1311 1609 1487 1664 Civilis,
1526 1609 1670 1656 Tutor
1701 1610 2074 1671 Agrippinenses,

334 1677 562 1724 Classicus
606 1677 798 1723 obsessos
837 1677 899 1722 ad
941 1675 1117 1722 Vetera.
1184 1679 1263 1722 61.
1312 1676 1487 1730 Civilis,
1533 1677 1629 1721 voti
1672 1689 1867 1736 compos,
1906 1675 2079 1721 crinem

331 1745 556 1804 deposuit.
633 1744 746 1788 Tum
779 1747 826 1788 et
858 1740 1006 1801 major
1043 1742 1298 1787 auctoritas
1349 1741 1538 1788 Veledae.
1605 1745 1685 1788 62.
1724 1741 1977 1803 Captarum
2012 1741 2076 1786 le·

327 1811 515 1869 gionum
559 1815 762 1854 moestum
807 1809 1031 1869 silensque
1077 1822 1254 1868 agmen.
1318 1808 1414 1852 Ala
1459 1807 1704 1854 Picentina
1743 1821 1895 1854 necem
1933 1806 2079 1853 Vocu-

241 1875 244 1878 ’
331 1876 389 1922 1ae
422 1877 642 1922 vindicat.
709 1878 919 1921 63-65,
958 1874 1147 1920 Colonia
1176 1874 1542 1936 Agrippinensis,
1581 1873 1943 1920 Transrhenanis
1966 1886 2079 1933 gen-

331 1941 450 1987 tibus
485 1942 650 1995 invisa,
687 1942 736 1986 in
772 1954 999 1986 summum
1033 1940 1274 1985 discrimen
1309 1940 1529 1995 adducta,
1568 1955 1672 1986 cum
1709 1938 1853 1986 Civile
1883 1940 2078 1986 societa-

331 2012 437 2052 tem
455 2008 562 2061 init,
595 2006 769 2052 Peledoe
797 2006 978 2051 Numen
1011 2007 1141 2051 donis
1165 2006 1340 2067 placat.
1407 1998 1486 2053 66.
1516 2006 1674 2052 Civilis
1695 2007 1921 2060 Betasios,
1954 2005 2079 2051 Tun-

327 2088 453 2133 gros,
481 2073 675 2118 Nervios
697 2073 745 2118 in
765 2072 914 2134 fidem
935 2073 1119 2133 accipit.
1187 2074 1266 2124 67.
1291 2072 1398 2117 Fusi
1420 2071 1648 2133 Lingones
1681 2088 1712 2118 a
1734 2070 1989 2132 Sequanis‚·
2024 2070 2075 2117 J.

330 2139 533 2185 Sabinus
554 2140 700 2184 victus
725 2139 853 2184 latet.
909 2141 988 2185 68.
1013 2137 1261 2184 Mucianus
1292 2153 1394 2183 cum
1421 2137 1696 2184 Domitiano
1721 2137 1782 2184 ad
1807 2138 1973 2184 bellum
1997 2151 2076 2184 ac-

330 2206 548 2264 cingitur.
615 2208 693 2252 69.
732 2204 866 2250 Remi
908 2204 1087 2249 Gallias
1121 2204 1170 2248 in
1189 2204 1292 2266 fide
1328 2203 1540 2250 Romana
1574 2208 1856 2260 conservant,
1881 2204 2078 2265 exceptis

337 2270 545 2316 Treveris
580 2275 718 2330 atque
741 2269 1035 2329 Lingonibus
1093 2274 1173 2321 70.
1212 2269 1305 2316 Sed
1337 2285 1416 2316 nec
1450 2270 1507 2315 iis
1530 2284 1612 2315 nec
1644 2270 1836 2331 reliquis
1867 2270 2076 2317 civitati·

331 2335 429 2391 bus,
453 2350 534 2382 nec
556 2337 665 2395 ipsis
692 2335 902 2381 Ducibus
934 2336 1050 2379 satis
1085 2336 1262 2382 consilii
1287 2350 1343 2379 ac
1364 2336 1628 2381 concordiae.
1707 2336 1853 2382 Tutor
1873 2337 1938 2382 ad
1958 2335 2073 2381 Bin-

328 2403 458 2463 gium
479 2402 640 2447 victus.
695 2407 776 2454 71.
802 2401 1000 2446 Petilius
1030 2399 1223 2447 Cerialis
1246 2400 1598 2460 Magontiacum
1619 2403 1760 2456 venit,
1778 2414 1878 2462 spes
1900 2399 2075 2458 Roma-

329 2481 494 2513 norum
529 2467 684 2527 erigit,
729 2466 1021 2512 Valentinum
1056 2465 1237 2514 Ducem
1269 2481 1439 2527 magna
1470 2471 1628 2528 strage
1660 2465 1896 2529 adfectum
1930 2467 2072 2528 capit.

329 2538 411 2587 72.
447 2532 661 2579 Treveros
690 2533 851 2578 intrat.
908 2531 1377 2587 Militibus,veaeitium
1402 2531 1526 2578 urbis
1554 2533 1859 2594 poscentibus,
1882 2533 2076 2581 resistit.

338 2599 494 2650 Victas
529 2598 725 2659 legiones
760 2599 807 2644 in
843 2604 996 2644 castra
1031 2599 1212 2658 recipit.
1280 2602 1360 2651 73.
1394 2602 1473 2651 74.
1518 2597 1733 2644 Treveros
1763 2604 1810 2645 et
1840 2598 2075 2661 Lingonas

329 2663 471 2726 officii
490 2665 718 2713 admonet.
773 2667 852 2717 75.
881 2663 1039 2710 Civilis
1062 2669 1107 2709 et
1133 2663 1358 2710 Classicus
1391 2665 1454 2709 ad
1490 2662 1715 2710 Cerialem
1748 2665 1931 2712 litteras
1963 2665 2072 2713 mit·

332 2735 457 2787 tunt,
481 2730 544 2776 ad
565 2744 680 2791 quas
701 2729 782 2776 ille
802 2730 935 2777 nihil.
1002 2734 1081 2783 76.
1110 2729 1270 2776 Civilis
1295 2730 1618 2786 cunctandum,
1653 2730 1797 2776 Tutor
1829 2737 1875 2777 et
1903 2729 2074 2777 Classi-

330 2811 408 2843 cus
428 2797 589 2842 statim
607 2797 926 2858 pugnandum,
950 2801 1178 2856 statuunt.
1245 2800 1324 2848 77.
1347 2800 1427 2849 78.
1450 2796 1602 2841 Atrox
1620 2797 1850 2857 praelium,
1860 2811 1964 2858 quo
1991 2795 2073 2842 Ce-

328 2862 479 2919 riali-5,
494 2864 642 2908 initio
665 2863 828 2917 victus,
845 2875 949 2907 mox
970 2852 1116 2908 victor
1138 2868 1292 2907 castra
1315 2861 1512 2908 hostium
1531 2862 1766 2909 exscindit.
1800 2855 1885 2915 79
1897 2863 2071 2924 Agrip-

323 2929 536 2990 pinenses
559 2943 589 2974 a
619 2929 857 2974 Germanis
880 2927 1144 2976 desciscunt.
1189 2933 1267 2974 80.
1291 2927 1537 2974 Mucianus
1567 2918 1910 2991 Vitelliifilium
1927 2929 2070 2974 inter-

312 2994 438 3055 ficit.
495 2994 724 3040 Antonius
748 2994 950 3048 Primus,
975 2995 1037 3039 ad
1067 2984 1388 3069 Vespasianum
1404 2992 1659 3070 profectus,
1683 3007 1773 3039 non
1790 3007 1974 3055 prospe
1993 3008 2070 3039 ex-

328 3060 513 3119 cipitur.
582 3064 659 3105 81.
688 3059 855 3105 Multis
877 3059 1111 3105 miraculis
1132 3059 1320 3104 coelestis
1345 3061 1391 3104 in
1421 3059 1459 3104 Ρ
1457 3073 1744 3119 espasianum
1751 3057 1900 3122 favor
1920 3063 2069 3105 osten-

276 3155 280 3160 .
325 3138 414 3170 sus.
483 3123 586 3185 Ipse
619 3126 857 3170 oculorum
893 3125 994 3171 tabe
1025 3130 1201 3179 notum,
1228 3126 1371 3171 alium
1395 3140 1532 3171 manu
1557 3139 1744 3184 aegrum,
1767 3125 1964 3170 sanitati
1995 3140 2066 3171 re·

323 3191 494 3236 stituit.
543 3193 621 3235 82.
661 3189 967 3252 Confirmatur
992 3191 1139 3235 omine
1166 3194 1214 3235 in
1239 3190 1403 3251 templo
1427 3190 1680 3250 Serapidis,
1706 3187 1832 3248 czy'us
1887 3193 1962 3236 4:⁷3.
1987 3194 2067 3236 84.

326 3256 455 3315 origo
495 3253 774 3314 Sinopensis,
814 3256 1032 3314 templum
1066 3256 1362 3302 Alexandriae
1405 3258 1708 3316 magnificum,
1746 3269 1918 3302 nomen.
1986 3260 2066 3304 55.

333 3319 599 3368 Valentinus
633 3320 858 3381 supplicio
893 3319 1115 3382 adfectus.
1183 3325 1262 3366 86.
1309 3320 1627 3375 Domitia-nus,
1653 3319 1844 3381 frustra
1891 3329 2067 3370 1entato
2139 3375 2141 3377 ¹

328 3384 522 3440 Ceriale,
548 3401 610 3430 an
629 3385 717 3430 sibi
737 3384 985 3430 exercitum
1006 3386 1334 3446 imperiumque
1356 3387 1615 3431 traditur-as
1626 3385 1776 3447 foret,
1802 3387 2064 3447 litterarum

321 3452 527 3498 studium
549 3455 595 3496 et
617 3464 814 3496 amorem
849 3451 1102 3496 carminum
1133 3450 1336 3497 simulat.
1411 3452 1550 3498 Gesta
1579 3452 1671 3498 lzoec
1699 3454 1879 3512 partim
1911 3454 2064 3502 eodem

320 3532 462 3576 anno,
479 3516 658 3579 partim

597 3615 707 3650 1M1’.
732 3614 1046 3653 mss-&suno
1072 3615 1294 3662 mentm,
1317 3616 1443 3651 ΤΙΤΟ
1469 3619 1565 3652 Fu..
1593 3618 1727 3652 COSS.
1752 3633 1756 3636 >
