2190 3880
725 115 878 169 Lm.
926 117 1017 166 111.
1069 119 1232 180 oAP.
1269 125 1349 168 69.
1837 124 1934 171 219

109 242 405 311 omnisque
434 241 601 295 miles
652 238 889 294 urbanus
933 253 988 293 et
1029 241 1224 311 vigiles
1261 240 1483 293 domum
1527 239 1700 294 Flavii
1741 242 1930 296 Sabini
1950 261 1996 301 A.
2016 262 2067 301 u.

104 312 479 383 complevere.
517 311 646 369 illuc
675 313 743 364 de
770 311 962 364 studiis
1004 312 1153 382 vulgi
1190 323 1246 362 et
1286 310 1448 364 minis
1480 311 1930 366 Germanicarum
1963 317 2057 354 823·

112 382 427 436 ,edbertium
455 381 714 436 adfertur.
770 382 1014 454 Longius
1033 382 1150 452 jain
1184 399 1498 452 progressus
1525 395 1658 445 erat,
1681 400 1844 451 quam
1873 367 2061 465 utA7b‘J'

116 453 330 522 regredi
378 465 592 523 posset:
631 466 687 506 et
725 472 822 505 suo
860 454 1090 523 quisque
1131 467 1296 517 metu,
1337 469 1404 503 ne
1441 452 1720 521 disjectOS,
1758 472 1933 524 eoque

112 523 297 575 minus
351 524 575 588 validos,
627 524 906 577 Vitelliani
958 536 1420 587 consectarentur,
1472 534 1820 577 cunctantem
1878 525 1933 576 in

108 608 268 645 -arma
308 593 661 664 inpellebant.
737 595 863 658 Sed,
899 595 1045 663 quod
1090 595 1143 646 in
1192 593 1461 663 ejusmodi
1507 594 1666 645 rebus
1713 594 1932 659 accidit,

109 663 407 716 consilium
447 667 518 717 ab
556 666 812 717 omnibus
849 665 1036 717 datum
1077 676 1177 728 est,
1207 665 1503 735 periculum
1550 663 1708 734 pauci
1747 682 1932 737 sump-

117 750 274 787 sere..
326 734 490 788 Girca
520 736 696 789 lacum
731 735 994 799 Fundani,
1033 735 1506 797 descendentibuS,
1533 734 1932 857 qui-Saffinum

116 806 541 869 comitabantur,
574 806 815 871 armatiS,
856 819 1150 858 occurrunt
1186 806 1578 876 promptissimi
1611 804 1736 856 Vite
1780 805 1933 872 iano-

114 892 267 930 rum..
331 875 489 929 Modi
530 894 616 934 um
659 877 734 928 ibi
777 877 1054 946 proelium,
1081 877 1357 946 inproviso
1403 875 1656 939 tumultu,
1686 875 1788 927 sed.
1809 894 1931 945 pro-

114 962 333 1014 sperum
361 946 506 999 Vitel
529 947 666 999 lanis
704 947 827 1000 suit.
905 948 1158 1011 SabinuS,
1186 966 1241 998 re
1278 947 1505 1018 trepida,
1534 945 1680 1015 quod
1726 946 1934 998 tutissi-

111 1033 263 1073 mum
291 1035 322 1070 e
351 1019 727 1087 praesentibuS‚
761 1034 945 1070 arcem
985 1017 1227 1088 capitolii
1273 1017 1471 1068 insedit
1513 1016 1773 1068 milite'et
1811 1018 1945 1094 (μὴ

114 1085 343 1140 busdam
371 1088 692 1141 Senatorum
737 1087 1145 1158 Equitumque:
1185 1106 1414 1156 quorum
1458 1088 1680 1139 nomina
1722 1097 1931 1140 tradere

112 1155 264 1213 haud
289 1172 602 1230 promptum
637 1170 739 1224 est,
764 1160 1042 1229 quoniam,
1073 1160 1277 1210 victore
1306 1158 1662 1228 VespasianO,
1690 1157 1844 1209 multi
1869 1158 1931 1216 ,id

112 1227 373 1281 meritum
393 1248 524 1299 erga
547 1241 725 1300 partes
749 1229 1087 1282 simulavere.
1144 1228 1440 1280 Subierunt
1464 1227 1737 1279 obsidium
1765 1228 1930 1280 etiam

111 1296 388 1365 feminae;-‚
420 1301 560 1353 inter
606 1319 739 1370 quas
789 1301 1027 1352 maxime
1077 1299 1308 1369 insignis
1357 1299 1628 1350 Verulana
1678 1298 1932 1362 Gratilla,

111 1385 290 1439 neque
317 1371 533 1435 liberos,
563 1389 734 1440 neque
763 1371 1118 1441 propinquos,
1143 1370 1234 1422 sed
1265 1369 1464 1421 bellum
1495 1379 1698 1421 secuta.
1758 1369 1930 1421 Vitel-

111 1438 287 1492 lianus
329 1441 479 1494 miles
521 1443 770 1494 custodia
803 1443 1015 1493 socordi
1055 1440 1266 1492 clausos
1304 1439 1696 1504 circumdedit3
1737 1457 1930 1508 eoque,

111 1512 380 1565 concubia
409 1525 588 1577 nocte,
613 1531 737 1564 suos
765 1513 961 1564 liberos
985 1512 1218 1564 Sabinus
1246 1523 1299 1563 et
1326 1510 1726 1574 Domitianum,
1751 1509 1930 1562 fratris

1043 1681 1215 1720 Pichena
1234 1680 1414 1718 restituit
1431 1691 1452 1716 e
1472 1681 1578 1719 Flor.
1595 1691 1763 1727 eumque
1777 1691 1926 1727 omnes,

164 1680 280 1718 Circa
308 1683 439 1719 lacum
468 1682 670 1732 Fundam]
712 1682 811 1729 Ejus
839 1682 990 1720 mentio

1043 1735 1112 1784 qui
1138 1738 1227 1783 post
1254 1735 1380 1780 fuere,
1407 1734 1575 1771 editores
1603 1733 1762 1771 imitati.
1813 1734 1929 1772 Mici-

107 1734 151 1772 in
182 1734 300 1771 inser.
333 1736 500 1783 antiqua
533 1747 598 1785 ap.
635 1738 796 1773 Gruter.
827 1747 865 1784 p.
894 1741 988 1775 398.

106 1788 261 1836 prolata
286 1788 336 1825 ab
366 1789 526 1834 Ursino,
555 1791 597 1826 in
625 1801 704 1838 qna
731 1789 859 1827 vxcUs
890 1800 986 1826 LAC!

110 1844 303 1885 rounam
327 1851 558 1880 mc'rsronr
579 1853 725 1880 suma
743 1854 850 1880 aram
871 1854 989 1891 posu-

105 1894 182 1931 isse
196 1903 448 1933 memoratur.
495 1898 736 1942 Cavendum,
757 1898 987 1933 neconfun-

107 1949 226 1986 datur
240 1961 329 1987 cum
348 1951 437 1988 lacu
451 1951 644 1988 Fundano
661 1951 704 1987 in
721 1962 818 1998 agro
830 1951 986 1988 Fundo-

106 2013 211 2048 rum,
227 2003 364 2051 oppidi
382 2005 524 2049 Italici,
543 2008 589 2042 ut
609 2004 704 2041 fecit
721 2005 928 2042 Cluverius
945 2006 986 2040 in

107 2057 227 2094 Italia
259 2058 423 2106 antiqua
454 2062 486 2096 t.
522 2065 561 2095 2.
595 2070 635 2106 p.
673 2064 789 2095 1084.
827 2062 988 2095 notatus

108 2116 319 2159 propterea
336 2112 387 2148 ab
406 2111 627 2149 Holsteniu.
674 2113 785 2150 ERN.

161 2166 306 2202 Arcem
322 2165 518 2214 capitolii]
551 2165 613 2202 Sic
631 2169 671 2202 et
697 2166 793 2202 alibi
811 2164 989 2209 Tacitus,

108 2224 156 2254 ut
173 2230 263 2255 mox
281 2230 315 2255 c.
336 2224 402 2258 71.
415 2224 488 2261 ¹78.
522 2219 656 2256 Livius
676 2220 871 2257 eteicero
891 2231 990 2256 sem·

107 2283 180 2320 per
195 2272 380 2314 distincte
394 2284 520 2310 arcem
534 2277 574 2311 et
591 2274 819 2322 capitolium
837 2273 990 2318 dicunt,

107 2326 242 2362 Livius
257 2330 321 2363 ter
339 2331 378 2371 5,
397 2332 464 2366 39.
480 2331 546 2364 40.
574 2338 664 2365 nam
690 2338 759 2363 arx
777 2331 818 2364 et
840 2327 987 2374 capito-

106 2379 206 2416 lium
227 2380 268 2416 in
295 2380 431 2416 eodem
459 2383 574 2417 erant
601 2385 759 2417 monte:
792 2381 896 2416 unde
916 2381 987 2416 Di-

107 2444 215 2480 onys.
234 2433 366 2470 Halic.
389 2439 450 2477 10,
474 2438 535 2471 14.
553 2445 592 2481 p.
611 2437 706 2472 640.
728 2446 856 2471 arcem
875 2438 988 2471 vocat

105 2487 272 2538 προσεχεῖ
291 2488 344 2536 τῷ
361 2486 596 2536 nauso-azlor,
615 2495 656 2525 et
683 2489 855 2536 spatium
885 2488 989 2524 inter

106 2544 320 2587 utrumque
352 2540 604 2588 interjectum
639 2547 799 2579 auctore
835 2542 987 2587 eodem,

108 2591 194 2629 loco
220 2603 310 2630 mox
335 2594 386 2630 ad
410 2606 446 2632 c.
466 2600 532 2634 71.
560 2595 808 2642 proferendo,
832 2596 987 2643 duoque

107 2645 239 2691 colles,
256 2657 335 2684 non
351 2659 422 2685 arx
442 2659 534 2696 pars
560 2649 750 2696 capitolii,
769 2652 840 2687 aut
864 2649 906 2684 in
924 2659 988 2684 ca-

106 2699 272 2747 pitolio:
318 2700 395 2738 nisi
433 2701 535 2749 quod
571 2713 683 2739 mons
718 2702 784 2738 ille
821 2701 988 2738 subinde

105 2764 215 2790 mons
249 2754 483 2802 capitolinus
523 2759 699 2801 vocatur,
734 2755 849 2802 cujus
893 2766 986 2791 sane

105 2817 196 2855 pars
210 2806 287 2843 fuit
300 2817 383 2846 arx,
415 2808 464 2845 V.
480 2808 599 2846 etiam
617 2808 736 2857 Ryck.
757 2809 803 2845 de
823 2808 983 2857 capitol.

85 2871 139 2897 ⁴e.
161 2864 199 2898 ὅ.
246 2861 355 2899 Eam.
688 2877 691 2879 ·
720 2878 723 2880 ·

160 2914 311 2951 Insedit
341 2915 468 2952 mmo
503 2917 629 2953 milite
661 2914 756 2965 etc]
815 2916 988 2953 Iusidere

103 2971 166 3005 est
183 2966 346 3007 verbum
359 2966 555 3014 militare,
574 2980 645 3017 pro
672 2970 879 3016 occupavit
894 2981 982 3005 cum

104 3021 298 3068 praesidio,
318 3026 367 3058 ut
396 3023 485 3058 inde
505 3022 788 3059 vimhostilem
817 3027 981 3060 arceret.

105 3074 233 3123 Supra
258 3075 423 3116 hisee-ras
438 3077 562 3124 Alpes
585 3080 626 3112 et
643 3075 787 3113 similia
806 3076 999 3118 vidimus„

103 3128 336 3167 Post-mixto
353 3128 491 3166 aberat
508 3141 533 3166 a
552 3130 636 3167 MS.
653 3129 756 3166 Bud.
775 3141 845 3166 nec
863 3132 925 3179 est
944 3130 986 3165 in

104 3181 237 3225 Guelf.
255 3181 332 3221 nisi
350 3193 513 3219 amanu
535 3194 613 3220 sec.
640 3183 682 3220 in
702 3184 894 3231 margine,
913 3194 985 3220 nec

105 3233 149 3275 in
164 3235 224 3273 ed.
252 3236 404 3273 Puteol.
434 3236 599 3274 Habent
617 3237 702 3274 Ms.
719 3237 824 3274 Flor.
843 3236 903 3272 ed.
924 3248 983 3284 pr.

105 3287 198 3324 Ber.
214 3287 298 3326 Alc.
352 3289 566 3327 Rhenanus
585 3289 746 3327 verbum
765 3291 805 3327 id
822 3290 981 3336 delevit,

30 3366 46 3376 ..
108 3335 304 3388 simulqut
329 3342 453 3380 edidit
479 3357 529 3381 ea·
561 3344 789 3394 quibusdam
824 3355 845 3380 e
876 3345 979 3380 Bud.

109 3395 213 3442 quod
239 3396 459 3443 exemplum
487 3409 622 3435 omnes
650 3398 773 3435 secuti
800 3403 909 3443 sunt,
929 3402 986 3434 et·

110 3448 188 3483 iam
212 3447 390 3495 Lipsius:
420 3451 523 3487 unde
552 3450 744 3497 conjicere
770 3451 877 3497 licet,
897 3463 985 3488 enm

111 3501 152 3543 in
173 3500 285 3538 MSS.
304 3501 404 3547 hanc
423 3515 552 3541 vocem
572 3515 652 3541 non
668 3505 870 3558 reperisse.
913 3505 986 3543 Sed

1043 1796 1120 1826 tem
1150 1790 1320 1826 mixtmn
1351 1791 1469 1837 putat
1496 1799 1580 1824 esse
1609 1787 1813 1824 confusum
1838 1799 1929 1825 cum

1042 1842 1157 1892 plebe
1186 1841 1354 1887 urbana,
1380 1841 1553 1887 seminis,
1571 1841 1716 1878 servis:
1750 1841 1853 1888 quod
1878 1852 1932 1879 an

1042 1897 1153 1933 miles
1169 1897 1332 1940 mistus,
1352 1895 1531 1932 absolute
1550 1895 1690 1932 dictus.
1710 1894 1930 1942 significare

1041 1950 1178 1998 possit,
1197 1949 1349 1987 dubito'.
1396 1949 1557 1996 Alia-tm·
1583 1950 1694 1986 miles
1710 1948 1851 1984 Latine
1869 1948 1928 1984 lo—

1042 2003 1255 2052 quentibus
1280 2006 1355 2048 est,
1372 2003 1484 2039 miles
1513 2014 1593 2039 non
1618 1998 1928 2050 eJusdem'gene-

1042 2058 1112 2103 ris,
1131 2057 1258 2105 qualis
1273 2056 1394 2093 fuisse
1407 2056 1553 2093 dicitur
1571 2057 1612 2091 in
1630 2055 1803 2092 exercitu
1815 2057 1930 2093 Pom-

1045 2112 1203 2160 peiano,
1221 2111 1263 2147 in
1289 2109 1392 2146 bello
1419 2109 1540 2156 civili,
1559 2109 1625 2145 sed
1653 2109 1887 2146 collectitius
1906 2121 1927 2147 e

1043 2166 1163 2202 variis
1184 2164 1386 2213 gentibus,
1407 2164 1523 2200 variis
1550 2163 1769 2200 instructus
1791 2164 1927 2209 armis,

1044 2231 1123 2255 non
1153 2219 1282 2255 eidem
1319 2217 1535 2266 disciplina»,
1567 2217 1840 2254 adsuefactus:
1880 2222 1928 2254 ut

1042 2274 1212 2310 mia-tum
1237 2284 1364 2320 genus
1386 2272 1582 2308 hominum
1602 2271 1649 2307 de
1666 2270 1813 2307 talibus
1832 2271 1927 2307 dici-

1042 2333 1111 2363 tur
1137 2337 1203 2374 ap.
1232 2325 1402 2363 Livium.
1437 2325 1528 2362 vid.
1553 2323 1715 2361 collecta
1742 2323 1927 2361 Duckero

1041 2379 1177 2425 ad-43,
1197 2385 1235 2419 9.
1266 2380 1320 2416 sic
1346 2381 1518 2416 mia-tum
1542 2376 1669 2427 genus
1695 2378 1861 2423 dicendi,
1886 2382 1925 2416 et

1041 2433 1169 2470 multa
1192 2432 1272 2470 alia
1297 2433 1496 2470 dicuntur.
1551 2433 1672 2480 Ergo,
1692 2432 1786 2480 quia
1813 2430 1924 2479 plebs

1042 2492 1084 2524 et
1106 2488 1206 2523 servi
1227 2498 1305 2524 non
1326 2490 1423 2525 sunt
1442 2485 1603 2531 milites,
1623 2487 1762 2522 horum
1786 2496 1925 2521 caussa

1042 2543 1191 2578 mia-tus
1217 2541 1328 2578 miles
1355 2540 1431 2577 dici
1459 2551 1540 2576 non
1569 2543 1709 2587 potest.
1765 2538 1818 2577 Et
1837 2542 1926 2586 post

1041 2596 1086 2632 fit
1104 2595 1254 2636 mentio
1272 2594 1387 2632 istius
1412 2593 1567 2642 generis
1586 2591 1804 2637 hominum,
1821 2603 1925 2628 com-

1040 2648 1267 2685 memoratis
1292 2649 1411 2684 etiam
1438 2646 1610 2683 feminis.
1665 2645 1858 2683 Fortassis
1885 2650 1926 2682 et

1040 2705 1127 2738 tum
1145 2702 1237 2738 talis
1265 2700 1375 2750 plebs
1406 2700 1578 2746 exclusa,
1597 2702 1638 2736 et
1665 2710 1744 2735 non
1771 2698 1849 2735 nisi
1868 2698 1924 2735 fe·

1040 2754 1156 2791 minae
1183 2754 1358 2803 quaedam
1387 2754 1578 2798 admissi»,
1603 2757 1650 2789 ut
1678 2763 1742 2800 ap.
1770 2751 1855 2790 Liv.
1882 2756 1923 2798 5,

1043 2813 1102 2844 40.
1161 2807 1290 2855 Igitur
1308 2813 1348 2845 et
1370 2808 1452 2856 ipse
1470 2808 1595 2845 merto
1621 2805 1814 2843 edendum
1844 2816 1924 2843 non

1041 2862 1194 2908 putavi.
1249 2862 1390 2910 Neque
1414 2865 1549 2898 tamen
1566 2860 1608 2896 in
1625 2858 1750 2896 altero
1766 2862 1923 2897 secutus

1042 2926 1128 2951 sum
1154 2915 1283 2952 Rben.
1306 2919 1345 2952 et
1367 2915 1474 2962 Lips.
1492 2917 1734 2961 ceterosque,
1754 2913 1824 2962 qni
1842 2913 1924 2951 edi-

1038 2968 1128 3005 dere
1145 2981 1196 3005 ει·
1213 2968 1455 3018 quibusdam.
1508 2967 1611 3005 Nam
1637 2966 1749 3004 MSS.
1776 2971 1920 3016 praeter

1037 3022 1142 3059 Bnd.
1172 3033 1307 3066 omncs
1336 3023 1430 3060 item
1461 3020 1547 3058 edd.
1574 3023 1668 3057 ante
1692 3019 1820 3058 Rhen.
1851 3021 1922 3059 ha-

1041 3075 1138 3112 bent
1167 3081 1220 3121 et,
1249 3076 1353 3125 quod
1388 3076 1507 3112 etiam
1543 3085 1680 3111 sensus
1707 3070 1924 3112 desiderat.

1040 3130 1150 3167 Eas.

1099 3182 1297 3220 Verulana
1318 3180 1510 3232 Gracina]
1557 3181 1672 3221 MSS.
1701 3180 1806 3219 mor.
1823 3181 1922 3229 Agr.

1043 3234 1178 3285 (Eud.)
1210 3235 1342 3274 Guelf.
1381 3237 1442 3274 ed.
1480 3247 1539 3285 pr.
1579 3234 1773 3274 ’Gr-mma.
1829 3235 1922 3282 Leg.

1039 3290 1211 3327 Gratilla
1239 3302 1260 3326 e
1289 3291 1392 3328 Plin.
1419 3302 1483 3337 ep.
1515 3295 1555 3335 3,
1592 3295 1653 3326 ιι.
1695 3288 1766 3326 ubi
1802 3289 1920 3324 etiam

1036 3343 1142 3383 Flor.
1175 3344 1382 3382 Gratillia.
1415 3343 1547 3382 Guelf.
1575 3343 1694 3380 etiam
1719 3342 1918 3380 Ver-mela.-

1040 3401 1084 3434 at
1103 3397 1144 3433 in
1161 3399 1338 3446 margine
1355 3402 1413 3436 est
1438 3398 1648 3435 Verulana.
1676 3397 1783 3438 ERN,
1828 3395 1921 3430 Om-

1041 3451 1136 3487 nino
1170 3447 1379 3499 legend‘um
1410 3451 1595 3494 Gratilla.
1631 3450 1720 3488 vid.
1751 3451 1789 3483 et
1822 3447 1918 3484 plin..

1042 3516 1104 3554 ep,
1125 3510 1165 3551 5,
1186 3511 1221 3543 1.
