2190 3880
427 144 522 199 DE
553 139 860 200 MORIBUS
895 145 1282 198 GERMANIAE
1314 146 1455 200 cAP.
1482 155 1558 204 17.

1794 147 1895 197 369

78 272 274 326 stricta·
305 281 378 325 et*
406 274 648 347 singulos
690 284 836 325 artus
875 271 1257 342 exprimente..
1312 275 1526 326 Gerunt
1563 282 1619 327 et
1657 272 1895 325 ferarum

79 345 266 413 pelleS‚
294 345 533 414 proximi
575 346 708 415 ripae
750 343 1105 413 negligenter,
1142 343 1422 395 ulteriores
1461 345 1803 414 exquisitim,
1833 357 1897 395 ut

81 416 281 484 quibus
318 415 494 467 nullus
531 433 625 485 per
662 416 990 466 commercia
1027 415 1224 466 cultuS.
1300 413 1527 484 Eligunt
1557 417 1693 467 feras
1720 427 1775 466 et
1802 416 1898 466 de-

82 486 261 538 tracta
306 485 574 537 velamina
616 499 880 557 spargunt
923 484 1149 543 maculis
1201 484 1539 554 pellibusque
1581 484 1898 548 belluarum,

85 565 219 626 quas
262 557 503 608 exterior
539 556 791 608 Oceanus
828 567 990 624 atque
1029 555 1282 624 ignotum
1319 573 1466 607 mare
1503 555 1702 625 gignit.

1779 556 1900 607 Nec

63 627 226 677 ‘alius
251 626 468 678 feminis
504 645 665 695 quam
705 626 832 678 viris
862 626 1099 690 habitus,
1126 626 1228 678 nisi
1270 627 1413 695 quod
1452 625 1670 677 feminae
1700 627 1902 696 saepius

87 697 246 748 lineis
286 697 578 749 amictibus
607 697 868 760 velantur,
897 714 1096 765 eosque
1135 713 1372 765 purpura
1409 698 1636 760 variant,
1667 709 1903 765 partem-

91 786 196 836 que
239 770 464 820 vestitus
508 769 800 838 superioris
847 768 901 818 in
943 767 1183 818 manicas
1228 785 1336 818 non
1378 767 1701 830 extendunt,
1739 769 1901 819 nudae

93 837 319 890 brachia
363 856 427 890 ac
467 837 714 892 lacertOS.
756 837 848 891 sed
894 847 950 890 et
991 838 1243 909 proxima
1282 856 1404 908 pars
1446 837 1682 908 pectoris
1719 849 1901 909 patet:

83 1023 158 1080 nai
170 1018 490 1080 xgoaeoessgtlcv-ru
505 1019 745 1078 συρῤαἰττουη
760 1038 769 1062 2
788 1021 893 1076 quod
904 1022 969 1064 t'u·

84 1082 196 1127 micas
204 1083 447 1126 manuleatus
457 1087 507 1117 ex·
516 1081 733 1118 cerdonibus
740 1080 971 1130 quibusdam

87 1140 125 1171 et
136 1135 282 1186 pannis
295 1133 372 1184 (ita
386 1134 601 1183 appellant)
615 1136 747 1182 patrio
763 1146 866 1170 more
883 1142 972 1170 eon-¹

85 1189 266 1225 scindunt
283 1193 321 1224 ee
336 1190 534 1237 coaptant.
591 1190 756 1225 Certum
783 1187 880 1224 mihi
912 1191 973 1223 est

85 1235 255 1278 describi
284 1245 457 1294 nostum
486 1242 679 1287 tunicam,
709 1252 827 1289 quam
853 1241 974 1277 etiam

85 1299 194 1331 nunc
210 1294 262 1331 ab
280 1295 370 1331 istis
394 1294 536 1343 pannis
555 1293 758 1332 Panerock
776 1294 973 1339 vocamuS,

87 1351 269 1385 veterum
285 1349 572 1385 Germanorum
600 1352 641 1386 et
657 1350 889 1385 pannonum
914 1348 974 1395 ip»

90 1412 173 1438 sam
193 1405 356 1440 vestem.
411 1402 472 1439 Ea
498 1412 608 1447 sane,
627 1402 730 1450 quod
756 1402 835 1438 Dio
855 1402 928 1446 ait,
952 1413 975 1436 e

90 1454 210 1492 variis
246 1454 482 1503 panniculis,
512 1459 654 1502 praeter
683 1456 904 1492 Romanum
934 1459 976 1491 'et

89 1510 270 1545 Graecum
304 1519 468 1553 morem,
502 1509 553 1544 ad
598 1509 756 1558 singula
800 1508 976 1545 membra

88 1565 240 1611 aptata.
275 1562 388 1599 Ln‘s.
442 1562 539 1599 eod.
556 1562 687 1610 Kapp.
710 1561 760 1613 (s.
779 1563 840 1599 ed.
858 1560 972 1611 Nor.)

91 1622 237 1654 arctus.
262 1619 305 1653 et
320 1616 375 1652 sic
391 1626 559 1664 semper.
603 1617 713 1654 Eas.
769 1616 834 1653 Sic
853 1621 894 1653 et
912 1615 974 1652 ed.

101 1753 106 1757 ,
142 1723 330 1760 Proximi
358 1724 456 1772 ripoe
489 1723 746 1772 negligenter,
774 1723 973 1760 ulteriores

86 1777 342 1828 exquisitius]
391 1777 431 1814 Si
463 1782 556 1813 vera
585 1777 701 1813 lentio
730 1777 824 1823 haec,
855 1781 973 1825 quam

89 1836 196 1869 certe
213 1829 307 1867 libri
334 1841 470 1868 omnes
494 1829 699 1875 exhibent,
723 1837 860 1867 sensus
888 1836 967 1866 est:

88 1885 263 1923 Proximi
285 1886 381 1932 ripae
408 1884 538 1921 Rheni
556 1887 725 1921 utuntur
741 1884 799 1920 illi
818 1884 976 1932 quidem

90 1939 261 1988 pellibus
284 1939 334 1975 ad
351 1938 554 1983 vestitum,
584 1937 650 1974 sed
671 1936 781 1974 nullo
805 1938 976 1982 delectu,

89 1993 204 2030 nullo
242 1995 414 2037 ornatu3
452 1993 547 2039 quia
575 1993 807 2028 commercia
833 1991 982 2028 habent

90 2057 181 2084 cum
193 2045 402 2095 provinciis
413 2046 524 2082 Rom.
543 2051 665 2093 eoque
682 2049 853 2082 utuntur
865 2045 983 2081 vesti·

91 2100 168 2138 bus
187 2099 414 2137 melioribus
427 2099 477 2134 ad
493 2099 650 2135 modum
672 2099 983 2146 provincialium

95 2155 153 2192 At
164 2153 391 2190 remotiores
404 2163 429 2188 a
438 2153 594 2197 Rheno,
606 2153 699 2200 quia
707 2152 796 2189 aliis
810 2151 981 2189 vestibus

88 2211 243 2253 carent,
249 2217 346 2255 quas
357 2219 376 2242 e
387 2207 630 2242 commerciis
639 2215 727 2242 cum
738 2206 881 2243 nostris
892 2214 982 2254 pro·

92 2261 233 2298 vinciis
249 2260 434 2303 babeant,
454 2260 496 2295 in
511 2260 673 2308 pelliceo
690 2259 837 2297 vestitu
854 2268 979 2296 artem

94 2319 136 2352 et
147 2314 298 2352 cultum
318 2313 520 2350 adhibent.
549 2313 610 2350 Sic
627 2313 798 2360 explicat
811 2313 981 2350 Bernec-

94 2379 222 2406 cerus.
241 2368 294 2405 At
307 2366 506 2410 Muretus,
517 2367 802 2414 Carrio-Antiq.
815 2367 921 2403 Leet.
936 2373 978 2412 3,

97 2427 136 2459 Q.
151 2421 298 2468 aliique
311 2420 496 2457 adverbia
513 2423 778 2468 transponunt
791 2421 845 2457 sic
859 2434 870 2456 ε
889 2433 981 2469 pro·

95 2475 203 2512 simi·
222 2477 322 2523 &ipa-
350 2474 599 2524 exquisitius,
626 2475 826 2511 ulteriores
851 2475 979 2523 negli-

93 2534 244 2577 genter.
272 2527 375 2564 Mihi
399 2527 602 2573 vulgatum
625 2527 765 2574 placet.
794 2525 901 2563 Nam*
919 2538 979 2563 se·

95 2581 260 2629 quentia
272 2580 376 2616 haud
389 2579 509 2616 dubie
526 2580 728 2627 pertinent
739 2580 788 2615 ad
807 2580 979 2629 exquisi-

93 2635 234 2672 tiorem
253 2645 275 2670 e
292 2633 462 2682 pellibus
480 2634 646 2678 cultum,
657 2634 757 2669 etad
772 2634 978 2680 posteriori

92 2690 178 2726 loco
197 2687 358 2735 positos,
374 2687 415 2723 h.
431 2697 466 2723 e.
485 2686 704 2724 ulteriores.
734 2687 851 2727 Quod
864 2687 981 2723 intel-

91 2740 419 2787 lexitCluverius,
429 2741 498 2788 qui
508 2745 595 2776 tota
602 2740 982 2788 membrapermuta-

90 2794 384 2840 hat,ulteriores
400 2795 656 2842 negligenter,
669 2795 983 2843 quibueprom'mi

94 2849 246 2897 -ripoe
259 2848 491 2897 exquisitius
500 2848 770 2895 eliguntseras
782 2861 795 2884 .·
812 2847 914 2895 quod
923 2852 984 2885 est

93 2902 174 2939 vim
187 2900 329 2938 facere.
350 2901 405 2938 Et
413 2911 532 2948 quam
543 2901 728 2948 frigidum
737 2901 838 2937 foret
846 2904 982 2950 exqui-

94 2956 211 2993 ,vitius
222 2955 379 3001 eligere.
404 2954 508 2991 nlud
519 2948 753 3003 exquisitius
761 2955 983 3002 explicatur

92 3007 366 3056 sequentibus.
386 3006 498 3044 Adde
509 3007 613 3062 dicta
626 3011 720 3044 nota
733 3016 844 3056 prox.
871 3008 981 3046 ERN.

93 3061 335 3109 Berneggeri
349 3060 649 3108 explicationem
668 3062 752 3109 jam
769 3066 979 3109 occuparat

95 3116 254 3164 Lipsius
272 3116 315 3151 in
332 3114 544 3161 Dispunct.
562 3118 646 3151 not.
663 3115 746 3153 cod.
769 3115 942 3152 Mirand.

151 3170 360 3218 Spargant
373 3169 538 3205 maculis
546 3167 803 3218 pellibusque]
838 3168 980 3217 Suspe-

99 3226 187 3260 ctus
209 3221 309 3259 mihi
337 3220 459 3258 locus.
487 3232 558 3258 nec
589 3226 651 3258 sat
674 3223 769 3265 scio,
787 3222 980 3270 quomodo

97 3276 292 3314 detractas
305 3274 400 3311 feris
416 3274 553 3322 pelles,
565 3275 782 3323 sparserint
800 3275 978 3321 maculis,

100 3334 151 3366 et·
169 3328 339 3376 pellibus
370 3328 460 3365 aliis
489 3329 669 3375 piscium.
723 3328 785 3366 An
815 3329 978 3366 Tacitus

94 3385 181 3430 ipse
207 3382 287 3417 haec
314 3392 453 3429 parum
485 3379 710 3419 intellexit?
739 3393 791 3418 an
813 3385 980 3420 maculae

93 3445 175 3472 vax
187 3445 270 3471 non
287 3434 372 3470 sine
387 3435 568 3480 macula?
623 3437 710 3484 Ego
736 3436 786 3474 de
810 3441 979 3476 mastru-

96 3489 154 3526 cis
170 3487 319 3535 aliquid
337 3487 463 3525 libens
483 3490 786 3538 supposuissem,
803 3490 836 3526 si
854 3491 978 3528 velifi-

95 3546 187 3580 cata
209 3541 307 3577 mihi
336 3540 430 3577 libri
456 3543 623 3589 alicujus
641 3554 751 3580 aura.
805 3543 977 3583 Isidorus

177 3609 409 3647 voL.11.
436 3610 485 3645 P.
516 3612 557 3646 1.

1025 1025 1086 1070 19,
1107 1030 1193 1078 23„
1217 1023 1440 1074 Alastrucm
1464 1027 1579 1073 vestis
1605 1014 1834 1065 &ev-manica
1856 1029 1908 1064 ea?

1004 1087 1006 1089 '
1016 1079 1213 1130 pelliculis
1218 1081 1414 1129 ferarum.
1449 1079 1686 1118 Prudentius
1706 1081 1746 1117 in
1762 1081 1908 1128 Symm.

1025 1140 1066 1179 2,
1081 1135 1445 1174 essa-*Mastmcis
1454 1146 1632 1184 proceres
1646 1136 1781 1172 vestire
1792 1136 1908 1182 toga-

1025 1194 1097 1224 tos·
1140 1188 1277 1224 Cicero
1305 1189 1445 1236 fragm.'
1471 1200 1542 1236 pro
1563 1190 1734 1227 Scauro:
1773 1187 1909 1225 Sardis

1026 1242 1147 1278 etiam
1170 1241 1336 1279 tribuit:
1368 1243 1584 1279 Sardorum
1608 1248 1806 1287 mastruca
1818 1247 1911 1278 ‚ten-

1026 1297 1139 1333 tavit.
1193 1289 1380 1333 'Ceterum
1408 1291 1486 1332 n'oii
1511 1293 1692 1340 dubiuin,
1717 1295 1812 1343 quin
1837 1295 1912 1330 du-

1027 1349 1119 1396 plici
1138 1343 1281 1385 ornatu
1300 1354 1364 1386 eds
1384 1361 1473 1386 usos
1489 1349 1652 1386 Tacitus
1665 1349 1775 1393 velit,
1789 1348 1870 1384 sive
1888 1359 1912 1383 e

1026 1402 1135 1447 feris,
1164 1403 1244 1439 sive
1280 1415 1304 1442 ¹e
1338 1403 1526 1450 piscibus.
1582 1403 1767 1448 ,Iustinus
1797 1407 1838 1446 2,
1870 1407 1913 1438 53.

1026 1455 1171 1492 clarius
1194 1456 1328 1504 paullo
1355 1457 1466 1493 idem'
1485 1457 1648 1494 tradidit
1666 1457 1712 1492 de
1732 1455 1883 1503 Scythis
1899 1468 1910 1490 ε

1028 1510 1154 1547 Lance
1166 1511 1323 1560 iisusus
1339 1523 1387 1547 ac
1399 1511 1561 1547 vestium
1574 1513 1734 1559 ignotus
1750 1537 1759 1545 .
1773 1534 1785 1545 .
1802 1533 1813 1545 .
1826 1510 1914 1557 pel·

1028 1564 1128 1599 libus
1145 1565 1298 1600 tantum
1305 1563 1454 1612 ferinis
1468 1571 1538 1601 aut
1556 1561 1723 1600 murinis
1745 1563 1912 1599 vestiun-

1027 1622 1106 1653 tur.
1152 1617 1265 1654 Lm&
1317 1618 1366 1655 In·
1381 1617 1510 1654 verbis
1526 1622 1723 1666 spargunt
1745 1616 1913 1653 maculis

1028 1681 1108 1707 non
1125 1669 1308 1707 haeream.
1355 1672 1433 1707 Ars
1452 1675 1511 1707 est
1530 1670 1650 1719 penes
1668 1682 1704 1706 v.
1724 1681 1758 1706 c.
1785 1669 1915 1714 albas,

1028 1723 1152 1771 nigris
1186 1724 1350 1760 maculis
1387 1726 1615 1772 variegare3
1656 1723 1759 1772 quod
1798 1723 1915 1760 hodie

1027 1786 1180 1827 quoque
1205 1778 1290 1814 fieri
1315 1779 1422 1826 apud
1451 1789 1521 1815 nos
1539 1778 1631 1815 vidi.
1686 1777 1778 1815 Istis
1806 1777 1917 1814 rudi-

1027 1831 1101 1867 bus
1145 1831 1390 1879 temporibus
1434 1832 1536 1868 forte
1570 1832 1717 1868 factum
1763 1831 1916 1867 adsutis

1028 1885 1129 1922 alius
1156 1885 1295 1922 coloris
1323 1885 1546 1933 segmentis.
1600 1886 1804 1922 Mastruca
1833 1896 1916 1920 sor-

1033 1939 1158 1975 didior
1174 1943 1249 1984 est,
1270 1948 1386 1988 quam
1406 1943 1451 1975 ut
1479 1940 1515 1975 ei
1544 1939 1730 1988 exquisiti
1751 1939 1917 1974 vestitus

1033 2004 1175 2034 nomen
1201 1994 1420 2029 conveniat.
1474 1992 1598 2029 Pelles
1624 2004 1740 2042 porro
1764 1990 1918 2028 bellua'⁴

1033 2058 1138 2092 rum,
1164 2048 1263 2093 quas
1290 2047 1460 2084 exterior
1480 2048 1661 2084 Oceanus
1687 2046 1832 2095 gignit,
1855 2050 1916 2081 at-

1034 2111 1111 2148 que
1145 2100 1324 2147 ignotum
1354 2111 1476 2145 mare,
1506 2112 1585 2137 non
1621 2100 1839 2147 intelligam
1869 2099 1921 2135 de

1032 2153 1220 2202 piscibus.
1275 2154 1398 2190 Pelles
1425 2154 1512 2202 quis
1541 2154 1694 2191 tribuat
1717 2153 1889 2202 piscibus
1906 2163 1921 2188 τ

1033 2211 1073 2243 et
1106 2207 1213 2244 durae
1248 2208 1415 2255 piscium
1455 2208 1691 2244 membranae
1725 2207 1925 2255 quomode

1033 2260 1208 2298 vestibus
1225 2261 1356 2309 aptae?
1416 2262 1540 2298 Locus
1564 2260 1715 2298 Justini
1738 2272 1758 2296 e
1776 2259 1924 2297 vitioso

1031 2314 1134 2351 libro
1151 2319 1305 2351 sumtus
1325 2318 1397 2351 est.
1441 2315 1544 2351 Boni
1559 2315 1649 2351 libri
1668 2314 1815 2350 habent
1832 2327 1919 2350 mu·

1031 2368 1145 2412 vinu,
1175 2368 1279 2415 quod
1313 2379 1449 2406 verum
1486 2372 1557 2404 est.
1613 2370 1737 2404 Immo
1771 2367 1920 2403 intelli-

1031 2422 1167 2470 gendae
1194 2421 1315 2470 pelles
1345 2422 1702 2459 transmarinarum·
1728 2421 1917 2465 ferarum,

1032 2475 1167 2522 quales
1195 2474 1310 2511 hodie
1338 2475 1547 2512 zibellinae.
1601 2474 1719 2512 Tales
1749 2473 1869 2522 pelles
1894 2485 1920 2510 a

1032 2526 1244 2565 Suionibus
1260 2531 1478 2576 potuerunt
1501 2527 1691 2577 accipere,
1708 2527 1776 2576 qni
1794 2528 1920 2564 Ocea·

1030 2592 1127 2618 num
1145 2581 1388 2628 accolebant,
1413 2585 1453 2618 et
1480 2593 1555 2630 per
1575 2592 1672 2630 quos
1694 2583 1813 2618 etiam
1828 2581 1920 2622 ,Ro-

1030 2635 1137 2671 mani
1156 2638 1292 2682 postea
1308 2647 1374 2671 eas
1393 2634 1513 2682 pelles
1531 2645 1727 2682 accepere.
1743 2634 1792 2672 V.
1807 2634 1921 2672 Voss.

1032 2689 1082 2724 ad
1096 2687 1244 2726 Catuli.
1259 2700 1303 2736 p.
1323 2693 1421 2734 190„
1435 2688 1505 2726 ubi
1522 2689 1570 2725 de
1585 2687 1782 2726 zibellinis
1799 2687 1920 2737 digna

1033 2743 1148 2779 lecta.
1197 2743 1306 2780 Eas.

1088 2795 1261 2833 Femina·
1276 2808 1419 2846 soepzus
1443 2795 1572 2846 lineis]
1619 2795 1771 2833 Plinius
1794 2801 1858 2843 19,
1882 2801 1919 2834 1.

1035 2849 1134 2886 Jam
1150 2849 1303 2898 quidem
1320 2856 1356 2886 et
1378 2850 1668 2888 Transrhenani
1689 2850 1815 2887 hostes
1834 2851 1919 2888 vela

1033 2915 1054 2939 e
1073 2903 1152 2939 lino
1171 2908 1323 2948 temne,
1340 2915 1408 2940 uec
1426 2903 1688 2952 pulchriorem
1712 2904 1834 2940 aliam
1857 2915 1920 2940 ve-

1032 2962 1128 2992 stem
1161 2968 1291 2993 eorum
1308 2956 1489 3004 smninoe
1521 2967 1669 2993 novere.
1723 2954 1916 3004 Linigerae

1033 3009 1157 3057 igitur
1173 3009 1360 3053 imminue,
1387 3020 1460 3046 nec
1480 3013 1615 3047 tamen
1642 3009 1749 3048 solae.
1804 3010 1917 3048 Bene

1031 3063 1104 3107 ait,
1119 3063 1275 3111 soept'us.
1331 3063 1530 3100 Diaconus
1549 3064 1590 3100 in
1608 3062 1704 3102 viris
1724 3065 1917 3112 agnoscit,

1032 3122 1073 3161 4,
1107 3121 1129 3155 7
1162 3114 1268 3166 (23).
1326 3117 1564 3154 Vestimenta
1593 3117 1648 3155 eis
1679 3116 1743 3167 (de
1776 3118 1929 3165 priscis‘

1031 3167 1297 3217 Longobardis
1310 3170 1381 3215 ait,
1394 3169 1555 3207 indubie
1563 3168 1786 3219 Germanis)
1803 3176 1915 3207 erant

1030 3223 1127 3259 luxa
1143 3228 1181 3259 et
1194 3224 1367 3260 maaeime
1381 3224 1499 3269 linea,
1511 3225 1647 3274 qualia
1659 3225 1915 3273 Angli-Sax-

1031 3288 1119 3312 ones
1134 3276 1269 3313 luthere
1284 3276 1419 3322 solent,
1438 3283 1580 3316 ornata
1597 3279 1746 3316 iustitis
1762 3277 1912 3313 latiori-

1032 3330 1115 3374 bus,
1132 3331 1240 3367 vario
1257 3331 1380 3367 colore
1397 3333 1598 3368 contemtis.
1647 3330 1720 3367 Sed
1738 3330 1914 3377 profecto

1031 3394 1118 3431 quae
1133 3383 1196 3420 hic
1213 3383 1260 3419 de
1279 3383 1489 3430 variegatis
1502 3383 1670 3432 latisque
1689 3383 1836 3419 institis
1854 3383 1912 3418 di—

1031 3437 1100 3482 cit,
1117 3448 1188 3473 nos
1206 3438 1274 3484 qui
1291 3437 1475 3482 vidimus,
1494 3437 1637 3474 scimus
1660 3437 1777 3472 etiam
1805 3446 1911 3472 nunc

1026 3491 1230 3539 proprium
1252 3490 1454 3526 'amictum
1478 3501 1560 3529 esse
1588 3489 1913 3529 Germanicarum.

1029 3544 1254 3582 mulierum.
1300 3544 1409 3581 Lirs.

1132 3595 1230 3646 nb
