2190 3880
582 139 736 189 LIB.
768 140 835 189 11.
890 140 1056 193 CAP.
1089 143 1169 191 96.
1203 145 1285 194 97.
1778 147 1869 192 155

59 265 188 338 Ipse
221 264 438 330 abunde
466 273 631 330 ratus»,
658 265 703 316 si
741 263 1102 335 praesentibus
1138 262 1425 328 frueretur,
1448 266 1631 318 necin
1654 266 1876 338 longius
1890 281 1941 320 A.
1959 280 2013 323 U.-

57 337 388 401 consultanS,
413 335 603 388 novies
633 335 826 388 millies
853 336 1182 398 sestertium,
1212 334 1551 404 paucissimis
1577 336 1875 402 mensibuS,
1907 337 1998 374 323·

58 407 424 463 intervertisse
475 406 730 458 creditur.
809 405 1022 474 Magna
1056 415 1130 460 ‘et
1171 405 1367 456 misera
1418 406 1631 471 civitas,
1683 409 1876 461 eodem
1890 389 2009 485 ‘³500'

59 495 209 531 anno·
243 477 525 531 Othonem
570 473 960 546 Vitelliumque
1002 489 1175 546 passa,
1220 475 1362 526 inter
1401 474 1613 539 Vinios,
1657 476 1875 543 Fabios,
1972 469 1982 480 ⁹

60 547 255 613 Ice103‚
281 547 577 610 AsiaticOS,
606 549 754 600 varia
775 560 830 600 et
848 546 1102 617 pudenda
1127 558 1270 598 sorte
1297 547 1528 616 agebat3
1555 547 1730 599 donec
1754 567 1875 600 suc·

56 635 266 672 cessere
289 618 587 672 Mucianus
615 629 671 669 et
700 617 995 669 Marcellus
1021 629 1077 668 et
1100 617 1274 688 magis
1303 618 1391 668 alii
1424 617 1690 681 liornineS‚
1712 637 1870 686 quam

61 688 152 741 alii
180 707 378 742 mores,
456 689 642 741 Prima
671 688 889 740 Vitellio
915 687 1079 739 terties
1104 687 1315 757 legionis
1339 685 1552 758 defectio
1577 690 1874 753 nuntiatur,

62 759 241 813 missis
282 761 352 813 ab
391 758 614 830 Aponio
657 758 952 810 Saturnino
979 759 1244 828 epistoliS,
1272 771 1562 827 antequam
1592 759 1635 811 is
1659 777 1876 828 quoque

61 831 383 902 Vespasiani
451 830 695 899 partibus
729 830 1156 899 2adgregaretur.
1243 828 1347 880 Sed
1400 847 1572 898 neque
1623 829 1889 900 Aponius,

63 912 281 966 cuncta,
318 912 380 953 ut
417 900 694 971 trepidans
724 918 779 951 re
806 901 1004 963 subita,
1042 899 1444 970 perscripserat,
1471 913 1526 951 et
1553 900 1715 952 amici
1743 902 1876 952 adu-

61 972 233 1023 lantes
274 971 490 1023 mollius
529 972 1059 1041 interpretabantur:
1103 970 1253 1022 unius
1287 970 1499 1040 legionis
1536 988 1646 1022 eam
1671 971 1876 1023 seditio-

61 1059 193 1106 nem,
217 1042 394 1094 ceteris
419 1041 720 1094 exercitibus
741 1050 971 1093 constare
975 1039 1160 1109 fidem.
1203 1039 1265 1091 In
1294 1040 1441 1093 hunc
1467 1042 1688 1093 modum
1709 1043 1875 1095 etiarn

63 1113 314 1165 Vitellius
352 1112 497 1182 apud
537 1111 734 1164 milites
757 1111 1044 1175 disseruit,
1094 1110 1460 1162 Praetorianos
1498 1130 1671 1181 nuper
1706 1131 1875 1165 exau-

63 1193 302 1238 ctoratos
343 1184 659 1246 insectatuS,
686 1201 718 1233 a
745 1181 925 1251 quibus
948 1179 1124 1251 falsos
1159 1198 1380 1233 rumores
1417 1180 1655 1251 dispergi,
1681 1201 1769 1234 uec
1795 1183 1876 1234 ul-

60 1253 168 1306 lum
211 1253 376 1306 civilis
420 1251 542 1305 belli
582 1261 787 1316 mecum,
826 1252 1196 1316 adseverabat,
1224 1270 1510 1322 suppresso
1555 1253 1874 1323 Vespasiani

62 1325 301 1390 nomine,
328 1335 384 1376 et
411 1324 562 1393 vagis
599 1340 695 1393 per
732 1323 920 1374 urbem
951 1322 1235 1386 militibus,
1262 1324 1352 1392 qui
1384 1338 1656 1375 sermones
1685 1325 1872 1394 populi

63 1405 392 1448 coercerent.
442 1395 492 1445 id
539 1394 875 1464 praecipuum
923 1393 1240 1445 alimentum
1288 1393 1450 1445 famae
1489 1404 1622 1446 erat.
1696 1393 1872 1447 Auxi-
1887 1406 1954 1460 97

62 1467 136 1517 lia
173 1478 350 1518 tamen
377 1483 407 1517 e
437 1464 733 1517 Germania
782 1464 1174 1533 Britanniaque
1217 1475 1272 1516 et
1315 1463 1599 1533 Hispaniis
1647 1466 1874 1530 excivit,

62 1536 320 1606 segniter,
342 1548 397 1588 et
423 1536 799 1587 necessitatem
828 1534 1192 1587 dissimulans.
1269 1534 1502 1586 Perinde
1529 1535 1719 1604 Legati
1752 1554 1875 1606 pro-

62 1607 368 1676 vinciaeque
413 1607 844 1659 cunctabantur:
911 1605 1266 1657 Hordeonius
1321 1605 1566 1669 Flacc'uS,
1611 1607 1875 1676 suspectis

53 1678 172 1748 jam
212 1677 455 1741 BataviS,
493 1676 689 1728 anxius
731 1677 952 1747 proprio
992 1675 1154 1740 bello,
1181 1675 1406 1728 Vectius
1449 1676 1708 1740 BolanuS,
1740 1677 1896 1747 nun-1

62 1766 224 1818 quam
253 1748 383 1806 satis
411 1747 595 1817 quieta
615 1747 930 1800 Britannia:
970 1757 1026 1798 et
1047 1757 1275 1815 uterque
1300 1747 1567 1817 ambigui.
1606 1765 1779 1816 neque
1804 1766 1876 1800 ex

63 1818 349 1890 Hispaniis
389 1818 796 1889 properabatur,
831 1817 979 1870 nullo
1004 1828 1119 1869 tum
1151 1817 1228 1868 ibi
1259 1816 1565 1869 Consulari.
1609 1818 1770 1870 trium
1801 1818 1875 1870 le-

63 1891 286 1961 gionum
321 1889 531 1959 Legati,
563 1907 712 1958 pares
746 1890 870 1958 jure
909 1901 983 1953 et,
1014 1887 1284 1959 prosperis
1313 1887 1520 1940 Vitellii
1550 1890 1728 1952 rebuS,
1757 1907 1874 1942 cer-

66 1961 230 2012 taturi
263 1960 332 2013 ad
374 1960 715 2029 obsequium,
743 1960 1023 2012 adversam
1051 1958 1169 2028 ejus
1199 1958 1474 2010 fortunam
1498 1976 1567 2010 ex
1597 1978 1757 2028 aequo
1783 1960 1877 2018 de·

66 2032 390 2083 trectabant.
432 2029 496 2081 In
538 2029 728 2081 Africa
768 2029 911 2100 legio
953 2029 1331 2098 cohortesque,
1361 2030 1586 2081 delectae
1612 2049 1643 2081 a
1679 2028 1894 2081 Clodio

63 2101 279 2166 Blacro,
311 2119 439 2153 mox
469 2121 500 2152 a
524 2100 702 2152 Galba
725 2101 982 2164 dimissae,
1009 2100 1362 2169 rursusjussu
1392 2100 1597 2151 Vitellii
1624 2100 1877 2153 militiam

61 2190 270 2243 cepere.
295 2170 453 2224 simul
481 2183 661 2224 cetera
681 2172 944 2240 juventus
971 2171 1136 2224 dabat
1157 2171 1389 2241 impigre
1407 2171 1645 2225 nomina.
1673 2172 1879 2242 quippe

1889 694 1960 753 96

114 2353 260 2406 lYovies
274 2354 658 2404 milliessestertium]
693 2355 875 2392 Sidonius
894 2355 937 2391 in
992 2355 1112 2392 efficit
1139 2356 1399 2406 quinquagies
1429 2365 1498 2392 us.
1526 2354 1606 2393 sive
1643 2361 1794 2393 centum
1821 2357 1879 2392 vi-

61 2406 207 2457 Paneg.
237 2409 287 2445 ad
320 2409 602 2455 Majorianum,
638 2409 748 2445 abire
778 2409 829 2445 ab
865 2409 938 2445 hac
988 2410 1265 2459 gintiquinque
1296 2410 1425 2446 millia
1460 2408 1738 2457 philippicum,
1755 2420 1878 2458 prope

61 2473 216 2499 summa.
247 2463 416 2508 videtur,
450 2462 520 2499 ubi
556 2462 652 2499 vitia
694 2462 939 2510 singulorum
991 2462 1042 2498 ad
1058 2463 1323 2511 Xiphilinum.
1353 2462 1470 2503 Quod
1488 2464 1519 2499 si
1538 2464 1578 2499 in
1598 2475 1659 2508 eo,
1677 2474 1748 2510 pro
1765 2474 1873 2500 more

60 2514 288 2564 Principum
315 2527 536 2561 recensens,
555 2515 603 2551 de
624 2516 700 2552 isto
719 2516 776 2552 ait
792 2528 829 2552 v.
847 2521 941 2554 325.
996 2522 1037 2552 et
1054 2518 1252 2552 communi
1271 2528 1464 2561 sermone,
1483 2518 1602 2565 quina
1620 2518 1747 2553 millia
1765 2517 1878 2552 dum-

62 2574 202 2618 -post
234 2570 371 2618 quinta
411 2570 560 2607 Vitem
600 2570 754 2616 Milliez,
790 2569 943 2616 famosi
995 2573 1110 2606 taxat
1125 2570 1271 2618 capias,
1293 2570 1331 2606 id
1348 2573 1408 2605 est
1422 2571 1540 2618 quina
1560 2580 1626 2606 us.
1640 2568 1877 2616 quantulum

62 2624 207 2658 ventris·
224 2624 366 2659 donata
385 2622 580 2664 barathro,
604 2623 741 2666 Valde,
765 2623 942 2671 inquam,

62 2674 161 2720 abit,
179 2674 278 2711 si-de
293 2680 381 2712 tota
406 2675 490 2722 ejus
519 2676 655 2724 sagina
673 2680 712 2711 et
729 2676 824 2712 luxu
842 2677 942 2712 aeci-

62 2729 123 2776 pis
140 2739 151 2764 ε
183 2729 287 2776 quod
317 2739 395 2765 non
412 2727 544 2774 debes,
569 2729 634 2765 sed
652 2731 776 2777 magis
795 2730 843 2765 de
861 2730 942 2766 sin-

61 2780 264 2831 gularibus
311 2783 455 2830 epulis,
489 2787 530 2818 et
562 2783 666 2831 qnod
708 2787 866 2819 tantum
898 2784 942 2819 in

62 2836 198 2885 paucis
232 2837 382 2883 aliquot
404 2836 542 2872 coenis.
596 2836 829 2883 Xiphilinus
853 2837 941 2884 qui-

62 2890 151 2926 dem
179 2901 228 2926 ex
259 2891 388 2926 Dione
407 2894 473 2932 65,
504 2895 542 2926 4.
569 2887 703 2937 ὅλῖγων
729 2888 862 2942 &preciis
891 2886 941 2926 δι-

63 2942 260 2989 ελθονσᾶἷν,
295 2942 425 2980 ἕκατι-ὂν
450 2942 497 2984 εἷς
527 2941 572 2979 τὸ
600 2939 734 2979 δεῖπνον
764 2939 941 2994 μυριάδας

61 2997 263 3041 ἀναλῦσαι,
290 2996 534 3044 conscripsit,
564 3007 650 3044 quae
680 3001 774 3032 sunt
799 2997 940 3033 Latine

63 3051 298 3101 quarhug-ies
339 3061 421 3097 ns3
468 3050 580 3086 nobis
620 3056 771 3087 centum
810 3051 940 3087 millia

64 3105 390 3153 Philippicorum.
420 3103 517 3142 Tale
543 3107 584 3140 et
600 3103 811 3141 Suetonius
839 3103 941 3139 indi-

63 3162 127 3195 cat
145 3170 178 3196 c.
197 3164 258 3196 13.
275 3170 364 3195 cum
381 3159 560 3207 singulos
587 3163 801 3206 apparatus·
818 3157 939 3193 domi-

65 3213 140 3256 πίῃ,
165 3213 243 3249 sive
275 3212 594 3256 convivatoribus,
621 3212 834 3248 constitisse
865 3222 941 3246 non

64 3266 192 3302 minus
215 3265 495 3315 quadringenis
521 3274 588 3300 ns.
612 3265 777 3301 asserit:
808 3264 846 3300 id
865 3267 940 3313 est,

65 3318 186 3355 decies
226 3319 333 3356 mille
373 3317 625 3365 Philippicis:
663 3319 730 3354 sed
762 3317 941 3362 observa,

65 3371 252 3418 singulos.
286 3372 468 3410 Sidonius
485 3371 609 3419 igitur
627 3371 669 3407 in
682 3372 847 3419 singulis
865 3371 942 3406 illis

63 3423 252 3470 millibus,
270 3426 363 3461 dum
384 3427 504 3475 quina
523 3436 569 3460 ea
587 3430 783 3470 numerat,
798 3425 944 3461 intelli-

66 3478 124 3524 git
142 3478 298 3514 mr'llemr
317 3488 387 3516 ns.
403 3482 544 3514 neutro
561 3479 623 3527 (ut
636 3489 724 3514 cum
739 3477 944 3514 Gramma-

65 3532 155 3567 ticis
194 3531 335 3580 dicam)
382 3543 548 3579 genere:
594 3535 712 3579 atque
748 3531 805 3568 ita
835 3532 944 3578 juste

997 2622 1106 2659 sint?
1137 2630 1286 2661 eentum
1315 2624 1622 2672 vigintiquinque
1640 2623 1851 2671 Philippoei
1862 2636 1875 2658 .·

994 2677 1219 2712 ridiculum.
1275 2677 1387 2713 ers.
1445 2676 1543 2712 Vide
1563 2676 1742 2712 Pecuniae
1758 2676 1876 2712 Vete-

994 2731 1050 2765 ris
1066 2736 1108 2774 3,
1128 2733 1166 2766 6.
1184 2734 1225 2765 et
1248 2735 1287 2775 4,
1308 2733 1346 2766 6.
1409 2730 1546 2765 GnoN.
1610 2729 1759 2765 Novies
1785 2729 1879 2764 mil-

994 2784 1065 2820 lies
1094 2793 1163 2820 ns.
1195 2783 1432 2830 respondent
1471 2786 1754 2827 180,000,00⁴0,
1785 2782 1877 2818 libr.
1904 2810 1908 2814 .

994 2837 1134 2874 Franc.

1048 2887 1279 2938 Marcellus]
1312 2888 1478 2937 Eprius.
1499 2889 1560 2925 ef.
1580 2887 1631 2937 A,
1651 2892 1715 2935 16,
1727 2867 1802 2927 ἐρ.
1821 2888 1875 2927 Η.

996 2948 1038 2988 4,
1054 2947 1078 2979 6
1097 2947 1137 2979 et
1154 2947 1220 2980 43.

1046 2997 1215 3033 Alollius
1230 2993 1598 3044 interpretabantur]
1631 2995 1694 3033 Sic
1715 2996 1762 3032 de
1783 2968 1893 3033 con-x

989 3051 1145 3098 jectura
1177 3050 1299 3086 edidit
1331 3049 1561 3093 Rhenanus,
1591 3049 1707 3096 idque
1741 3061 1876 3087 omnes

994 3104 1118 3141 secuti
1135 3107 1242 3140 sunt.
1259 3103 1438 3139 firmatur
1456 3114 1480 3138 a
1501 3102 1583 3138 solo
1600 3103 1702 3140 Flor.
1723 3104 1755 3140 si
1771 3105 1872 3151 Ryc-

994 3158 1059 3194 kio
1078 3157 1194 3194 fides:
1225 3157 1266 3192 in
1293 3157 1405 3204 cnjus
1428 3156 1513 3193 MS.
1535 3160 1620 3192 erat
1646 3158 1787 3194 melius
1811 3169 1873 3193 so-

994 3211 1068 3247 lita
1099 3210 1341 3256 confusione,
1361 3210 1408 3245 de
1435 3220 1514 3258 qua.
1541 3221 1661 3258 supra
1689 3212 1872 3247 vidimus.

995 3264 1095 3302 Edd.
1115 3268 1208 3301 ante
1226 3264 1353 3301 Rhea.
1376 3262 1433 3312 (et
1445 3262 1564 3311 Bud.)
1586 3264 1746 3300 nullius.
1766 3266 1874 3301 ERN.

1047 3318 1243 3355 Militiam
1255 3316 1400 3366 cepere]
1422 3317 1484 3355 Sic
1503 3329 1524 3352 e
1537 3317 1640 3353 Flor.
1659 3318 1874 3354 rectissime

995 3373 1171 3408 restituit
1187 3372 1227 3408 J.
1245 3371 1479 3408 Gronovius.
1520 3372 1726 3407 Consentit
1739 3370 1873 3406 Guelf.

996 3426 1142 3462 Omnes
1161 3429 1280 3462 antea
1307 3425 1393 3460 edd.
1411 3435 1554 3472 coepere
1569 3428 1739 3466 servant,
1756 3423 1874 3459 nimis

996 3480 1193 3526 patienter
1208 3490 1221 3524 3
1258 3489 1347 3514 cum
1364 3478 1426 3512 vel
1443 3478 1528 3513 sine
1547 3476 1657 3513 libris
1676 3477 1874 3522 corrigen-

997 3533 1090 3569 dum
1108 3536 1225 3569 esset.
1254 3531 1427 3570 Omnino
1445 3541 1547 3578 soepe
1561 3531 1643 3567 haec
1661 3530 1737 3566 duo
1754 3528 1875 3573 verba
