<?xml version="1.0" encoding="UTF-8"?>
<!DOCTYPE html PUBLIC "-//W3C//DTD XHTML 1.0 Transitional//EN"
    "http://www.w3.org/TR/xhtml1/DTD/xhtml1-transitional.dtd">
<html xmlns="http://www.w3.org/1999/xhtml" xml:lang="en" lang="en">
 <head>
  <title>
</title>
<meta http-equiv="Content-Type" content="text/html;charset=utf-8" />
  <meta name='ocr-system' content='tesseract 3.04.00' />
  <meta name='ocr-capabilities' content='ocr_page ocr_carea ocr_par ocr_line ocrx_word'/>
</head>
<body>
  <div class='ocr_page' id='page_1' title='image "./p1operaexrecensi02taciuoft_0189.png"; bbox 0 0 2190 3880; ppageno 0'>
   <div class='ocr_carea' id='block_1_1' title="bbox 645 116 1875 175">
    <p class='ocr_par' dir='ltr' id='par_1_1' title="bbox 645 116 1875 175">
     <span class='ocr_line' id='line_1_1' title="bbox 645 116 1875 175; baseline -0.002 -5"><span class='ocrx_word' id='word_1_1' title='bbox 645 116 822 170; x_wconf 15' lang='lat' dir='ltr'><strong>,121ss</strong></span> <span class='ocrx_word' id='word_1_2' title='bbox 858 119 949 168; x_wconf 87' lang='lat'><strong>111.</strong></span> <span class='ocrx_word' id='word_1_3' title='bbox 1009 120 1181 170; x_wconf 76' lang='lat' dir='ltr'><strong>CAP.</strong></span> <span class='ocrx_word' id='word_1_4' title='bbox 1216 124 1264 168; x_wconf 77' lang='lat'><strong>6.</strong></span> <span class='ocrx_word' id='word_1_5' title='bbox 1780 124 1875 175; x_wconf 72' lang='lat'><strong>167</strong></span> 
     </span>
    </p>
   </div>
   <div class='ocr_carea' id='block_1_2' title="bbox 56 243 2014 952">
    <p class='ocr_par' dir='ltr' id='par_1_2' title="bbox 56 243 2014 952">
     <span class='ocr_line' id='line_1_2' title="bbox 65 243 2014 321; baseline -0.003 -17"><span class='ocrx_word' id='word_1_6' title='bbox 65 266 237 321; x_wconf 81' lang='lat' dir='ltr'><strong>sperae</strong></span> <span class='ocrx_word' id='word_1_7' title='bbox 260 248 321 302; x_wconf 84' lang='lat' dir='ltr'><strong>in</strong></span> <span class='ocrx_word' id='word_1_8' title='bbox 341 245 606 300; x_wconf 83' lang='lat' dir='ltr'><strong>Armenia</strong></span> <span class='ocrx_word' id='word_1_9' title='bbox 626 262 710 298; x_wconf 87' lang='lat' dir='ltr'><strong>res</strong></span> <span class='ocrx_word' id='word_1_10' title='bbox 736 245 1073 300; x_wconf 84' lang='lat' dir='ltr'><strong>addiderant.</strong></span> <span class='ocrx_word' id='word_1_11' title='bbox 1119 245 1292 310; x_wconf 85' lang='lat' dir='ltr'><strong>Idem,</strong></span> <span class='ocrx_word' id='word_1_12' title='bbox 1317 245 1513 297; x_wconf 80' lang='lat' dir='ltr'><strong>secretis</strong></span> <span class='ocrx_word' id='word_1_13' title='bbox 1537 246 1677 316; x_wconf 79' lang='lat' dir='ltr'><strong>apud</strong></span> <span class='ocrx_word' id='word_1_14' title='bbox 1699 243 1867 299; x_wconf 86' lang='lat' dir='ltr'><strong>Nero·</strong></span> <span class='ocrx_word' id='word_1_15' title='bbox 1880 256 1931 296; x_wconf 84' lang='grc' dir='ltr'><strong>Α.</strong></span> <span class='ocrx_word' id='word_1_16' title='bbox 1952 255 2014 298; x_wconf 79' lang='lat' dir='ltr'><strong>U.</strong></span> 
     </span>
     <span class='ocr_line' id='line_1_3' title="bbox 63 311 1992 385; baseline -0.002 -14"><span class='ocrx_word' id='word_1_17' title='bbox 63 338 178 373; x_wconf 79' lang='lat' dir='ltr'><strong>nem</strong></span> <span class='ocrx_word' id='word_1_18' title='bbox 202 317 530 382; x_wconf 74' lang='lat' dir='ltr'><strong>-rumom&#39;bus,</strong></span> <span class='ocrx_word' id='word_1_19' title='bbox 583 315 876 385; x_wconf 85' lang='lat' dir='ltr'><strong>ferebatur,</strong></span> <span class='ocrx_word' id='word_1_20' title='bbox 928 315 1235 370; x_wconf 79' lang='lat' dir='ltr'><em>Corbulonis</em></span> <span class='ocrx_word' id='word_1_21' title='bbox 1256 338 1259 339; x_wconf 43' lang='lat'><em>⁷</em></span> <span class='ocrx_word' id='word_1_22' title='bbox 1283 315 1496 368; x_wconf 79' lang='lat' dir='ltr'><strong>virtutes</strong></span> <span class='ocrx_word' id='word_1_23' title='bbox 1547 317 1863 369; x_wconf 59' lang='lat' dir='ltr'><strong>criminatu&amp;</strong></span> <span class='ocrx_word' id='word_1_24' title='bbox 1900 311 1992 349; x_wconf 77' lang='lat'><strong>823.</strong></span> 
     </span>
     <span class='ocr_line' id='line_1_4' title="bbox 63 363 2002 458; baseline -0.002 -16"><span class='ocrx_word' id='word_1_25' title='bbox 63 390 225 453; x_wconf 85' lang='lat' dir='ltr'><strong>unde,</strong></span> <span class='ocrx_word' id='word_1_26' title='bbox 249 388 442 441; x_wconf 86' lang='lat' dir='ltr'>infami</span> <span class='ocrx_word' id='word_1_27' title='bbox 471 389 648 457; x_wconf 85' lang='lat' dir='ltr'><strong>gratia</strong></span> <span class='ocrx_word' id='word_1_28' title='bbox 673 388 907 458; x_wconf 85' lang='lat' dir='ltr'><strong>primum</strong></span> <span class='ocrx_word' id='word_1_29' title='bbox 938 388 1107 457; x_wconf 87' lang='lat' dir='ltr'><strong>pilum</strong></span> <span class='ocrx_word' id='word_1_30' title='bbox 1134 388 1353 458; x_wconf 78' lang='lat' dir='ltr'><strong>adepte,</strong></span> <span class='ocrx_word' id='word_1_31' title='bbox 1381 387 1508 438; x_wconf 80' lang='lat' dir='ltr'><strong>laeta</strong></span> <span class='ocrx_word' id='word_1_32' title='bbox 1534 387 1600 438; x_wconf 88' lang='lat' dir='ltr'><strong>ad</strong></span> <span class='ocrx_word' id='word_1_33' title='bbox 1627 405 1864 456; x_wconf 80' lang='lat' dir='ltr'><strong>praesens</strong></span> <span class='ocrx_word' id='word_1_34' title='bbox 1879 363 2002 458; x_wconf 46' lang='lat' dir='ltr'><strong>Aine.</strong></span> 
     </span>
     <span class='ocr_line' id='line_1_5' title="bbox 59 457 1866 529; baseline -0.001 -17"><span class='ocrx_word' id='word_1_35' title='bbox 59 459 201 512; x_wconf 77' lang='lat' dir='ltr'><strong>male</strong></span> <span class='ocrx_word' id='word_1_36' title='bbox 227 471 399 529; x_wconf 85' lang='lat' dir='ltr'><strong>parta,</strong></span> <span class='ocrx_word' id='word_1_37' title='bbox 426 476 557 510; x_wconf 84' lang='lat' dir='ltr'><strong>mox</strong></span> <span class='ocrx_word' id='word_1_38' title='bbox 581 459 634 510; x_wconf 88' lang='lat' dir='ltr'><strong>in</strong></span> <span class='ocrx_word' id='word_1_39' title='bbox 667 458 960 528; x_wconf 85' lang='lat' dir='ltr'><strong>perniciem</strong></span> <span class='ocrx_word' id='word_1_40' title='bbox 988 469 1213 510; x_wconf 87' lang='lat' dir='ltr'><strong>vertere.</strong></span> <span class='ocrx_word' id='word_1_41' title='bbox 1289 457 1397 509; x_wconf 85' lang='lat' dir='ltr'><strong>Sed</strong></span> <span class='ocrx_word' id='word_1_42' title='bbox 1426 457 1642 508; x_wconf 86' lang='lat' dir='ltr'><strong>Primus</strong></span> <span class='ocrx_word' id='word_1_43' title='bbox 1666 475 1729 508; x_wconf 90' lang='lat' dir='ltr'><strong>ac</strong></span> <span class='ocrx_word' id='word_1_44' title='bbox 1754 459 1866 510; x_wconf 89' lang='lat' dir='ltr'><strong>Va—</strong></span> 
     </span>
     <span class='ocr_line' id='line_1_6' title="bbox 59 526 1869 600; baseline 0 -20"><span class='ocrx_word' id='word_1_45' title='bbox 59 547 171 594; x_wconf 74' lang='lat' dir='ltr'><strong>ruS,</strong></span> <span class='ocrx_word' id='word_1_46' title='bbox 196 541 527 600; x_wconf 83' lang='lat' dir='ltr'><strong>occupantes</strong></span> <span class='ocrx_word' id='word_1_47' title='bbox 552 527 822 599; x_wconf 86' lang='lat' dir='ltr'><strong>Aquileiae</strong></span> <span class='ocrx_word' id='word_1_48' title='bbox 851 529 1101 599; x_wconf 85' lang='lat' dir='ltr'><strong>proxima</strong></span> <span class='ocrx_word' id='word_1_49' title='bbox 1136 546 1385 599; x_wconf 67' lang='lat' dir='ltr'><strong>quaeque,</strong></span> <span class='ocrx_word' id='word_1_50' title='bbox 1423 539 1478 579; x_wconf 91' lang='lat' dir='ltr'><strong>et</strong></span> <span class='ocrx_word' id='word_1_51' title='bbox 1507 526 1783 597; x_wconf 82' lang='lat' dir='ltr'>Opitergii</span> <span class='ocrx_word' id='word_1_52' title='bbox 1810 539 1869 580; x_wconf 92' lang='lat' dir='ltr'><strong>et</strong></span> 
     </span>
     <span class='ocr_line' id='line_1_7' title="bbox 57 598 1867 669; baseline -0.001 -17"><span class='ocrx_word' id='word_1_53' title='bbox 57 599 234 652; x_wconf 81' lang='lat' dir='ltr'>Altini</span> <span class='ocrx_word' id='word_1_54' title='bbox 261 601 401 654; x_wconf 83' lang='lat' dir='ltr'><strong>laetis</strong></span> <span class='ocrx_word' id='word_1_55' title='bbox 438 600 632 652; x_wconf 84' lang='lat' dir='ltr'><strong>animis</strong></span> <span class='ocrx_word' id='word_1_56' title='bbox 666 599 1026 669; x_wconf 87' lang='lat' dir='ltr'><strong>accipiuntur.</strong></span> <span class='ocrx_word' id='word_1_57' title='bbox 1066 600 1315 654; x_wconf 85' lang='lat' dir='ltr'><strong>relietum</strong></span> <span class='ocrx_word' id='word_1_58' title='bbox 1344 598 1519 651; x_wconf 88' lang='lat' dir='ltr'>Altini</span> <span class='ocrx_word' id='word_1_59' title='bbox 1550 598 1867 668; x_wconf 79' lang='lat' dir='ltr'><strong>praesidium</strong></span> 
     </span>
     <span class='ocr_line' id='line_1_8' title="bbox 58 668 1868 738; baseline -0.002 -16"><span class='ocrx_word' id='word_1_60' title='bbox 58 670 315 723; x_wconf 87' lang='lat' dir='ltr'><strong>adversus</strong></span> <span class='ocrx_word' id='word_1_61' title='bbox 339 672 566 724; x_wconf 78' lang='lat' dir='ltr'><strong>classem</strong></span> <span class='ocrx_word' id='word_1_62' title='bbox 594 669 989 734; x_wconf 85' lang='lat' dir='ltr'><strong>Ravennatem,</strong></span> <span class='ocrx_word' id='word_1_63' title='bbox 1004 671 1259 723; x_wconf 73' lang='lat' dir='ltr'><strong>nondum</strong></span> <span class='ocrx_word' id='word_1_64' title='bbox 1286 669 1596 722; x_wconf 87' lang='lat' dir='ltr'><strong>defectione</strong></span> <span class='ocrx_word' id='word_1_65' title='bbox 1623 668 1740 738; x_wconf 87' lang='lat' dir='ltr'><strong>ejus</strong></span> <span class='ocrx_word' id='word_1_66' title='bbox 1769 687 1868 720; x_wconf 89' lang='lat' dir='ltr'><strong>au-</strong></span> 
     </span>
     <span class='ocr_line' id='line_1_9' title="bbox 57 739 1867 811; baseline 0 -19"><span class='ocrx_word' id='word_1_67' title='bbox 57 741 217 794; x_wconf 39' lang='lat' dir='ltr'><strong>dita..</strong></span> <span class='ocrx_word' id='word_1_68' title='bbox 239 742 367 794; x_wconf 88' lang='lat' dir='ltr'><strong>inde</strong></span> <span class='ocrx_word' id='word_1_69' title='bbox 407 740 696 794; x_wconf 83' lang='lat' dir='ltr'><strong>Patavium</strong></span> <span class='ocrx_word' id='word_1_70' title='bbox 742 751 798 792; x_wconf 89' lang='lat' dir='ltr'><strong>et</strong></span> <span class='ocrx_word' id='word_1_71' title='bbox 841 740 1032 793; x_wconf 84' lang='lat' dir='ltr'><strong>Ateste</strong></span> <span class='ocrx_word' id='word_1_72' title='bbox 1085 742 1329 811; x_wconf 90' lang='lat' dir='ltr'><strong>partibus</strong></span> <span class='ocrx_word' id='word_1_73' title='bbox 1383 741 1702 809; x_wconf 79' lang='lat' dir='ltr'><strong>adjunxere.</strong></span> <span class='ocrx_word' id='word_1_74' title='bbox 1754 739 1867 792; x_wconf 88' lang='lat' dir='ltr'><strong>illic</strong></span> 
     </span>
     <span class='ocr_line' id='line_1_10' title="bbox 58 809 1868 882; baseline -0.002 -18"><span class='ocrx_word' id='word_1_75' title='bbox 58 812 496 882; x_wconf 76' lang='lat' dir='ltr'><strong>cognitum,.tris</strong></span> <span class='ocrx_word' id='word_1_76' title='bbox 539 809 843 862; x_wconf 76' lang='lat' dir='ltr'><strong>Vitellianas</strong></span> <span class='ocrx_word' id='word_1_77' title='bbox 883 811 1107 863; x_wconf 77' lang='lat' dir='ltr'><strong>cohortes</strong></span> <span class='ocrx_word' id='word_1_78' title='bbox 1155 821 1203 864; x_wconf 79' lang='lat' dir='ltr'><strong>et</strong></span> <span class='ocrx_word' id='word_1_79' title='bbox 1241 811 1397 875; x_wconf 82' lang='lat' dir='ltr'><strong>alam,</strong></span> <span class='ocrx_word' id='word_1_80' title='bbox 1436 811 1519 862; x_wconf 83' lang='lat' dir='ltr'><strong>cui</strong></span> <span class='ocrx_word' id='word_1_81' title='bbox 1563 809 1868 862; x_wconf 81' lang='lat' dir='ltr'><strong>Sebonianae</strong></span> 
     </span>
     <span class='ocr_line' id='line_1_11' title="bbox 56 880 1867 952; baseline -0.001 -18"><span class='ocrx_word' id='word_1_82' title='bbox 56 900 252 947; x_wconf 70' lang='lat' dir='ltr'><strong>nomen,</strong></span> <span class='ocrx_word' id='word_1_83' title='bbox 272 881 350 934; x_wconf 69' lang='lat' dir='ltr'><strong>ad2</strong></span> <span class='ocrx_word' id='word_1_84' title='bbox 365 881 557 933; x_wconf 84' lang='lat' dir='ltr'><strong>Forum</strong></span> <span class='ocrx_word' id='word_1_85' title='bbox 579 880 798 946; x_wconf 53' lang='lat' dir='ltr'><strong>Alliem,</strong></span> <span class='ocrx_word' id='word_1_86' title='bbox 817 891 972 949; x_wconf 79' lang='lat' dir='ltr'><strong>ponte</strong></span> <span class='ocrx_word' id='word_1_87' title='bbox 981 884 1191 952; x_wconf 81' lang='lat' dir='ltr'><strong>juncto,</strong></span> <span class='ocrx_word' id='word_1_88' title='bbox 1224 880 1510 934; x_wconf 77' lang='lat' dir='ltr'><strong>consedisse.</strong></span> <span class='ocrx_word' id='word_1_89' title='bbox 1542 881 1748 951; x_wconf 86' lang='lat' dir='ltr'>placuit</span> <span class='ocrx_word' id='word_1_90' title='bbox 1773 899 1867 933; x_wconf 90' lang='lat' dir='ltr'><strong>oc-</strong></span> 
     </span>
    </p>
   </div>
   <div class='ocr_carea' id='block_1_3' title="bbox 54 943 1864 1023">
    <p class='ocr_par' dir='ltr' id='par_1_3' title="bbox 54 943 1864 1023">
     <span class='ocr_line' id='line_1_12' title="bbox 54 943 1864 1023; baseline -0.001 -18"><span class='ocrx_word' id='word_1_91' title='bbox 54 943 202 1005; x_wconf 82' lang='lat' dir='ltr'><strong>casio</strong></span> <span class='ocrx_word' id='word_1_92' title='bbox 238 953 528 1005; x_wconf 87' lang='lat' dir='ltr'><strong>invadendi</strong></span> <span class='ocrx_word' id='word_1_93' title='bbox 567 952 901 1005; x_wconf 86' lang='lat' dir='ltr'><strong>incuriosos:</strong></span> <span class='ocrx_word' id='word_1_94' title='bbox 948 971 1074 1004; x_wconf 86' lang='lat' dir='ltr'><strong>nam</strong></span> <span class='ocrx_word' id='word_1_95' title='bbox 1124 953 1176 1005; x_wconf 88' lang='lat' dir='ltr'><strong>id</strong></span> <span class='ocrx_word' id='word_1_96' title='bbox 1218 970 1437 1023; x_wconf 87' lang='lat' dir='ltr'><strong>quoque</strong></span> <span class='ocrx_word' id='word_1_97' title='bbox 1488 952 1864 1004; x_wconf 83' lang='lat' dir='ltr'>nuntiabatur.</span> 
     </span>
    </p>
   </div>
   <div class='ocr_carea' id='block_1_4' title="bbox 53 1022 1330 1096">
    <p class='ocr_par' dir='ltr' id='par_1_4' title="bbox 53 1022 1330 1096">
     <span class='ocr_line' id='line_1_13' title="bbox 53 1022 1330 1096; baseline 0 -20"><span class='ocrx_word' id='word_1_98' title='bbox 53 1022 176 1076; x_wconf 87' lang='lat' dir='ltr'><strong>luce</strong></span> <span class='ocrx_word' id='word_1_99' title='bbox 210 1023 385 1096; x_wconf 73' lang='lat' dir='ltr'><strong>pri-ma</strong></span> <span class='ocrx_word' id='word_1_100' title='bbox 411 1023 647 1076; x_wconf 87' lang='lat' dir='ltr'><strong>inermos</strong></span> <span class='ocrx_word' id='word_1_101' title='bbox 684 1023 968 1096; x_wconf 87' lang='lat' dir='ltr'><strong>plerosque</strong></span> <span class='ocrx_word' id='word_1_102' title='bbox 994 1041 1330 1095; x_wconf 81' lang='lat' dir='ltr'><strong>oppressere.</strong></span> 
     </span>
    </p>
   </div>
   <div class='ocr_carea' id='block_1_5' title="bbox 36 1178 932 3534">
    <p class='ocr_par' dir='ltr' id='par_1_5' title="bbox 36 1178 932 3534">
     <span class='ocr_line' id='line_1_14' title="bbox 47 1178 927 1231; baseline -0.005 -12"><span class='ocrx_word' id='word_1_103' title='bbox 47 1192 165 1231; x_wconf 78' lang='lat' dir='ltr'><strong>quem</strong></span> <span class='ocrx_word' id='word_1_104' title='bbox 181 1180 375 1219; x_wconf 82' lang='lat' dir='ltr'><strong>foedatum</strong></span> <span class='ocrx_word' id='word_1_105' title='bbox 392 1178 565 1218; x_wconf 81' lang='lat' dir='ltr'><strong>arbitror</strong></span> <span class='ocrx_word' id='word_1_106' title='bbox 581 1190 662 1216; x_wconf 88' lang='lat' dir='ltr'><strong>non</strong></span> <span class='ocrx_word' id='word_1_107' title='bbox 677 1189 790 1216; x_wconf 86' lang='lat' dir='ltr'><strong>vane.</strong></span> <span class='ocrx_word' id='word_1_108' title='bbox 823 1179 927 1216; x_wconf 86' lang='lat' dir='ltr'><strong>Nam</strong></span> 
     </span>
     <span class='ocr_line' id='line_1_15' title="bbox 48 1233 930 1283; baseline -0.005 -11"><span class='ocrx_word' id='word_1_109' title='bbox 48 1235 186 1283; x_wconf 80' lang='lat' dir='ltr'><strong>scripti</strong></span> <span class='ocrx_word' id='word_1_110' title='bbox 208 1235 287 1272; x_wconf 80' lang='lat' dir='ltr'><strong>mei</strong></span> <span class='ocrx_word' id='word_1_111' title='bbox 313 1240 492 1271; x_wconf 75' lang='lat' dir='ltr'><strong>strenuus</strong></span> <span class='ocrx_word' id='word_1_112' title='bbox 521 1234 617 1270; x_wconf 81' lang='lat' dir='ltr'><strong>bello</strong></span> <span class='ocrx_word' id='word_1_113' title='bbox 646 1233 778 1280; x_wconf 70' lang='lat' dir='ltr'><strong>magis</strong></span> <span class='ocrx_word' id='word_1_114' title='bbox 810 1245 930 1282; x_wconf 82' lang='lat' dir='ltr'><strong>quam</strong></span> 
     </span>
     <span class='ocr_line' id='line_1_16' title="bbox 45 1285 927 1338; baseline -0.007 -12"><span class='ocrx_word' id='word_1_115' title='bbox 45 1289 193 1338; x_wconf 73' lang='lat' dir='ltr'><strong>gloria.</strong></span> <span class='ocrx_word' id='word_1_116' title='bbox 234 1294 274 1326; x_wconf 83' lang='lat' dir='ltr'><strong>et</strong></span> <span class='ocrx_word' id='word_1_117' title='bbox 311 1288 416 1325; x_wconf 68' lang='lat' dir='ltr'><strong>Dua·</strong></span> <span class='ocrx_word' id='word_1_118' title='bbox 458 1287 633 1324; x_wconf 71' lang='lat' dir='ltr'><strong>Corbulo.</strong></span> <span class='ocrx_word' id='word_1_119' title='bbox 687 1285 927 1322; x_wconf 85' lang='lat' dir='ltr'><strong>Divinabam</strong></span> 
     </span>
     <span class='ocr_line' id='line_1_17' title="bbox 49 1340 931 1389; baseline -0.003 -10"><span class='ocrx_word' id='word_1_120' title='bbox 49 1342 160 1388; x_wconf 87' lang='lat' dir='ltr'><strong>olim,</strong></span> <span class='ocrx_word' id='word_1_121' title='bbox 184 1347 365 1380; x_wconf 74' lang='lat' dir='ltr'><strong>strenuus</strong></span> <span class='ocrx_word' id='word_1_122' title='bbox 393 1341 509 1385; x_wconf 69' lang='lat' dir='ltr'><strong>hello,</strong></span> <span class='ocrx_word' id='word_1_123' title='bbox 544 1350 662 1389; x_wconf 81' lang='lat' dir='ltr'><strong>quam</strong></span> <span class='ocrx_word' id='word_1_124' title='bbox 694 1340 829 1387; x_wconf 78' lang='lat' dir='ltr'><strong>gloria</strong></span> <span class='ocrx_word' id='word_1_125' title='bbox 845 1352 857 1374; x_wconf 80' lang='lat'><strong>.-</strong></span> <span class='ocrx_word' id='word_1_126' title='bbox 893 1340 931 1376; x_wconf 81' lang='grc' dir='ltr'><strong>εἰ</strong></span> 
     </span>
     <span class='ocr_line' id='line_1_18' title="bbox 47 1393 930 1443; baseline -0.008 -8"><span class='ocrx_word' id='word_1_127' title='bbox 47 1397 152 1434; x_wconf 64' lang='lat' dir='ltr'><strong>Due</strong></span> <span class='ocrx_word' id='word_1_128' title='bbox 183 1393 344 1434; x_wconf 71' lang='lat' dir='ltr'><strong>Corbulo</strong></span> <span class='ocrx_word' id='word_1_129' title='bbox 370 1400 409 1431; x_wconf 81' lang='lat' dir='ltr'><strong>et</strong></span> <span class='ocrx_word' id='word_1_130' title='bbox 435 1404 630 1443; x_wconf 66' lang='lat' dir='ltr'><strong>prospera·</strong></span> <span class='ocrx_word' id='word_1_131' title='bbox 661 1394 706 1430; x_wconf 77' lang='lat' dir='ltr'><strong>iu</strong></span> <span class='ocrx_word' id='word_1_132' title='bbox 738 1393 930 1429; x_wconf 75' lang='lat' dir='ltr'><strong>Amenia</strong></span> 
     </span>
     <span class='ocr_line' id='line_1_19' title="bbox 47 1446 928 1495; baseline -0.007 -7"><span class='ocrx_word' id='word_1_133' title='bbox 47 1462 121 1488; x_wconf 77' lang='lat' dir='ltr'><strong>ree.</strong></span> <span class='ocrx_word' id='word_1_134' title='bbox 165 1448 323 1486; x_wconf 67' lang='lat' dir='ltr'><strong>omissa</strong></span> <span class='ocrx_word' id='word_1_135' title='bbox 356 1457 466 1493; x_wconf 84' lang='lat' dir='ltr'><strong>voce,</strong></span> <span class='ocrx_word' id='word_1_136' title='bbox 515 1446 762 1491; x_wconf 73' lang='lat' dir='ltr'><strong>addiderant,</strong></span> <span class='ocrx_word' id='word_1_137' title='bbox 811 1456 928 1495; x_wconf 83' lang='lat' dir='ltr'><strong>quam</strong></span> 
     </span>
     <span class='ocr_line' id='line_1_20' title="bbox 44 1499 928 1548; baseline -0.007 -7"><span class='ocrx_word' id='word_1_138' title='bbox 44 1503 220 1542; x_wconf 77' lang='lat' dir='ltr'><strong>additam</strong></span> <span class='ocrx_word' id='word_1_139' title='bbox 243 1499 452 1539; x_wconf 73' lang='lat' dir='ltr'><strong>censebam</strong></span> <span class='ocrx_word' id='word_1_140' title='bbox 479 1511 505 1536; x_wconf 87' lang='lat' dir='ltr'><strong>a</strong></span> <span class='ocrx_word' id='word_1_141' title='bbox 529 1499 812 1548; x_wconf 83' lang='lat' dir='ltr'><strong>glossographo</strong></span> <span class='ocrx_word' id='word_1_142' title='bbox 838 1510 928 1536; x_wconf 86' lang='lat' dir='ltr'><strong>sen-</strong></span> 
     </span>
     <span class='ocr_line' id='line_1_21' title="bbox 46 1553 932 1601; baseline -0.006 -7"><span class='ocrx_word' id='word_1_143' title='bbox 46 1556 184 1594; x_wconf 71' lang='lat' dir='ltr'><strong>tentiae</strong></span> <span class='ocrx_word' id='word_1_144' title='bbox 222 1554 440 1595; x_wconf 77' lang='lat' dir='ltr'><strong>fulciendae.</strong></span> <span class='ocrx_word' id='word_1_145' title='bbox 499 1555 635 1591; x_wconf 81' lang='lat' dir='ltr'><strong>Genus</strong></span> <span class='ocrx_word' id='word_1_146' title='bbox 664 1553 822 1601; x_wconf 83' lang='lat' dir='ltr'><strong>quidem</strong></span> <span class='ocrx_word' id='word_1_147' title='bbox 857 1553 932 1590; x_wconf 85' lang='lat' dir='ltr'><strong>hoc</strong></span> 
     </span>
     <span class='ocr_line' id='line_1_22' title="bbox 48 1606 930 1660; baseline -0.006 -12"><span class='ocrx_word' id='word_1_148' title='bbox 48 1609 234 1660; x_wconf 85' lang='lat' dir='ltr'><strong>loquendi</strong></span> <span class='ocrx_word' id='word_1_149' title='bbox 260 1619 333 1658; x_wconf 78' lang='lat' dir='ltr'><strong>per</strong></span> <span class='ocrx_word' id='word_1_150' title='bbox 354 1607 496 1646; x_wconf 83' lang='lat' dir='ltr'><strong>Tacito</strong></span> <span class='ocrx_word' id='word_1_151' title='bbox 521 1606 717 1644; x_wconf 82' lang='lat' dir='ltr'><strong>crebrum.</strong></span> <span class='ocrx_word' id='word_1_152' title='bbox 737 1607 788 1644; x_wconf 88' lang='lat' dir='ltr'><strong>A.</strong></span> <span class='ocrx_word' id='word_1_153' title='bbox 805 1611 846 1652; x_wconf 84' lang='grc'><strong>4,</strong></span> <span class='ocrx_word' id='word_1_154' title='bbox 863 1609 930 1644; x_wconf 87' lang='grc'><strong>61.</strong></span> 
     </span>
     <span class='ocr_line' id='line_1_23' title="bbox 47 1661 930 1714; baseline -0.007 -12"><span class='ocrx_word' id='word_1_155' title='bbox 47 1665 236 1714; x_wconf 73' lang='lat' dir='ltr'><strong>Agrippa</strong></span> <span class='ocrx_word' id='word_1_156' title='bbox 251 1663 371 1701; x_wconf 72' lang='lat' dir='ltr'><strong>elaris</strong></span> <span class='ocrx_word' id='word_1_157' title='bbox 384 1661 610 1711; x_wconf 76' lang='lat' dir='ltr'><strong>majoribus,</strong></span> <span class='ocrx_word' id='word_1_158' title='bbox 623 1672 742 1711; x_wconf 84' lang='lat' dir='ltr'><strong>quam</strong></span> <span class='ocrx_word' id='word_1_159' title='bbox 759 1661 930 1699; x_wconf 57' lang='lat' dir='ltr'><strong>vetustas.</strong></span> 
     </span>
     <span class='ocr_line' id='line_1_24' title="bbox 45 1713 931 1764; baseline -0.007 -8"><span class='ocrx_word' id='word_1_160' title='bbox 45 1717 97 1756; x_wconf 83' lang='lat' dir='ltr'><strong>A.</strong></span> <span class='ocrx_word' id='word_1_161' title='bbox 132 1722 170 1763; x_wconf 87' lang='lat' dir='ltr'><strong>l,</strong></span> <span class='ocrx_word' id='word_1_162' title='bbox 197 1717 264 1755; x_wconf 84' lang='lat'><strong>58.</strong></span> <span class='ocrx_word' id='word_1_163' title='bbox 302 1715 449 1754; x_wconf 80' lang='lat' dir='ltr'><strong>Pacem</strong></span> <span class='ocrx_word' id='word_1_164' title='bbox 477 1727 595 1764; x_wconf 78' lang='lat' dir='ltr'><strong>quam</strong></span> <span class='ocrx_word' id='word_1_165' title='bbox 625 1714 763 1751; x_wconf 77' lang='lat' dir='ltr'><strong>bellum</strong></span> <span class='ocrx_word' id='word_1_166' title='bbox 788 1713 931 1762; x_wconf 76' lang='lat' dir='ltr'><strong>proba-</strong></span> 
     </span>
     <span class='ocr_line' id='line_1_25' title="bbox 48 1767 931 1818; baseline -0.007 -9"><span class='ocrx_word' id='word_1_167' title='bbox 48 1772 162 1809; x_wconf 76' lang='lat' dir='ltr'><strong>bam.-</strong></span> <span class='ocrx_word' id='word_1_168' title='bbox 188 1773 231 1808; x_wconf 87' lang='lat' dir='ltr'><strong>et</strong></span> <span class='ocrx_word' id='word_1_169' title='bbox 242 1769 396 1818; x_wconf 75' lang='lat' dir='ltr'><strong>saepius.</strong></span> <span class='ocrx_word' id='word_1_170' title='bbox 443 1768 609 1807; x_wconf 83' lang='lat' dir='ltr'><strong>Plautus</strong></span> <span class='ocrx_word' id='word_1_171' title='bbox 627 1767 710 1816; x_wconf 84' lang='lat' dir='ltr'><strong>ipse</strong></span> <span class='ocrx_word' id='word_1_172' title='bbox 728 1778 808 1804; x_wconf 88' lang='lat' dir='ltr'><strong>non</strong></span> <span class='ocrx_word' id='word_1_173' title='bbox 824 1767 931 1803; x_wconf 88' lang='lat' dir='ltr'><strong>refu-</strong></span> 
     </span>
     <span class='ocr_line' id='line_1_26' title="bbox 45 1821 931 1874; baseline -0.007 -11"><span class='ocrx_word' id='word_1_174' title='bbox 45 1827 122 1874; x_wconf 82' lang='lat' dir='ltr'><strong>git,</strong></span> <span class='ocrx_word' id='word_1_175' title='bbox 139 1825 325 1862; x_wconf 82' lang='lat' dir='ltr'><strong>Rudente</strong></span> <span class='ocrx_word' id='word_1_176' title='bbox 348 1827 390 1868; x_wconf 81' lang='lat'><strong>4,</strong></span> <span class='ocrx_word' id='word_1_177' title='bbox 409 1827 452 1868; x_wconf 80' lang='lat'><strong>4,</strong></span> <span class='ocrx_word' id='word_1_178' title='bbox 469 1827 535 1862; x_wconf 90' lang='grc'><strong>70.</strong></span> <span class='ocrx_word' id='word_1_179' title='bbox 577 1821 643 1859; x_wconf 85' lang='grc' dir='ltr'><strong>Εο</strong></span> <span class='ocrx_word' id='word_1_180' title='bbox 670 1826 816 1866; x_wconf 73' lang='lat' dir='ltr'><strong>tacent,</strong></span> <span class='ocrx_word' id='word_1_181' title='bbox 836 1822 931 1871; x_wconf 83' lang='lat' dir='ltr'><strong>quia</strong></span> 
     </span>
     <span class='ocr_line' id='line_1_27' title="bbox 45 1875 932 1924; baseline -0.008 -7"><span class='ocrx_word' id='word_1_182' title='bbox 45 1880 171 1917; x_wconf 71' lang='lat' dir='ltr'><strong>tacita</strong></span> <span class='ocrx_word' id='word_1_183' title='bbox 197 1878 295 1915; x_wconf 75' lang='lat' dir='ltr'><strong>bona</strong></span> <span class='ocrx_word' id='word_1_184' title='bbox 309 1882 367 1915; x_wconf 75' lang='lat' dir='ltr'><strong>esc</strong></span> <span class='ocrx_word' id='word_1_185' title='bbox 392 1877 533 1914; x_wconf 78' lang='lat' dir='ltr'><strong>mulier</strong></span> <span class='ocrx_word' id='word_1_186' title='bbox 552 1886 714 1924; x_wconf 68' lang='lat' dir='ltr'><strong>semper,</strong></span> <span class='ocrx_word' id='word_1_187' title='bbox 729 1887 849 1924; x_wconf 80' lang='lat' dir='ltr'><strong>quam</strong></span> <span class='ocrx_word' id='word_1_188' title='bbox 875 1875 932 1911; x_wconf 80' lang='grc' dir='ltr'><strong>ιο-</strong></span> 
     </span>
     <span class='ocr_line' id='line_1_28' title="bbox 46 1929 927 1983; baseline -0.005 -13"><span class='ocrx_word' id='word_1_189' title='bbox 46 1943 176 1983; x_wconf 78' lang='lat' dir='ltr'><strong>quens.</strong></span> <span class='ocrx_word' id='word_1_190' title='bbox 228 1932 380 1970; x_wconf 81' lang='lat' dir='ltr'><strong>Iterum</strong></span> <span class='ocrx_word' id='word_1_191' title='bbox 421 1929 672 1967; x_wconf 84' lang='lat' dir='ltr'><strong>Menaechmis</strong></span> <span class='ocrx_word' id='word_1_192' title='bbox 708 1932 748 1973; x_wconf 91' lang='lat'><strong>5,</strong></span> <span class='ocrx_word' id='word_1_193' title='bbox 789 1933 826 1973; x_wconf 88' lang='lat'><strong>1,</strong></span> <span class='ocrx_word' id='word_1_194' title='bbox 861 1930 927 1966; x_wconf 77' lang='lat'><strong>26.</strong></span> 
     </span>
     <span class='ocr_line' id='line_1_29' title="bbox 51 1985 930 2032; baseline -0.008 -9"><span class='ocrx_word' id='word_1_195' title='bbox 51 1987 160 2032; x_wconf 72' lang='lat' dir='ltr'><strong>Quin</strong></span> <span class='ocrx_word' id='word_1_196' title='bbox 174 1985 296 2022; x_wconf 72' lang='lat' dir='ltr'><strong>vidua</strong></span> <span class='ocrx_word' id='word_1_197' title='bbox 309 1985 455 2029; x_wconf 70' lang='lat' dir='ltr'><strong>vivum,</strong></span> <span class='ocrx_word' id='word_1_198' title='bbox 471 1995 589 2032; x_wconf 83' lang='lat' dir='ltr'><strong>quam</strong></span> <span class='ocrx_word' id='word_1_199' title='bbox 605 1988 691 2018; x_wconf 80' lang='lat' dir='ltr'><strong>tuos</strong></span> <span class='ocrx_word' id='word_1_200' title='bbox 707 1992 831 2019; x_wconf 84' lang='lat' dir='ltr'><strong>mores</strong></span> <span class='ocrx_word' id='word_1_201' title='bbox 840 1994 930 2030; x_wconf 79' lang='lat' dir='ltr'><strong>per-</strong></span> 
     </span>
     <span class='ocr_line' id='line_1_30' title="bbox 36 2035 924 2089; baseline -0.006 -12"><span class='ocrx_word' id='word_1_202' title='bbox 36 2040 186 2089; x_wconf 80' lang='lat' dir='ltr'><strong>feram.</strong></span> <span class='ocrx_word' id='word_1_203' title='bbox 211 2038 296 2075; x_wconf 85' lang='lat' dir='ltr'><strong>Nec</strong></span> <span class='ocrx_word' id='word_1_204' title='bbox 308 2037 522 2086; x_wconf 76' lang='lat' dir='ltr'><strong>quidquam</strong></span> <span class='ocrx_word' id='word_1_205' title='bbox 538 2036 582 2073; x_wconf 89' lang='lat' dir='ltr'><strong>in</strong></span> <span class='ocrx_word' id='word_1_206' title='bbox 598 2035 659 2072; x_wconf 90' lang='lat' dir='ltr'><strong>his</strong></span> <span class='ocrx_word' id='word_1_207' title='bbox 675 2035 924 2072; x_wconf 84' lang='lat' dir='ltr'><strong>mutandum.</strong></span> 
     </span>
     <span class='ocr_line' id='line_1_31' title="bbox 45 2089 926 2140; baseline -0.007 -9"><span class='ocrx_word' id='word_1_208' title='bbox 45 2092 283 2140; x_wconf 79' lang='lat' dir='ltr'><strong>intelligitur</strong></span> <span class='ocrx_word' id='word_1_209' title='bbox 295 2092 400 2128; x_wconf 83' lang='lat' dir='ltr'><strong>enim</strong></span> <span class='ocrx_word' id='word_1_210' title='bbox 412 2090 554 2138; x_wconf 86' lang='lat' dir='ltr'><strong>magis,</strong></span> <span class='ocrx_word' id='word_1_211' title='bbox 567 2090 699 2138; x_wconf 86' lang='lat' dir='ltr'><strong>potius</strong></span> <span class='ocrx_word' id='word_1_212' title='bbox 714 2101 724 2125; x_wconf 71' lang='grc' dir='ltr'><strong>ε</strong></span> <span class='ocrx_word' id='word_1_213' title='bbox 744 2089 806 2125; x_wconf 89' lang='lat' dir='ltr'><strong>uti</strong></span> <span class='ocrx_word' id='word_1_214' title='bbox 820 2090 926 2125; x_wconf 84' lang='lat' dir='ltr'><strong>Grae·</strong></span> 
     </span>
     <span class='ocr_line' id='line_1_32' title="bbox 45 2142 927 2194; baseline -0.006 -11"><span class='ocrx_word' id='word_1_215' title='bbox 45 2148 100 2183; x_wconf 89' lang='lat' dir='ltr'><strong>cis</strong></span> <span class='ocrx_word' id='word_1_216' title='bbox 129 2146 268 2183; x_wconf 84' lang='lat' dir='ltr'><strong>crebro</strong></span> <span class='ocrx_word' id='word_1_217' title='bbox 295 2145 339 2183; x_wconf 71' lang='grc' dir='ltr'><strong>τὸ</strong></span> <span class='ocrx_word' id='word_1_218' title='bbox 367 2145 530 2194; x_wconf 71' lang='grc' dir='ltr'><strong>μᾶλλον.</strong></span> <span class='ocrx_word' id='word_1_219' title='bbox 585 2143 734 2180; x_wconf 81' lang='lat' dir='ltr'><strong>lterum</strong></span> <span class='ocrx_word' id='word_1_220' title='bbox 763 2142 927 2179; x_wconf 84' lang='lat' dir='ltr'><strong>Plautus</strong></span> 
     </span>
     <span class='ocr_line' id='line_1_33' title="bbox 44 2197 928 2246; baseline -0.007 -8"><span class='ocrx_word' id='word_1_221' title='bbox 44 2200 151 2238; x_wconf 81' lang='lat' dir='ltr'><strong>Rud.</strong></span> <span class='ocrx_word' id='word_1_222' title='bbox 172 2205 214 2245; x_wconf 81' lang='lat'><strong>3,</strong></span> <span class='ocrx_word' id='word_1_223' title='bbox 233 2205 275 2246; x_wconf 83' lang='lat'><strong>3,</strong></span> <span class='ocrx_word' id='word_1_224' title='bbox 294 2203 359 2236; x_wconf 77' lang='lat'><strong>22.</strong></span> <span class='ocrx_word' id='word_1_225' title='bbox 390 2199 547 2235; x_wconf 82' lang='lat' dir='ltr'><strong>Certum</strong></span> <span class='ocrx_word' id='word_1_226' title='bbox 569 2203 626 2234; x_wconf 85' lang='lat' dir='ltr'><strong>est</strong></span> <span class='ocrx_word' id='word_1_227' title='bbox 643 2197 793 2242; x_wconf 76' lang='lat' dir='ltr'><strong>moriri,</strong></span> <span class='ocrx_word' id='word_1_228' title='bbox 811 2209 928 2246; x_wconf 85' lang='lat' dir='ltr'><strong>quam</strong></span> 
     </span>
     <span class='ocr_line' id='line_1_34' title="bbox 45 2250 927 2303; baseline -0.008 -11"><span class='ocrx_word' id='word_1_229' title='bbox 45 2255 149 2292; x_wconf 75' lang='lat' dir='ltr'><strong>hune</strong></span> <span class='ocrx_word' id='word_1_230' title='bbox 154 2255 246 2303; x_wconf 81' lang='lat' dir='ltr'><strong>pati</strong></span> <span class='ocrx_word' id='word_1_231' title='bbox 261 2255 432 2290; x_wconf 74' lang='lat' dir='ltr'><strong>lenonem</strong></span> <span class='ocrx_word' id='word_1_232' title='bbox 443 2253 487 2288; x_wconf 79' lang='lat' dir='ltr'><strong>in</strong></span> <span class='ocrx_word' id='word_1_233' title='bbox 502 2251 763 2299; x_wconf 83' lang='lat' dir='ltr'><strong>megrassari.</strong></span> <span class='ocrx_word' id='word_1_234' title='bbox 792 2250 927 2287; x_wconf 85' lang='lat' dir='ltr'><strong>Livius</strong></span> 
     </span>
     <span class='ocr_line' id='line_1_35' title="bbox 46 2304 925 2356; baseline -0.007 -10"><span class='ocrx_word' id='word_1_235' title='bbox 46 2313 88 2354; x_wconf 91' lang='grc'><strong>7,</strong></span> <span class='ocrx_word' id='word_1_236' title='bbox 107 2313 144 2345; x_wconf 87' lang='grc'><strong>8.</strong></span> <span class='ocrx_word' id='word_1_237' title='bbox 171 2305 532 2356; x_wconf 48' lang='lat' dir='ltr'><strong>Metapa-,quam</strong></span> <span class='ocrx_word' id='word_1_238' title='bbox 540 2316 615 2354; x_wconf 78' lang='lat' dir='ltr'><strong>pro</strong></span> <span class='ocrx_word' id='word_1_239' title='bbox 627 2315 799 2350; x_wconf 76' lang='lat' dir='ltr'><strong>numero,</strong></span> <span class='ocrx_word' id='word_1_240' title='bbox 817 2304 925 2340; x_wconf 85' lang='lat' dir='ltr'><strong>dam-</strong></span> 
     </span>
     <span class='ocr_line' id='line_1_36' title="bbox 45 2359 926 2406; baseline -0.007 -7"><span class='ocrx_word' id='word_1_241' title='bbox 45 2373 141 2399; x_wconf 74' lang='lat' dir='ltr'><strong>num</strong></span> <span class='ocrx_word' id='word_1_242' title='bbox 157 2366 227 2398; x_wconf 72' lang='lat' dir='ltr'><strong>est.</strong></span> <span class='ocrx_word' id='word_1_243' title='bbox 274 2359 465 2398; x_wconf 79' lang='lat' dir='ltr'><strong>Laberius</strong></span> <span class='ocrx_word' id='word_1_244' title='bbox 482 2373 491 2395; x_wconf 90' lang='lat'>:</span> <span class='ocrx_word' id='word_1_245' title='bbox 525 2359 716 2396; x_wconf 70' lang='lat' dir='ltr'><strong>consistes</strong></span> <span class='ocrx_word' id='word_1_246' title='bbox 732 2369 853 2406; x_wconf 67' lang='lat' dir='ltr'><strong>aeg-re,</strong></span> <span class='ocrx_word' id='word_1_247' title='bbox 872 2363 926 2403; x_wconf 85' lang='lat' dir='ltr'><strong>et,</strong></span> 
     </span>
     <span class='ocr_line' id='line_1_37' title="bbox 44 2411 924 2466; baseline -0.006 -13"><span class='ocrx_word' id='word_1_248' title='bbox 44 2427 162 2466; x_wconf 82' lang='lat' dir='ltr'><strong>quam</strong></span> <span class='ocrx_word' id='word_1_249' title='bbox 187 2414 406 2460; x_wconf 70' lang='lat' dir='ltr'><strong>descendas,</strong></span> <span class='ocrx_word' id='word_1_250' title='bbox 423 2413 584 2450; x_wconf 77' lang='lat' dir='ltr'><strong>decides.</strong></span> <span class='ocrx_word' id='word_1_251' title='bbox 629 2411 793 2449; x_wconf 88' lang='lat' dir='ltr'><strong>Curtius</strong></span> <span class='ocrx_word' id='word_1_252' title='bbox 823 2417 864 2456; x_wconf 89' lang='lat'><strong>7,</strong></span> <span class='ocrx_word' id='word_1_253' title='bbox 884 2417 924 2451; x_wconf 87' lang='lat'><strong>7.</strong></span> 
     </span>
     <span class='ocr_line' id='line_1_38' title="bbox 46 2466 924 2516; baseline -0.008 -9"><span class='ocrx_word' id='word_1_254' title='bbox 46 2469 132 2507; x_wconf 85' lang='lat' dir='ltr'><strong>Nec</strong></span> <span class='ocrx_word' id='word_1_255' title='bbox 146 2481 208 2506; x_wconf 76' lang='lat' dir='ltr'><strong>me</strong></span> <span class='ocrx_word' id='word_1_256' title='bbox 224 2479 291 2505; x_wconf 79' lang='lat' dir='ltr'><strong>ars</strong></span> <span class='ocrx_word' id='word_1_257' title='bbox 305 2479 406 2512; x_wconf 86' lang='lat' dir='ltr'><strong>mea,</strong></span> <span class='ocrx_word' id='word_1_258' title='bbox 424 2479 542 2516; x_wconf 84' lang='lat' dir='ltr'><strong>quam</strong></span> <span class='ocrx_word' id='word_1_259' title='bbox 564 2466 814 2503; x_wconf 76' lang='lat' dir='ltr'><strong>benivolentia</strong></span> <span class='ocrx_word' id='word_1_260' title='bbox 834 2475 924 2512; x_wconf 82' lang='lat' dir='ltr'><strong>per-</strong></span> 
     </span>
     <span class='ocr_line' id='line_1_39' title="bbox 46 2519 926 2569; baseline -0.007 -9"><span class='ocrx_word' id='word_1_261' title='bbox 46 2523 192 2560; x_wconf 80' lang='lat' dir='ltr'><strong>turbat.</strong></span> <span class='ocrx_word' id='word_1_262' title='bbox 245 2521 351 2558; x_wconf 84' lang='lat' dir='ltr'><strong>Noto</strong></span> <span class='ocrx_word' id='word_1_263' title='bbox 367 2520 564 2569; x_wconf 86' lang='lat' dir='ltr'><strong>pluribus,</strong></span> <span class='ocrx_word' id='word_1_264' title='bbox 582 2523 630 2556; x_wconf 88' lang='lat' dir='ltr'><strong>ut</strong></span> <span class='ocrx_word' id='word_1_265' title='bbox 647 2519 842 2561; x_wconf 80' lang='lat' dir='ltr'><strong>illustrem</strong></span> <span class='ocrx_word' id='word_1_266' title='bbox 858 2529 926 2566; x_wconf 83' lang='lat' dir='ltr'><strong>ge-</strong></span> 
     </span>
     <span class='ocr_line' id='line_1_40' title="bbox 47 2571 927 2623; baseline -0.006 -11"><span class='ocrx_word' id='word_1_267' title='bbox 47 2587 124 2612; x_wconf 85' lang='lat' dir='ltr'><strong>nus</strong></span> <span class='ocrx_word' id='word_1_268' title='bbox 139 2574 306 2620; x_wconf 82' lang='lat' dir='ltr'><strong>dicendi,</strong></span> <span class='ocrx_word' id='word_1_269' title='bbox 324 2575 428 2623; x_wconf 89' lang='lat' dir='ltr'><strong>quod</strong></span> <span class='ocrx_word' id='word_1_270' title='bbox 443 2573 653 2611; x_wconf 84' lang='lat' dir='ltr'><strong>obscurum</strong></span> <span class='ocrx_word' id='word_1_271' title='bbox 670 2573 798 2609; x_wconf 85' lang='lat' dir='ltr'><strong>visum</strong></span> <span class='ocrx_word' id='word_1_272' title='bbox 825 2571 927 2610; x_wconf 82' lang='lat' dir='ltr'><strong>mul-</strong></span> 
     </span>
     <span class='ocr_line' id='line_1_41' title="bbox 44 2626 926 2676; baseline -0.005 -10"><span class='ocrx_word' id='word_1_273' title='bbox 44 2630 98 2666; x_wconf 87' lang='lat' dir='ltr'><strong>tis</strong></span> <span class='ocrx_word' id='word_1_274' title='bbox 116 2632 158 2666; x_wconf 90' lang='lat' dir='ltr'><strong>et</strong></span> <span class='ocrx_word' id='word_1_275' title='bbox 174 2628 216 2665; x_wconf 89' lang='lat' dir='ltr'><strong>in</strong></span> <span class='ocrx_word' id='word_1_276' title='bbox 232 2628 371 2664; x_wconf 70' lang='lat' dir='ltr'><strong>Tacito</strong></span> <span class='ocrx_word' id='word_1_277' title='bbox 387 2628 544 2665; x_wconf 81' lang='lat' dir='ltr'><strong>durum.</strong></span> <span class='ocrx_word' id='word_1_278' title='bbox 567 2626 644 2676; x_wconf 85' lang='lat' dir='ltr'><strong>(Cf.</strong></span> <span class='ocrx_word' id='word_1_279' title='bbox 667 2626 846 2662; x_wconf 84' lang='lat' dir='ltr'><strong>Perizon.</strong></span> <span class='ocrx_word' id='word_1_280' title='bbox 876 2626 926 2662; x_wconf 88' lang='lat' dir='ltr'><strong>ad</strong></span> 
     </span>
     <span class='ocr_line' id='line_1_42' title="bbox 47 2679 925 2729; baseline -0.006 -10"><span class='ocrx_word' id='word_1_281' title='bbox 47 2682 197 2719; x_wconf 81' lang='lat' dir='ltr'><strong>sanctii</strong></span> <span class='ocrx_word' id='word_1_282' title='bbox 219 2681 321 2718; x_wconf 89' lang='lat' dir='ltr'><strong>Min.</strong></span> <span class='ocrx_word' id='word_1_283' title='bbox 349 2686 390 2726; x_wconf 90' lang='lat'><strong>4,</strong></span> <span class='ocrx_word' id='word_1_284' title='bbox 407 2686 448 2725; x_wconf 89' lang='grc'><strong>7,</strong></span> <span class='ocrx_word' id='word_1_285' title='bbox 464 2681 537 2729; x_wconf 83' lang='grc'><strong>4.).</strong></span> <span class='ocrx_word' id='word_1_286' title='bbox 590 2682 645 2717; x_wconf 88' lang='lat' dir='ltr'><strong>At</strong></span> <span class='ocrx_word' id='word_1_287' title='bbox 668 2679 716 2715; x_wconf 84' lang='lat' dir='ltr'><strong>de</strong></span> <span class='ocrx_word' id='word_1_288' title='bbox 741 2679 827 2716; x_wconf 89' lang='lat' dir='ltr'><strong>loco</strong></span> <span class='ocrx_word' id='word_1_289' title='bbox 853 2679 925 2715; x_wconf 83' lang='lat' dir='ltr'><strong>hoc</strong></span> 
     </span>
     <span class='ocr_line' id='line_1_43' title="bbox 43 2733 926 2785; baseline -0.005 -13"><span class='ocrx_word' id='word_1_290' title='bbox 43 2736 131 2785; x_wconf 90' lang='lat' dir='ltr'><strong>ipso</strong></span> <span class='ocrx_word' id='word_1_291' title='bbox 153 2746 259 2772; x_wconf 88' lang='lat' dir='ltr'><strong>nunc</strong></span> <span class='ocrx_word' id='word_1_292' title='bbox 277 2735 433 2783; x_wconf 79' lang='lat' dir='ltr'><strong>quidem</strong></span> <span class='ocrx_word' id='word_1_293' title='bbox 460 2733 601 2770; x_wconf 83' lang='lat' dir='ltr'><strong>haereo.</strong></span> <span class='ocrx_word' id='word_1_294' title='bbox 654 2734 798 2770; x_wconf 86' lang='lat' dir='ltr'><strong>Parum</strong></span> <span class='ocrx_word' id='word_1_295' title='bbox 824 2737 926 2780; x_wconf 82' lang='lat' dir='ltr'><strong>aptae</strong></span> 
     </span>
     <span class='ocr_line' id='line_1_44' title="bbox 46 2787 926 2835; baseline -0.007 -8"><span class='ocrx_word' id='word_1_296' title='bbox 46 2789 251 2827; x_wconf 67' lang='lat' dir='ltr'><strong>sententiae</strong></span> <span class='ocrx_word' id='word_1_297' title='bbox 277 2788 448 2833; x_wconf 83' lang='lat' dir='ltr'><strong>videtur,</strong></span> <span class='ocrx_word' id='word_1_298' title='bbox 463 2793 643 2825; x_wconf 80' lang='lat' dir='ltr'><strong>strenuus</strong></span> <span class='ocrx_word' id='word_1_299' title='bbox 666 2787 823 2835; x_wconf 82' lang='lat' dir='ltr'><strong>gloria,-</strong></span> <span class='ocrx_word' id='word_1_300' title='bbox 854 2797 926 2822; x_wconf 91' lang='lat' dir='ltr'><strong>nec</strong></span> 
     </span>
     <span class='ocr_line' id='line_1_45' title="bbox 46 2840 926 2888; baseline -0.003 -8"><span class='ocrx_word' id='word_1_301' title='bbox 46 2842 254 2880; x_wconf 81' lang='lat' dir='ltr'><strong>antithesis</strong></span> <span class='ocrx_word' id='word_1_302' title='bbox 287 2841 406 2880; x_wconf 83' lang='lat' dir='ltr'><strong>clara.</strong></span> <span class='ocrx_word' id='word_1_303' title='bbox 461 2841 688 2888; x_wconf 84' lang='lat' dir='ltr'><strong>Rodolphus</strong></span> <span class='ocrx_word' id='word_1_304' title='bbox 717 2840 926 2877; x_wconf 84' lang='lat' dir='ltr'><strong>adnotarat</strong></span> 
     </span>
     <span class='ocr_line' id='line_1_46' title="bbox 46 2894 926 2943; baseline -0.005 -9"><span class='ocrx_word' id='word_1_305' title='bbox 46 2897 90 2934; x_wconf 88' lang='lat' dir='ltr'><strong>in</strong></span> <span class='ocrx_word' id='word_1_306' title='bbox 106 2908 179 2934; x_wconf 85' lang='lat' dir='ltr'><strong>suo</strong></span> <span class='ocrx_word' id='word_1_307' title='bbox 193 2895 339 2940; x_wconf 88' lang='lat' dir='ltr'><strong>codice,</strong></span> <span class='ocrx_word' id='word_1_308' title='bbox 354 2902 534 2935; x_wconf 75' lang='lat' dir='ltr'><strong>strenuus</strong></span> <span class='ocrx_word' id='word_1_309' title='bbox 546 2894 640 2932; x_wconf 76' lang='lat' dir='ltr'><strong>bello</strong></span> <span class='ocrx_word' id='word_1_310' title='bbox 658 2894 792 2941; x_wconf 71' lang='lat' dir='ltr'><strong>magis</strong></span> <span class='ocrx_word' id='word_1_311' title='bbox 809 2906 926 2943; x_wconf 83' lang='lat' dir='ltr'><strong>quam</strong></span> 
     </span>
     <span class='ocr_line' id='line_1_47' title="bbox 48 2947 925 3000; baseline -0.005 -12"><span class='ocrx_word' id='word_1_312' title='bbox 48 2952 181 2989; x_wconf 74' lang='lat' dir='ltr'><strong>bouus.</strong></span> <span class='ocrx_word' id='word_1_313' title='bbox 211 2949 398 3000; x_wconf 82' lang='lat' dir='ltr'><strong>(Ryckius</strong></span> <span class='ocrx_word' id='word_1_314' title='bbox 417 2948 548 2997; x_wconf 86' lang='lat' dir='ltr'><strong>potius</strong></span> <span class='ocrx_word' id='word_1_315' title='bbox 567 2947 623 2984; x_wconf 86' lang='lat' dir='ltr'><strong>ibi</strong></span> <span class='ocrx_word' id='word_1_316' title='bbox 641 2957 726 2984; x_wconf 85' lang='lat' dir='ltr'><strong>esse</strong></span> <span class='ocrx_word' id='word_1_317' title='bbox 742 2947 825 2983; x_wconf 85' lang='lat' dir='ltr'><strong>ait:</strong></span> <span class='ocrx_word' id='word_1_318' title='bbox 853 2953 925 2984; x_wconf 67' lang='grc' dir='ltr'><strong>εἰν.</strong></span> 
     </span>
     <span class='ocr_line' id='line_1_48' title="bbox 48 3000 926 3053; baseline -0.006 -12"><span class='ocrx_word' id='word_1_319' title='bbox 48 3004 81 3041; x_wconf 82' lang='grc' dir='ltr'><strong>ὀ.</strong></span> <span class='ocrx_word' id='word_1_320' title='bbox 100 3016 152 3041; x_wconf 86' lang='lat' dir='ltr'><strong>m.</strong></span> <span class='ocrx_word' id='word_1_321' title='bbox 170 3015 208 3053; x_wconf 88' lang='lat' dir='ltr'><strong>q.</strong></span> <span class='ocrx_word' id='word_1_322' title='bbox 235 3001 442 3051; x_wconf 71' lang='lat' dir='ltr'><strong>honestus.)</strong></span> <span class='ocrx_word' id='word_1_323' title='bbox 474 3003 591 3039; x_wconf 83' lang='lat' dir='ltr'><strong>Certe</strong></span> <span class='ocrx_word' id='word_1_324' title='bbox 603 3000 714 3038; x_wconf 80' lang='lat' dir='ltr'><strong>valde</strong></span> <span class='ocrx_word' id='word_1_325' title='bbox 733 3000 831 3037; x_wconf 85' lang='lat' dir='ltr'><strong>mihi</strong></span> <span class='ocrx_word' id='word_1_326' title='bbox 842 3000 926 3048; x_wconf 87' lang='lat' dir='ltr'><strong>pla-</strong></span> 
     </span>
     <span class='ocr_line' id='line_1_49' title="bbox 47 3054 926 3105; baseline -0.005 -11"><span class='ocrx_word' id='word_1_327' title='bbox 47 3060 135 3094; x_wconf 85' lang='lat' dir='ltr'><strong>ceat</strong></span> <span class='ocrx_word' id='word_1_328' title='bbox 167 3057 262 3105; x_wconf 72' lang='lat' dir='ltr'><strong>legi,</strong></span> <span class='ocrx_word' id='word_1_329' title='bbox 295 3063 475 3094; x_wconf 73' lang='lat' dir='ltr'><strong>strenuus</strong></span> <span class='ocrx_word' id='word_1_330' title='bbox 503 3056 612 3100; x_wconf 83' lang='lat' dir='ltr'><strong>bello,</strong></span> <span class='ocrx_word' id='word_1_331' title='bbox 640 3067 758 3104; x_wconf 84' lang='lat' dir='ltr'><strong>quam</strong></span> <span class='ocrx_word' id='word_1_332' title='bbox 794 3054 926 3100; x_wconf 82' lang='lat' dir='ltr'><strong>bouus,</strong></span> 
     </span>
     <span class='ocr_line' id='line_1_50' title="bbox 44 3108 928 3160; baseline -0.006 -12"><span class='ocrx_word' id='word_1_333' title='bbox 44 3111 218 3160; x_wconf 77' lang='lat' dir='ltr'><strong>gloriam</strong></span> <span class='ocrx_word' id='word_1_334' title='bbox 233 3111 272 3147; x_wconf 77' lang='lat' dir='ltr'><strong>ei</strong></span> <span class='ocrx_word' id='word_1_335' title='bbox 287 3111 390 3147; x_wconf 72' lang='lat' dir='ltr'><strong>Dua·</strong></span> <span class='ocrx_word' id='word_1_336' title='bbox 409 3110 586 3153; x_wconf 77' lang='lat' dir='ltr'><strong>Corbulo,</strong></span> <span class='ocrx_word' id='word_1_337' title='bbox 604 3115 677 3146; x_wconf 83' lang='lat' dir='ltr'><strong>etc.</strong></span> <span class='ocrx_word' id='word_1_338' title='bbox 707 3108 762 3145; x_wconf 90' lang='lat' dir='ltr'><strong>Et</strong></span> <span class='ocrx_word' id='word_1_339' title='bbox 777 3119 928 3153; x_wconf 83' lang='lat' dir='ltr'><strong>vereor,</strong></span> 
     </span>
     <span class='ocr_line' id='line_1_51' title="bbox 46 3162 929 3212; baseline -0.005 -10"><span class='ocrx_word' id='word_1_340' title='bbox 46 3165 109 3202; x_wconf 89' lang='lat' dir='ltr'><strong>uti</strong></span> <span class='ocrx_word' id='word_1_341' title='bbox 124 3163 350 3212; x_wconf 56' lang='lat' dir='ltr'><strong>lindolphus</strong></span> <span class='ocrx_word' id='word_1_342' title='bbox 366 3164 408 3201; x_wconf 91' lang='lat' dir='ltr'><strong>in</strong></span> <span class='ocrx_word' id='word_1_343' title='bbox 426 3163 528 3200; x_wconf 89' lang='lat' dir='ltr'><strong>libro</strong></span> <span class='ocrx_word' id='word_1_344' title='bbox 545 3162 679 3210; x_wconf 89' lang='lat' dir='ltr'><strong>aliquo</strong></span> <span class='ocrx_word' id='word_1_345' title='bbox 694 3162 929 3210; x_wconf 84' lang='lat' dir='ltr'><strong>reppererit,</strong></span> 
     </span>
     <span class='ocr_line' id='line_1_52' title="bbox 47 3216 927 3266; baseline -0.003 -12"><span class='ocrx_word' id='word_1_346' title='bbox 47 3228 128 3254; x_wconf 86' lang='lat' dir='ltr'><strong>non</strong></span> <span class='ocrx_word' id='word_1_347' title='bbox 145 3227 264 3255; x_wconf 85' lang='lat' dir='ltr'><strong>ausus</strong></span> <span class='ocrx_word' id='word_1_348' title='bbox 277 3217 402 3266; x_wconf 87' lang='lat' dir='ltr'><strong>sequi.</strong></span> <span class='ocrx_word' id='word_1_349' title='bbox 436 3218 548 3254; x_wconf 70' lang='lat' dir='ltr'><strong>Lu’s.</strong></span> <span class='ocrx_word' id='word_1_350' title='bbox 593 3216 711 3254; x_wconf 85' lang='lat' dir='ltr'><strong>Edidi</strong></span> <span class='ocrx_word' id='word_1_351' title='bbox 727 3221 765 3252; x_wconf 75' lang='lat' dir='ltr'><strong>et</strong></span> <span class='ocrx_word' id='word_1_352' title='bbox 783 3216 886 3252; x_wconf 71' lang='lat' dir='ltr'><strong>Dua:</strong></span> <span class='ocrx_word' id='word_1_353' title='bbox 906 3227 927 3250; x_wconf 84' lang='lat' dir='ltr'><strong>e</strong></span> 
     </span>
     <span class='ocr_line' id='line_1_53' title="bbox 46 3269 929 3314; baseline -0.002 -6"><span class='ocrx_word' id='word_1_354' title='bbox 46 3270 158 3308; x_wconf 73' lang='lat' dir='ltr'><strong>mor..</strong></span> <span class='ocrx_word' id='word_1_355' title='bbox 179 3271 312 3308; x_wconf 84' lang='lat' dir='ltr'><strong>Guelf.</strong></span> <span class='ocrx_word' id='word_1_356' title='bbox 339 3270 425 3308; x_wconf 81' lang='lat' dir='ltr'><strong>edd.</strong></span> <span class='ocrx_word' id='word_1_357' title='bbox 449 3275 546 3309; x_wconf 84' lang='lat' dir='ltr'><strong>vett.</strong></span> <span class='ocrx_word' id='word_1_358' title='bbox 575 3269 773 3314; x_wconf 83' lang='lat' dir='ltr'><strong>omnibus,</strong></span> <span class='ocrx_word' id='word_1_359' title='bbox 794 3269 860 3306; x_wconf 87' lang='lat' dir='ltr'><strong>cui</strong></span> <span class='ocrx_word' id='word_1_360' title='bbox 887 3272 929 3306; x_wconf 89' lang='lat' dir='ltr'><strong>et</strong></span> 
     </span>
     <span class='ocr_line' id='line_1_54' title="bbox 48 3322 929 3374; baseline 0 -14"><span class='ocrx_word' id='word_1_361' title='bbox 48 3324 222 3372; x_wconf 82' lang='lat' dir='ltr'><strong>Lipsiani</strong></span> <span class='ocrx_word' id='word_1_362' title='bbox 257 3324 370 3361; x_wconf 85' lang='lat' dir='ltr'><strong>MSS.</strong></span> <span class='ocrx_word' id='word_1_363' title='bbox 410 3323 468 3374; x_wconf 86' lang='lat' dir='ltr'><strong>(et</strong></span> <span class='ocrx_word' id='word_1_364' title='bbox 499 3322 620 3372; x_wconf 88' lang='lat' dir='ltr'><strong>Bud.)</strong></span> <span class='ocrx_word' id='word_1_365' title='bbox 663 3323 929 3360; x_wconf 87' lang='lat' dir='ltr'><strong>consentiunt.</strong></span> 
     </span>
     <span class='ocr_line' id='line_1_55' title="bbox 47 3376 927 3425; baseline -0.002 -11"><span class='ocrx_word' id='word_1_366' title='bbox 47 3377 124 3414; x_wconf 85' lang='lat' dir='ltr'><strong>Ed.</strong></span> <span class='ocrx_word' id='word_1_367' title='bbox 151 3387 212 3425; x_wconf 82' lang='lat' dir='ltr'><strong>pr.</strong></span> <span class='ocrx_word' id='word_1_368' title='bbox 237 3378 434 3414; x_wconf 81' lang='lat' dir='ltr'>consentit</span> <span class='ocrx_word' id='word_1_369' title='bbox 461 3378 503 3415; x_wconf 89' lang='lat' dir='ltr'><strong>in</strong></span> <span class='ocrx_word' id='word_1_370' title='bbox 530 3378 569 3414; x_wconf 91' lang='lat' dir='ltr'><strong>h.</strong></span> <span class='ocrx_word' id='word_1_371' title='bbox 596 3377 625 3413; x_wconf 93' lang='lat' dir='ltr'><strong>l.</strong></span> <span class='ocrx_word' id='word_1_372' title='bbox 652 3376 764 3414; x_wconf 78' lang='lat' dir='ltr'><strong>MSS.</strong></span> <span class='ocrx_word' id='word_1_373' title='bbox 793 3376 927 3424; x_wconf 88' lang='lat' dir='ltr'><strong>Lipsii.</strong></span> 
     </span>
     <span class='ocr_line' id='line_1_56' title="bbox 50 3430 930 3478; baseline 0 -12"><span class='ocrx_word' id='word_1_374' title='bbox 50 3431 175 3467; x_wconf 57' lang='lat' dir='ltr'><strong>Emm-</strong></span> <span class='ocrx_word' id='word_1_375' title='bbox 203 3430 372 3478; x_wconf 76' lang='lat' dir='ltr'><strong>Lipsius,</strong></span> <span class='ocrx_word' id='word_1_376' title='bbox 384 3431 569 3476; x_wconf 89' lang='lat' dir='ltr'><strong>Pichena,</strong></span> <span class='ocrx_word' id='word_1_377' title='bbox 586 3430 655 3467; x_wconf 90' lang='lat' dir='ltr'><strong>alii</strong></span> <span class='ocrx_word' id='word_1_378' title='bbox 672 3435 709 3467; x_wconf 82' lang='lat' dir='ltr'><strong>et</strong></span> <span class='ocrx_word' id='word_1_379' title='bbox 727 3434 930 3474; x_wconf 59' lang='lat' dir='ltr'><strong>mutavere</strong></span> 
     </span>
     <span class='ocr_line' id='line_1_57' title="bbox 51 3483 929 3534; baseline 0.001 -15"><span class='ocrx_word' id='word_1_380' title='bbox 51 3486 92 3519; x_wconf 87' lang='lat' dir='ltr'><strong>in</strong></span> <span class='ocrx_word' id='word_1_381' title='bbox 116 3484 166 3520; x_wconf 82' lang='grc' dir='ltr'><strong>εἰ.</strong></span> <span class='ocrx_word' id='word_1_382' title='bbox 209 3483 302 3532; x_wconf 87' lang='lat' dir='ltr'><strong>Bip.</strong></span> <span class='ocrx_word' id='word_1_383' title='bbox 327 3496 444 3534; x_wconf 84' lang='lat' dir='ltr'><strong>quam</strong></span> <span class='ocrx_word' id='word_1_384' title='bbox 468 3485 510 3521; x_wconf 88' lang='lat' dir='ltr'><strong>in</strong></span> <span class='ocrx_word' id='word_1_385' title='bbox 536 3485 614 3529; x_wconf 79' lang='lat' dir='ltr'><strong>cui,</strong></span> <span class='ocrx_word' id='word_1_386' title='bbox 637 3495 710 3532; x_wconf 88' lang='lat' dir='ltr'><strong>pro</strong></span> <span class='ocrx_word' id='word_1_387' title='bbox 736 3494 814 3530; x_wconf 82' lang='lat' dir='ltr'><strong>quo</strong></span> <span class='ocrx_word' id='word_1_388' title='bbox 837 3483 929 3525; x_wconf 79' lang='lat' dir='ltr'><strong>olim</strong></span> 
     </span>
    </p>
   </div>
   <div class='ocr_carea' id='block_1_6' title="bbox 50 3535 962 3598">
    <p class='ocr_par' dir='ltr' id='par_1_6' title="bbox 50 3535 962 3598">
     <span class='ocr_line' id='line_1_58' title="bbox 50 3535 962 3598; baseline 0.002 -25"><span class='ocrx_word' id='word_1_389' title='bbox 50 3537 240 3586; x_wconf 81' lang='lat' dir='ltr'><strong>scriptum</strong></span> <span class='ocrx_word' id='word_1_390' title='bbox 267 3535 367 3588; x_wconf 70' lang='lat' dir='ltr'><strong>quoi.</strong></span> <span class='ocrx_word' id='word_1_391' title='bbox 414 3537 517 3598; x_wconf 71' lang='lat' dir='ltr'><strong>Milli</strong></span> <span class='ocrx_word' id='word_1_392' title='bbox 535 3539 757 3589; x_wconf 78' lang='lat' dir='ltr'><strong>vulgatum,</strong></span> <span class='ocrx_word' id='word_1_393' title='bbox 785 3536 930 3578; x_wconf 80' lang='lat' dir='ltr'><strong>subau·</strong></span> <span class='ocrx_word' id='word_1_394' title='bbox 959 3587 962 3594; x_wconf 24' lang='grc' dir='ltr'><em>ι</em></span> 
     </span>
    </p>
   </div>
   <div class='ocr_carea' id='block_1_7' title="bbox 1405 1022 1866 1088">
    <p class='ocr_par' dir='ltr' id='par_1_7' title="bbox 1405 1022 1866 1088">
     <span class='ocr_line' id='line_1_59' title="bbox 1405 1022 1866 1088; baseline -0.002 -13"><span class='ocrx_word' id='word_1_395' title='bbox 1405 1022 1762 1088; x_wconf 84' lang='lat' dir='ltr'><strong>Praedictum,</strong></span> <span class='ocrx_word' id='word_1_396' title='bbox 1787 1031 1866 1088; x_wconf 77' lang='lat' dir='ltr'><strong>ut,</strong></span> 
     </span>
    </p>
   </div>
   <div class='ocr_carea' id='block_1_8' title="bbox 981 1178 1868 1283">
    <p class='ocr_par' dir='ltr' id='par_1_8' title="bbox 981 1178 1868 1283">
     <span class='ocr_line' id='line_1_60' title="bbox 981 1178 1785 1226; baseline 0.001 -10"><span class='ocrx_word' id='word_1_397' title='bbox 981 1178 1063 1216; x_wconf 85' lang='lat' dir='ltr'><strong>dito</strong></span> <span class='ocrx_word' id='word_1_398' title='bbox 1081 1180 1132 1225; x_wconf 80' lang='lat' dir='ltr'><strong>ei,</strong></span> <span class='ocrx_word' id='word_1_399' title='bbox 1149 1178 1338 1226; x_wconf 85' lang='lat' dir='ltr'><strong>majorem</strong></span> <span class='ocrx_word' id='word_1_400' title='bbox 1354 1179 1434 1217; x_wconf 85' lang='lat' dir='ltr'><strong>vim</strong></span> <span class='ocrx_word' id='word_1_401' title='bbox 1451 1178 1597 1216; x_wconf 83' lang='lat' dir='ltr'><strong>habere</strong></span> <span class='ocrx_word' id='word_1_402' title='bbox 1614 1179 1785 1217; x_wconf 85' lang='lat' dir='ltr'><strong>videtur.</strong></span> 
     </span>
     <span class='ocr_line' id='line_1_61' title="bbox 1032 1233 1868 1283; baseline 0.002 -14"><span class='ocrx_word' id='word_1_403' title='bbox 1032 1233 1292 1283; x_wconf 66' lang='lat' dir='ltr'><strong>Rumoribus}</strong></span> <span class='ocrx_word' id='word_1_404' title='bbox 1353 1234 1416 1270; x_wconf 84' lang='lat' dir='ltr'><strong>Sic</strong></span> <span class='ocrx_word' id='word_1_405' title='bbox 1455 1233 1559 1270; x_wconf 88' lang='lat' dir='ltr'><strong>Bud.</strong></span> <span class='ocrx_word' id='word_1_406' title='bbox 1596 1237 1646 1271; x_wconf 72' lang='lat' dir='ltr'><strong>,ut</strong></span> <span class='ocrx_word' id='word_1_407' title='bbox 1694 1238 1758 1278; x_wconf 81' lang='lat'><strong>15,</strong></span> <span class='ocrx_word' id='word_1_408' title='bbox 1799 1236 1868 1271; x_wconf 76' lang='lat'><strong>46.</strong></span> 
     </span>
    </p>
   </div>
   <div class='ocr_carea' id='block_1_9' title="bbox 959 1286 1870 1335">
    <p class='ocr_par' dir='ltr' id='par_1_9' title="bbox 959 1286 1870 1335">
     <span class='ocr_line' id='line_1_62' title="bbox 959 1286 1870 1335; baseline 0.001 -14"><span class='ocrx_word' id='word_1_409' title='bbox 959 1314 961 1318; x_wconf 63' lang='grc'>,</span> <span class='ocrx_word' id='word_1_410' title='bbox 979 1286 1110 1334; x_wconf 87' lang='lat' dir='ltr'>Vulgo</span> <span class='ocrx_word' id='word_1_411' title='bbox 1126 1288 1377 1331; x_wconf 75' lang='lat' dir='ltr'><strong>sermonibus,</strong></span> <span class='ocrx_word' id='word_1_412' title='bbox 1394 1287 1602 1335; x_wconf 76' lang='lat' dir='ltr'><strong>glossema.</strong></span> <span class='ocrx_word' id='word_1_413' title='bbox 1629 1287 1783 1324; x_wconf 83' lang='lat' dir='ltr'><strong>Secreto</strong></span> <span class='ocrx_word' id='word_1_414' title='bbox 1800 1298 1870 1322; x_wconf 83' lang='lat' dir='ltr'><strong>ru-</strong></span> 
     </span>
    </p>
   </div>
   <div class='ocr_carea' id='block_1_10' title="bbox 976 1341 1892 3588">
    <p class='ocr_par' dir='ltr' id='par_1_10' title="bbox 981 1341 1869 1438">
     <span class='ocr_line' id='line_1_63' title="bbox 981 1341 1869 1388; baseline 0.001 -12"><span class='ocrx_word' id='word_1_415' title='bbox 981 1341 1082 1376; x_wconf 85' lang='lat' dir='ltr'><strong>mori</strong></span> <span class='ocrx_word' id='word_1_416' title='bbox 1100 1344 1233 1376; x_wconf 87' lang='lat' dir='ltr'><strong>noster</strong></span> <span class='ocrx_word' id='word_1_417' title='bbox 1252 1341 1417 1388; x_wconf 91' lang='lat' dir='ltr'><strong>opponit</strong></span> <span class='ocrx_word' id='word_1_418' title='bbox 1434 1341 1584 1376; x_wconf 78' lang='lat' dir='ltr'><strong>clarum</strong></span> <span class='ocrx_word' id='word_1_419' title='bbox 1606 1345 1671 1386; x_wconf 84' lang='lat'><strong>15,</strong></span> <span class='ocrx_word' id='word_1_420' title='bbox 1692 1345 1758 1377; x_wconf 81' lang='lat'><strong>48.</strong></span> <span class='ocrx_word' id='word_1_421' title='bbox 1794 1341 1869 1377; x_wconf 83' lang='lat' dir='ltr'><strong>Est</strong></span> 
     </span>
     <span class='ocr_line' id='line_1_64' title="bbox 982 1393 1598 1438; baseline 0.002 -8"><span class='ocrx_word' id='word_1_422' title='bbox 982 1398 1023 1430; x_wconf 87' lang='lat' dir='ltr'><strong>et</strong></span> <span class='ocrx_word' id='word_1_423' title='bbox 1041 1393 1091 1430; x_wconf 82' lang='lat' dir='ltr'><strong>A.</strong></span> <span class='ocrx_word' id='word_1_424' title='bbox 1113 1399 1153 1438; x_wconf 72' lang='lat'><strong>2,</strong></span> <span class='ocrx_word' id='word_1_425' title='bbox 1173 1399 1240 1431; x_wconf 88' lang='lat'><strong>55.</strong></span> <span class='ocrx_word' id='word_1_426' title='bbox 1263 1395 1437 1431; x_wconf 80' lang='lat' dir='ltr'><strong>occultus</strong></span> <span class='ocrx_word' id='word_1_427' title='bbox 1454 1405 1598 1431; x_wconf 86' lang='lat' dir='ltr'><strong>rumor..</strong></span> 
     </span>
    </p>

    <p class='ocr_par' dir='ltr' id='par_1_11' title="bbox 987 1445 1869 1538">
     <span class='ocr_line' id='line_1_65' title="bbox 1040 1445 1869 1497; baseline 0.002 -15"><span class='ocrx_word' id='word_1_428' title='bbox 1040 1447 1187 1497; x_wconf 66' lang='lat' dir='ltr'><strong>Varus]</strong></span> <span class='ocrx_word' id='word_1_429' title='bbox 1239 1448 1342 1484; x_wconf 85' lang='lat' dir='ltr'><strong>Bud.</strong></span> <span class='ocrx_word' id='word_1_430' title='bbox 1391 1448 1553 1492; x_wconf 79' lang='lat' dir='ltr'><strong>Varius,</strong></span> <span class='ocrx_word' id='word_1_431' title='bbox 1598 1445 1733 1494; x_wconf 77' lang='lat' dir='ltr'><strong>paullo</strong></span> <span class='ocrx_word' id='word_1_432' title='bbox 1773 1449 1869 1484; x_wconf 83' lang='lat' dir='ltr'><strong>ante</strong></span> 
     </span>
     <span class='ocr_line' id='line_1_66' title="bbox 987 1500 1773 1538; baseline 0.001 -1"><span class='ocrx_word' id='word_1_433' title='bbox 987 1500 1151 1538; x_wconf 75' lang='lat' dir='ltr'><strong>Varrus.</strong></span> <span class='ocrx_word' id='word_1_434' title='bbox 1208 1500 1271 1538; x_wconf 86' lang='lat' dir='ltr'><strong>Sic</strong></span> <span class='ocrx_word' id='word_1_435' title='bbox 1289 1504 1330 1537; x_wconf 87' lang='lat' dir='ltr'><strong>et</strong></span> <span class='ocrx_word' id='word_1_436' title='bbox 1348 1500 1417 1538; x_wconf 86' lang='lat' dir='ltr'><strong>alii</strong></span> <span class='ocrx_word' id='word_1_437' title='bbox 1434 1500 1583 1537; x_wconf 75' lang='lat' dir='ltr'><strong>codices</strong></span> <span class='ocrx_word' id='word_1_438' title='bbox 1603 1500 1773 1538; x_wconf 84' lang='lat' dir='ltr'><strong>vatiant.</strong></span> 
     </span>
    </p>

    <p class='ocr_par' dir='ltr' id='par_1_12' title="bbox 976 1554 1892 2675">
     <span class='ocr_line' id='line_1_67' title="bbox 1016 1554 1870 1603; baseline 0.001 -13"><span class='ocrx_word' id='word_1_439' title='bbox 1016 1554 1279 1603; x_wconf 65' lang='lat' dir='ltr'><strong>occupantes</strong></span> <span class='ocrx_word' id='word_1_440' title='bbox 1311 1554 1508 1603; x_wconf 78' lang='lat' dir='ltr'><strong>Aquileioe</strong></span> <span class='ocrx_word' id='word_1_441' title='bbox 1541 1554 1732 1601; x_wconf 73' lang='lat' dir='ltr'><strong>proxima</strong></span> <span class='ocrx_word' id='word_1_442' title='bbox 1764 1566 1870 1603; x_wconf 82' lang='lat' dir='ltr'><strong>quae-</strong></span> 
     </span>
     <span class='ocr_line' id='line_1_68' title="bbox 981 1606 1870 1658; baseline 0 -13"><span class='ocrx_word' id='word_1_443' title='bbox 981 1606 1070 1658; x_wconf 79' lang='lat' dir='ltr'><strong>que]</strong></span> <span class='ocrx_word' id='word_1_444' title='bbox 1120 1608 1316 1645; x_wconf 81' lang='lat' dir='ltr'><strong>Budensis</strong></span> <span class='ocrx_word' id='word_1_445' title='bbox 1336 1609 1457 1644; x_wconf 85' lang='lat' dir='ltr'><strong>codex</strong></span> <span class='ocrx_word' id='word_1_446' title='bbox 1476 1610 1518 1643; x_wconf 88' lang='lat' dir='ltr'><strong>et</strong></span> <span class='ocrx_word' id='word_1_447' title='bbox 1535 1608 1712 1645; x_wconf 81' lang='lat' dir='ltr'><strong>Romana</strong></span> <span class='ocrx_word' id='word_1_448' title='bbox 1729 1608 1789 1644; x_wconf 86' lang='lat' dir='ltr'><strong>ed.</strong></span> <span class='ocrx_word' id='word_1_449' title='bbox 1808 1619 1870 1645; x_wconf 83' lang='lat' dir='ltr'><strong>oe-</strong></span> 
     </span>
     <span class='ocr_line' id='line_1_69' title="bbox 981 1662 1872 1712; baseline 0.002 -14"><span class='ocrx_word' id='word_1_450' title='bbox 981 1668 1137 1709; x_wconf 53' lang='grc' dir='ltr'><strong>(Ἡραία1</strong></span> <span class='ocrx_word' id='word_1_451' title='bbox 1161 1663 1365 1712; x_wconf 73' lang='lat' dir='ltr'>Aquileia,</span> <span class='ocrx_word' id='word_1_452' title='bbox 1399 1662 1443 1698; x_wconf 80' lang='lat' dir='ltr'><strong>iu</strong></span> <span class='ocrx_word' id='word_1_453' title='bbox 1478 1662 1664 1710; x_wconf 61' lang='lat' dir='ltr'><strong>proxima</strong></span> <span class='ocrx_word' id='word_1_454' title='bbox 1698 1673 1872 1711; x_wconf 79' lang='lat' dir='ltr'><strong>quaeque.</strong></span> 
     </span>
     <span class='ocr_line' id='line_1_70' title="bbox 982 1714 1871 1764; baseline 0 -12"><span class='ocrx_word' id='word_1_455' title='bbox 982 1715 1104 1752; x_wconf 87' lang='lat' dir='ltr'>Haud</span> <span class='ocrx_word' id='word_1_456' title='bbox 1115 1715 1308 1764; x_wconf 86' lang='lat' dir='ltr'><strong>displicet.</strong></span> <span class='ocrx_word' id='word_1_457' title='bbox 1326 1714 1452 1763; x_wconf 81' lang='lat' dir='ltr'><strong>possit</strong></span> <span class='ocrx_word' id='word_1_458' title='bbox 1468 1718 1508 1751; x_wconf 89' lang='lat' dir='ltr'><strong>et</strong></span> <span class='ocrx_word' id='word_1_459' title='bbox 1523 1714 1616 1762; x_wconf 79' lang='lat' dir='ltr'><strong>legi,</strong></span> <span class='ocrx_word' id='word_1_460' title='bbox 1631 1716 1674 1751; x_wconf 79' lang='lat' dir='ltr'><strong>in</strong></span> <span class='ocrx_word' id='word_1_461' title='bbox 1685 1716 1871 1763; x_wconf 71' lang='lat' dir='ltr'><strong>proximo</strong></span> 
     </span>
     <span class='ocr_line' id='line_1_71' title="bbox 982 1768 1871 1818; baseline 0.001 -14"><span class='ocrx_word' id='word_1_462' title='bbox 982 1779 1144 1818; x_wconf 75' lang='lat' dir='ltr'><strong>quoque.</strong></span> <span class='ocrx_word' id='word_1_463' title='bbox 1176 1770 1287 1807; x_wconf 76' lang='lat' dir='ltr'><strong>Ln’s.</strong></span> <span class='ocrx_word' id='word_1_464' title='bbox 1321 1769 1470 1805; x_wconf 85' lang='lat' dir='ltr'><strong>Verum</strong></span> <span class='ocrx_word' id='word_1_465' title='bbox 1489 1768 1663 1812; x_wconf 78' lang='lat' dir='ltr'><strong>omniun,</strong></span> <span class='ocrx_word' id='word_1_466' title='bbox 1682 1774 1871 1817; x_wconf 81' lang='lat' dir='ltr'><strong>occupata</strong></span> 
     </span>
     <span class='ocr_line' id='line_1_72' title="bbox 982 1820 1870 1871; baseline 0.001 -13"><span class='ocrx_word' id='word_1_467' title='bbox 982 1822 1183 1870; x_wconf 77' lang='lat' dir='ltr'><strong>Aquileia,</strong></span> <span class='ocrx_word' id='word_1_468' title='bbox 1203 1824 1246 1859; x_wconf 77' lang='lat' dir='ltr'><strong>in</strong></span> <span class='ocrx_word' id='word_1_469' title='bbox 1268 1824 1466 1871; x_wconf 75' lang='lat' dir='ltr'><strong>proxima.</strong></span> <span class='ocrx_word' id='word_1_470' title='bbox 1520 1822 1580 1859; x_wconf 86' lang='lat' dir='ltr'><strong>Ea</strong></span> <span class='ocrx_word' id='word_1_471' title='bbox 1599 1820 1698 1858; x_wconf 87' lang='lat' dir='ltr'><strong>urbe</strong></span> <span class='ocrx_word' id='word_1_472' title='bbox 1718 1821 1760 1858; x_wconf 91' lang='lat' dir='ltr'><strong>in</strong></span> <span class='ocrx_word' id='word_1_473' title='bbox 1782 1825 1870 1870; x_wconf 90' lang='lat' dir='ltr'><strong>pot-</strong></span> 
     </span>
     <span class='ocr_line' id='line_1_73' title="bbox 983 1875 1870 1923; baseline 0.001 -12"><span class='ocrx_word' id='word_1_474' title='bbox 983 1879 1148 1912; x_wconf 82' lang='lat' dir='ltr'><strong>estatem</strong></span> <span class='ocrx_word' id='word_1_475' title='bbox 1163 1877 1335 1923; x_wconf 84' lang='lat' dir='ltr'><strong>redacta,</strong></span> <span class='ocrx_word' id='word_1_476' title='bbox 1353 1875 1474 1912; x_wconf 85' lang='lat' dir='ltr'><strong>vicini</strong></span> <span class='ocrx_word' id='word_1_477' title='bbox 1488 1879 1625 1923; x_wconf 65' lang='lat' dir='ltr'><strong>&gt;portas</strong></span> <span class='ocrx_word' id='word_1_478' title='bbox 1650 1876 1707 1912; x_wconf 89' lang='lat' dir='ltr'><strong>eis</strong></span> <span class='ocrx_word' id='word_1_479' title='bbox 1727 1886 1870 1922; x_wconf 82' lang='lat' dir='ltr'><strong>aperu-</strong></span> 
     </span>
     <span class='ocr_line' id='line_1_74' title="bbox 983 1928 1870 1977; baseline 0.001 -12"><span class='ocrx_word' id='word_1_480' title='bbox 983 1940 1063 1966; x_wconf 87' lang='lat' dir='ltr'><strong>ere.</strong></span> <span class='ocrx_word' id='word_1_481' title='bbox 1122 1931 1210 1967; x_wconf 89' lang='lat' dir='ltr'><strong>Hoc</strong></span> <span class='ocrx_word' id='word_1_482' title='bbox 1229 1928 1312 1966; x_wconf 85' lang='lat' dir='ltr'><strong>est:</strong></span> <span class='ocrx_word' id='word_1_483' title='bbox 1344 1931 1592 1977; x_wconf 75' lang='lat' dir='ltr'><strong>accipiuntur</strong></span> <span class='ocrx_word' id='word_1_484' title='bbox 1608 1931 1650 1965; x_wconf 81' lang='lat' dir='ltr'><strong>in</strong></span> <span class='ocrx_word' id='word_1_485' title='bbox 1666 1930 1870 1977; x_wconf 70' lang='lat' dir='ltr'><strong>proxima.</strong></span> 
     </span>
     <span class='ocr_line' id='line_1_75' title="bbox 983 1983 1870 2031; baseline 0.001 -12"><span class='ocrx_word' id='word_1_486' title='bbox 983 1983 1260 2031; x_wconf 68' lang='lat' dir='ltr'><strong>Sic.Virgilius</strong></span> <span class='ocrx_word' id='word_1_487' title='bbox 1288 1986 1381 2021; x_wconf 87' lang='lat' dir='ltr'><strong>AEn.</strong></span> <span class='ocrx_word' id='word_1_488' title='bbox 1412 1988 1452 2028; x_wconf 89' lang='lat'><strong>4,-</strong></span> <span class='ocrx_word' id='word_1_489' title='bbox 1482 1987 1574 2018; x_wconf 78' lang='lat'><strong>214.</strong></span> <span class='ocrx_word' id='word_1_490' title='bbox 1603 1987 1640 2019; x_wconf 86' lang='lat' dir='ltr'><strong>et</strong></span> <span class='ocrx_word' id='word_1_491' title='bbox 1668 1983 1870 2020; x_wconf 78' lang='lat' dir='ltr'><strong>dominum</strong></span> 
     </span>
     <span class='ocr_line' id='line_1_76' title="bbox 982 2036 1869 2085; baseline -0.001 -12"><span class='ocrx_word' id='word_1_492' title='bbox 982 2037 1155 2073; x_wconf 81' lang='lat' dir='ltr'><strong>AEueam</strong></span> <span class='ocrx_word' id='word_1_493' title='bbox 1173 2038 1215 2074; x_wconf 79' lang='lat' dir='ltr'><strong>iu</strong></span> <span class='ocrx_word' id='word_1_494' title='bbox 1233 2038 1375 2085; x_wconf 79' lang='lat' dir='ltr'><strong>Regna</strong></span> <span class='ocrx_word' id='word_1_495' title='bbox 1396 2037 1551 2085; x_wconf 79' lang='lat' dir='ltr'><strong>recepit.</strong></span> <span class='ocrx_word' id='word_1_496' title='bbox 1599 2036 1736 2073; x_wconf 77' lang='lat' dir='ltr'><strong>GRoN.</strong></span> <span class='ocrx_word' id='word_1_497' title='bbox 1789 2037 1869 2072; x_wconf 84' lang='lat' dir='ltr'><strong>Re-</strong></span> 
     </span>
     <span class='ocr_line' id='line_1_77' title="bbox 980 2090 1892 2138; baseline 0 -14"><span class='ocrx_word' id='word_1_498' title='bbox 980 2091 1084 2137; x_wconf 82' lang='lat' dir='ltr'><strong>cepit</strong></span> <span class='ocrx_word' id='word_1_499' title='bbox 1114 2091 1299 2138; x_wconf 84' lang='lat' dir='ltr'><strong>Ryckius,</strong></span> <span class='ocrx_word' id='word_1_500' title='bbox 1329 2102 1445 2138; x_wconf 87' lang='lat' dir='ltr'><strong>quem</strong></span> <span class='ocrx_word' id='word_1_501' title='bbox 1480 2100 1570 2126; x_wconf 87' lang='lat' dir='ltr'><strong>cum</strong></span> <span class='ocrx_word' id='word_1_502' title='bbox 1599 2090 1639 2126; x_wconf 76' lang='lat' dir='ltr'><strong>J.</strong></span> <span class='ocrx_word' id='word_1_503' title='bbox 1668 2090 1892 2126; x_wconf 50' lang='lat' dir='ltr'><strong>Gronoviu-</strong></span> 
     </span>
     <span class='ocr_line' id='line_1_78' title="bbox 981 2143 1867 2192; baseline 0.001 -13"><span class='ocrx_word' id='word_1_504' title='bbox 981 2144 1127 2180; x_wconf 85' lang='lat' dir='ltr'><strong>imitati</strong></span> <span class='ocrx_word' id='word_1_505' title='bbox 1143 2156 1290 2182; x_wconf 79' lang='lat' dir='ltr'><strong>sumus,</strong></span> <span class='ocrx_word' id='word_1_506' title='bbox 1328 2144 1446 2184; x_wconf 81' lang='lat' dir='ltr'><strong>Quod</strong></span> <span class='ocrx_word' id='word_1_507' title='bbox 1463 2143 1619 2192; x_wconf 88' lang='lat' dir='ltr'><strong>Lipsius</strong></span> <span class='ocrx_word' id='word_1_508' title='bbox 1639 2146 1678 2179; x_wconf 83' lang='lat' dir='ltr'><strong>et</strong></span> <span class='ocrx_word' id='word_1_509' title='bbox 1694 2143 1867 2191; x_wconf 83' lang='lat' dir='ltr'><strong>Ryckius</strong></span> 
     </span>
     <span class='ocr_line' id='line_1_79' title="bbox 980 2195 1868 2246; baseline -0.001 -12"><span class='ocrx_word' id='word_1_510' title='bbox 980 2198 1119 2234; x_wconf 89' lang='lat' dir='ltr'><strong>dicunt</strong></span> <span class='ocrx_word' id='word_1_511' title='bbox 1149 2199 1191 2235; x_wconf 88' lang='lat' dir='ltr'><strong>in</strong></span> <span class='ocrx_word' id='word_1_512' title='bbox 1221 2199 1307 2235; x_wconf 79' lang='lat' dir='ltr'><strong>MS.</strong></span> <span class='ocrx_word' id='word_1_513' title='bbox 1334 2197 1438 2235; x_wconf 90' lang='lat' dir='ltr'><strong>Bud.</strong></span> <span class='ocrx_word' id='word_1_514' title='bbox 1474 2200 1516 2232; x_wconf 85' lang='lat' dir='ltr'><strong>et</strong></span> <span class='ocrx_word' id='word_1_515' title='bbox 1549 2197 1611 2233; x_wconf 89' lang='lat' dir='ltr'><strong>ed.</strong></span> <span class='ocrx_word' id='word_1_516' title='bbox 1644 2197 1759 2234; x_wconf 71' lang='lat' dir='ltr'><strong>Ro‘m.</strong></span> <span class='ocrx_word' id='word_1_517' title='bbox 1792 2195 1868 2246; x_wconf 85' lang='lat' dir='ltr'><strong>(ita.</strong></span> 
     </span>
     <span class='ocr_line' id='line_1_80' title="bbox 979 2249 1867 2301; baseline 0 -14"><span class='ocrx_word' id='word_1_518' title='bbox 979 2252 1146 2299; x_wconf 85' lang='lat' dir='ltr'><strong>primam</strong></span> <span class='ocrx_word' id='word_1_519' title='bbox 1171 2250 1300 2301; x_wconf 89' lang='lat' dir='ltr'><strong>vocat)</strong></span> <span class='ocrx_word' id='word_1_520' title='bbox 1322 2262 1405 2287; x_wconf 87' lang='lat' dir='ltr'><strong>esse</strong></span> <span class='ocrx_word' id='word_1_521' title='bbox 1424 2252 1467 2288; x_wconf 78' lang='lat' dir='ltr'><strong>in</strong></span> <span class='ocrx_word' id='word_1_522' title='bbox 1478 2250 1664 2300; x_wconf 68' lang='lat' dir='ltr'><strong>proxima</strong></span> <span class='ocrx_word' id='word_1_523' title='bbox 1680 2264 1692 2286; x_wconf 88' lang='lat'>:</span> <span class='ocrx_word' id='word_1_524' title='bbox 1721 2249 1867 2287; x_wconf 83' lang='lat' dir='ltr'><strong>falsum</strong></span> 
     </span>
     <span class='ocr_line' id='line_1_81' title="bbox 979 2303 1866 2354; baseline 0.001 -14"><span class='ocrx_word' id='word_1_525' title='bbox 979 2309 1052 2342; x_wconf 86' lang='lat' dir='ltr'><strong>est.</strong></span> <span class='ocrx_word' id='word_1_526' title='bbox 1109 2306 1159 2342; x_wconf 79' lang='lat' dir='ltr'><strong>In</strong></span> <span class='ocrx_word' id='word_1_527' title='bbox 1177 2305 1227 2342; x_wconf 88' lang='lat' dir='ltr'><strong>ab</strong></span> <span class='ocrx_word' id='word_1_528' title='bbox 1247 2309 1415 2354; x_wconf 85' lang='lat' dir='ltr'><strong>utroque</strong></span> <span class='ocrx_word' id='word_1_529' title='bbox 1432 2304 1560 2350; x_wconf 86' lang='lat' dir='ltr'><strong>abest,</strong></span> <span class='ocrx_word' id='word_1_530' title='bbox 1579 2307 1626 2341; x_wconf 90' lang='lat' dir='ltr'><strong>ut</strong></span> <span class='ocrx_word' id='word_1_531' title='bbox 1650 2315 1676 2339; x_wconf 87' lang='lat' dir='ltr'><strong>a</strong></span> <span class='ocrx_word' id='word_1_532' title='bbox 1693 2303 1796 2342; x_wconf 74' lang='lat' dir='ltr'><strong>Flor.</strong></span> <span class='ocrx_word' id='word_1_533' title='bbox 1826 2305 1866 2341; x_wconf 85' lang='lat' dir='ltr'><strong>id</strong></span> 
     </span>
     <span class='ocr_line' id='line_1_82' title="bbox 977 2357 1866 2407; baseline 0 -12"><span class='ocrx_word' id='word_1_534' title='bbox 977 2358 1173 2407; x_wconf 83' lang='lat' dir='ltr'><strong>absorpsit</strong></span> <span class='ocrx_word' id='word_1_535' title='bbox 1200 2359 1428 2396; x_wconf 88' lang='lat' dir='ltr'><strong>terminatio</strong></span> <span class='ocrx_word' id='word_1_536' title='bbox 1454 2358 1708 2406; x_wconf 74' lang='lat' dir='ltr'><strong>praecedentis</strong></span> <span class='ocrx_word' id='word_1_537' title='bbox 1740 2357 1866 2395; x_wconf 85' lang='lat' dir='ltr'><strong>verbi.</strong></span> 
     </span>
     <span class='ocr_line' id='line_1_83' title="bbox 978 2412 1865 2461; baseline -0.001 -11"><span class='ocrx_word' id='word_1_538' title='bbox 978 2413 1110 2450; x_wconf 85' lang='lat' dir='ltr'><strong>Guelf.</strong></span> <span class='ocrx_word' id='word_1_539' title='bbox 1155 2413 1358 2461; x_wconf 80' lang='lat' dir='ltr'><strong>vulgatum</strong></span> <span class='ocrx_word' id='word_1_540' title='bbox 1402 2412 1533 2448; x_wconf 84' lang='lat' dir='ltr'><strong>habet.</strong></span> <span class='ocrx_word' id='word_1_541' title='bbox 1580 2412 1690 2449; x_wconf 72' lang='lat' dir='ltr'><strong>ERN.</strong></span> <span class='ocrx_word' id='word_1_542' title='bbox 1747 2412 1865 2449; x_wconf 84' lang='lat' dir='ltr'><strong>Unde</strong></span> 
     </span>
     <span class='ocr_line' id='line_1_84' title="bbox 976 2466 1866 2513; baseline 0 -9"><span class='ocrx_word' id='word_1_543' title='bbox 976 2467 1075 2504; x_wconf 83' lang='lat' dir='ltr'><strong>Em.</strong></span> <span class='ocrx_word' id='word_1_544' title='bbox 1104 2467 1224 2513; x_wconf 84' lang='lat' dir='ltr'><strong>norit,</strong></span> <span class='ocrx_word' id='word_1_545' title='bbox 1243 2468 1285 2504; x_wconf 90' lang='lat' dir='ltr'><strong>in</strong></span> <span class='ocrx_word' id='word_1_546' title='bbox 1309 2466 1413 2503; x_wconf 87' lang='lat' dir='ltr'><strong>Bud.</strong></span> <span class='ocrx_word' id='word_1_547' title='bbox 1442 2466 1496 2503; x_wconf 86' lang='lat' dir='ltr'><strong>sic</strong></span> <span class='ocrx_word' id='word_1_548' title='bbox 1515 2477 1615 2511; x_wconf 86' lang='lat' dir='ltr'><strong>esse,</strong></span> <span class='ocrx_word' id='word_1_549' title='bbox 1635 2477 1715 2502; x_wconf 91' lang='lat' dir='ltr'><strong>non</strong></span> <span class='ocrx_word' id='word_1_550' title='bbox 1738 2466 1866 2504; x_wconf 73' lang='lat' dir='ltr'><strong>video.</strong></span> 
     </span>
     <span class='ocr_line' id='line_1_85' title="bbox 978 2520 1864 2568; baseline -0.001 -11"><span class='ocrx_word' id='word_1_551' title='bbox 978 2520 1195 2558; x_wconf 87' lang='lat' dir='ltr'><strong>Rhenanus</strong></span> <span class='ocrx_word' id='word_1_552' title='bbox 1208 2527 1326 2557; x_wconf 79' lang='lat' dir='ltr'><strong>tacet.</strong></span> <span class='ocrx_word' id='word_1_553' title='bbox 1354 2521 1458 2558; x_wconf 90' lang='lat' dir='ltr'><strong>Bud.</strong></span> <span class='ocrx_word' id='word_1_554' title='bbox 1478 2520 1558 2557; x_wconf 85' lang='lat' dir='ltr'><strong>sic:</strong></span> <span class='ocrx_word' id='word_1_555' title='bbox 1589 2520 1759 2568; x_wconf 84' lang='lat' dir='ltr'><strong>occ.Aq.</strong></span> <span class='ocrx_word' id='word_1_556' title='bbox 1772 2533 1864 2568; x_wconf 84' lang='lat' dir='ltr'><strong>pro-</strong></span> 
     </span>
     <span class='ocr_line' id='line_1_86' title="bbox 978 2572 1864 2623; baseline 0 -13"><span class='ocrx_word' id='word_1_557' title='bbox 978 2574 1091 2611; x_wconf 70' lang='lat' dir='ltr'><strong>:sima</strong></span> <span class='ocrx_word' id='word_1_558' title='bbox 1115 2586 1272 2623; x_wconf 78' lang='lat' dir='ltr'><strong>quoque.</strong></span> <span class='ocrx_word' id='word_1_559' title='bbox 1328 2575 1499 2611; x_wconf 86' lang='lat' dir='ltr'><strong>Priscam</strong></span> <span class='ocrx_word' id='word_1_560' title='bbox 1533 2572 1741 2610; x_wconf 89' lang='lat' dir='ltr'><strong>lectionem</strong></span> <span class='ocrx_word' id='word_1_561' title='bbox 1773 2585 1864 2615; x_wconf 82' lang='lat' dir='ltr'><strong>cum</strong></span> 
     </span>
     <span class='ocr_line' id='line_1_87' title="bbox 978 2627 1539 2675; baseline -0.002 -11"><span class='ocrx_word' id='word_1_562' title='bbox 978 2627 1070 2675; x_wconf 89' lang='lat' dir='ltr'><strong>Bip.</strong></span> <span class='ocrx_word' id='word_1_563' title='bbox 1086 2628 1370 2664; x_wconf 84' lang='lat' dir='ltr'><strong>restituendam</strong></span> <span class='ocrx_word' id='word_1_564' title='bbox 1384 2638 1539 2664; x_wconf 83' lang='lat' dir='ltr'><strong>censeo.</strong></span> 
     </span>
    </p>

    <p class='ocr_par' dir='ltr' id='par_1_13' title="bbox 1031 2679 1730 2728">
     <span class='ocr_line' id='line_1_88' title="bbox 1031 2679 1730 2728; baseline -0.001 -11"><span class='ocrx_word' id='word_1_565' title='bbox 1031 2680 1276 2728; x_wconf 67' lang='lat' dir='ltr'><strong>Defectione]</strong></span> <span class='ocrx_word' id='word_1_566' title='bbox 1309 2681 1370 2717; x_wconf 88' lang='lat' dir='ltr'><strong>Cf.</strong></span> <span class='ocrx_word' id='word_1_567' title='bbox 1393 2679 1447 2718; x_wconf 91' lang='lat' dir='ltr'><strong>H.</strong></span> <span class='ocrx_word' id='word_1_568' title='bbox 1467 2686 1506 2725; x_wconf 71' lang='lat'><strong>2,</strong></span> <span class='ocrx_word' id='word_1_569' title='bbox 1527 2684 1617 2717; x_wconf 84' lang='lat' dir='ltr'><strong>loo.</strong></span> <span class='ocrx_word' id='word_1_570' title='bbox 1640 2684 1730 2716; x_wconf 86' lang='lat'><strong>101.</strong></span> 
     </span>
    </p>

    <p class='ocr_par' dir='ltr' id='par_1_14' title="bbox 978 2732 1864 3532">
     <span class='ocr_line' id='line_1_89' title="bbox 1033 2732 1863 2784; baseline 0.001 -14"><span class='ocrx_word' id='word_1_571' title='bbox 1033 2733 1301 2772; x_wconf 69' lang='lat' dir='ltr'><strong>Scriboniano.-</strong></span> <span class='ocrx_word' id='word_1_572' title='bbox 1316 2732 1469 2783; x_wconf 78' lang='lat' dir='ltr'><strong>nomen]</strong></span> <span class='ocrx_word' id='word_1_573' title='bbox 1507 2732 1673 2781; x_wconf 85' lang='lat' dir='ltr'><strong>Aliquot</strong></span> <span class='ocrx_word' id='word_1_574' title='bbox 1690 2733 1783 2774; x_wconf 81' lang='lat' dir='ltr'><strong>libri</strong></span> <span class='ocrx_word' id='word_1_575' title='bbox 1803 2732 1863 2784; x_wconf 84' lang='lat' dir='ltr'><strong>(in</strong></span> 
     </span>
     <span class='ocr_line' id='line_1_90' title="bbox 979 2786 1864 2836; baseline 0.002 -13"><span class='ocrx_word' id='word_1_576' title='bbox 979 2787 1039 2823; x_wconf 84' lang='lat' dir='ltr'><strong>his</strong></span> <span class='ocrx_word' id='word_1_577' title='bbox 1063 2787 1163 2824; x_wconf 87' lang='lat' dir='ltr'><strong>Bud.</strong></span> <span class='ocrx_word' id='word_1_578' title='bbox 1185 2786 1300 2836; x_wconf 83' lang='lat' dir='ltr'><strong>Agr.)</strong></span> <span class='ocrx_word' id='word_1_579' title='bbox 1341 2786 1582 2826; x_wconf 76' lang='lat' dir='ltr'><strong>Seboniauoe.</strong></span> <span class='ocrx_word' id='word_1_580' title='bbox 1629 2787 1741 2827; x_wconf 71' lang='lat' dir='ltr'><strong>Lu’s.</strong></span> <span class='ocrx_word' id='word_1_581' title='bbox 1798 2788 1864 2826; x_wconf 85' lang='lat' dir='ltr'><strong>Sic</strong></span> 
     </span>
     <span class='ocr_line' id='line_1_91' title="bbox 978 2838 1862 2889; baseline 0.002 -13"><span class='ocrx_word' id='word_1_582' title='bbox 978 2844 1019 2877; x_wconf 86' lang='lat' dir='ltr'><strong>et</strong></span> <span class='ocrx_word' id='word_1_583' title='bbox 1049 2841 1152 2878; x_wconf 86' lang='lat' dir='ltr'><strong>Flor.</strong></span> <span class='ocrx_word' id='word_1_584' title='bbox 1184 2845 1225 2876; x_wconf 87' lang='lat' dir='ltr'><strong>et</strong></span> <span class='ocrx_word' id='word_1_585' title='bbox 1252 2841 1401 2888; x_wconf 77' lang='lat' dir='ltr'><strong>primis,</strong></span> <span class='ocrx_word' id='word_1_586' title='bbox 1419 2838 1578 2887; x_wconf 87' lang='lat' dir='ltr'><strong>syllabis</strong></span> <span class='ocrx_word' id='word_1_587' title='bbox 1608 2840 1668 2877; x_wconf 88' lang='lat' dir='ltr'><strong>ed.</strong></span> <span class='ocrx_word' id='word_1_588' title='bbox 1698 2852 1758 2889; x_wconf 85' lang='lat' dir='ltr'><strong>pr.</strong></span> <span class='ocrx_word' id='word_1_589' title='bbox 1813 2844 1862 2880; x_wconf 84' lang='lat' dir='ltr'><strong>In</strong></span> 
     </span>
     <span class='ocr_line' id='line_1_92' title="bbox 978 2894 1862 2946; baseline 0.005 -15"><span class='ocrx_word' id='word_1_590' title='bbox 978 2894 1063 2931; x_wconf 89' lang='lat' dir='ltr'><strong>MS.</strong></span> <span class='ocrx_word' id='word_1_591' title='bbox 1096 2895 1229 2930; x_wconf 84' lang='lat' dir='ltr'><strong>Guelf.</strong></span> <span class='ocrx_word' id='word_1_592' title='bbox 1264 2895 1323 2933; x_wconf 84' lang='lat' dir='ltr'><strong>cri</strong></span> <span class='ocrx_word' id='word_1_593' title='bbox 1350 2897 1410 2930; x_wconf 87' lang='lat' dir='ltr'><strong>est</strong></span> <span class='ocrx_word' id='word_1_594' title='bbox 1440 2905 1465 2931; x_wconf 90' lang='lat' dir='ltr'><strong>a</strong></span> <span class='ocrx_word' id='word_1_595' title='bbox 1493 2904 1570 2931; x_wconf 83' lang='lat' dir='ltr'><strong>sec.</strong></span> <span class='ocrx_word' id='word_1_596' title='bbox 1598 2905 1735 2934; x_wconf 85' lang='lat' dir='ltr'><strong>manu.</strong></span> <span class='ocrx_word' id='word_1_597' title='bbox 1767 2896 1862 2946; x_wconf 85' lang='lat' dir='ltr'><strong>quid</strong></span> 
     </span>
     <span class='ocr_line' id='line_1_93' title="bbox 978 2947 1861 2995; baseline 0.005 -11"><span class='ocrx_word' id='word_1_598' title='bbox 978 2951 1070 2984; x_wconf 87' lang='lat' dir='ltr'><strong>ante</strong></span> <span class='ocrx_word' id='word_1_599' title='bbox 1107 2948 1242 2992; x_wconf 80' lang='lat' dir='ltr'><strong>fuerit,</strong></span> <span class='ocrx_word' id='word_1_600' title='bbox 1275 2948 1431 2995; x_wconf 84' lang='lat' dir='ltr'><strong>assequi</strong></span> <span class='ocrx_word' id='word_1_601' title='bbox 1459 2947 1584 2983; x_wconf 80' lang='lat' dir='ltr'><strong>oculis</strong></span> <span class='ocrx_word' id='word_1_602' title='bbox 1618 2959 1698 2985; x_wconf 89' lang='lat' dir='ltr'><strong>non</strong></span> <span class='ocrx_word' id='word_1_603' title='bbox 1731 2950 1861 2988; x_wconf 89' lang='lat' dir='ltr'><strong>licuit.</strong></span> 
     </span>
     <span class='ocr_line' id='line_1_94' title="bbox 979 3001 1861 3050; baseline 0.003 -12"><span class='ocrx_word' id='word_1_604' title='bbox 979 3001 1053 3038; x_wconf 87' lang='lat' dir='ltr'><strong>Sed</strong></span> <span class='ocrx_word' id='word_1_605' title='bbox 1089 3001 1261 3049; x_wconf 79' lang='lat' dir='ltr'><strong>spatium</strong></span> <span class='ocrx_word' id='word_1_606' title='bbox 1298 3003 1403 3039; x_wconf 81' lang='lat' dir='ltr'><strong>inter</strong></span> <span class='ocrx_word' id='word_1_607' title='bbox 1430 3014 1451 3038; x_wconf 86' lang='lat' dir='ltr'><strong>s</strong></span> <span class='ocrx_word' id='word_1_608' title='bbox 1483 3006 1523 3036; x_wconf 84' lang='lat' dir='ltr'><strong>et</strong></span> <span class='ocrx_word' id='word_1_609' title='bbox 1553 3001 1588 3037; x_wconf 88' lang='lat' dir='ltr'><strong>b.</strong></span> <span class='ocrx_word' id='word_1_610' title='bbox 1623 3002 1753 3050; x_wconf 82' lang='lat' dir='ltr'><strong>majus</strong></span> <span class='ocrx_word' id='word_1_611' title='bbox 1785 3008 1861 3049; x_wconf 88' lang='lat' dir='ltr'><strong>est,</strong></span> 
     </span>
     <span class='ocr_line' id='line_1_95' title="bbox 980 3055 1862 3104; baseline 0.003 -12"><span class='ocrx_word' id='word_1_612' title='bbox 980 3066 1098 3104; x_wconf 83' lang='lat' dir='ltr'><strong>quam</strong></span> <span class='ocrx_word' id='word_1_613' title='bbox 1129 3058 1176 3095; x_wconf 80' lang='lat' dir='ltr'><strong>ut</strong></span> <span class='ocrx_word' id='word_1_614' title='bbox 1203 3066 1284 3093; x_wconf 84' lang='lat' dir='ltr'><strong>una</strong></span> <span class='ocrx_word' id='word_1_615' title='bbox 1311 3059 1469 3098; x_wconf 82' lang='lat' dir='ltr'><strong>tantum</strong></span> <span class='ocrx_word' id='word_1_616' title='bbox 1498 3055 1617 3095; x_wconf 77' lang='lat' dir='ltr'><strong>litera</strong></span> <span class='ocrx_word' id='word_1_617' title='bbox 1640 3056 1696 3093; x_wconf 90' lang='lat' dir='ltr'><strong>ibi</strong></span> <span class='ocrx_word' id='word_1_618' title='bbox 1725 3058 1862 3095; x_wconf 83' lang='lat' dir='ltr'><strong>fuerit.</strong></span> 
     </span>
     <span class='ocr_line' id='line_1_96' title="bbox 979 3108 1862 3156; baseline 0.005 -11"><span class='ocrx_word' id='word_1_619' title='bbox 979 3110 1018 3145; x_wconf 80' lang='lat' dir='ltr'><strong>J.</strong></span> <span class='ocrx_word' id='word_1_620' title='bbox 1039 3108 1261 3144; x_wconf 86' lang='lat' dir='ltr'><strong>Gronovius</strong></span> <span class='ocrx_word' id='word_1_621' title='bbox 1279 3108 1512 3156; x_wconf 84' lang='lat' dir='ltr'><strong>conjiciebat</strong></span> <span class='ocrx_word' id='word_1_622' title='bbox 1530 3109 1760 3148; x_wconf 74' lang='lat' dir='ltr'><strong>Senonianae</strong></span> <span class='ocrx_word' id='word_1_623' title='bbox 1779 3113 1806 3151; x_wconf 85' lang='lat' dir='ltr'><strong>i.</strong></span> <span class='ocrx_word' id='word_1_624' title='bbox 1826 3124 1862 3149; x_wconf 88' lang='lat' dir='ltr'><strong>e.</strong></span> 
     </span>
     <span class='ocr_line' id='line_1_97' title="bbox 981 3161 1862 3206; baseline 0.006 -9"><span class='ocrx_word' id='word_1_625' title='bbox 981 3174 1002 3197; x_wconf 88' lang='lat' dir='ltr'><strong>e</strong></span> <span class='ocrx_word' id='word_1_626' title='bbox 1021 3161 1241 3206; x_wconf 85' lang='lat' dir='ltr'><strong>Senonibus</strong></span> <span class='ocrx_word' id='word_1_627' title='bbox 1270 3163 1392 3200; x_wconf 76' lang='lat' dir='ltr'><strong>lectae.</strong></span> <span class='ocrx_word' id='word_1_628' title='bbox 1450 3164 1542 3198; x_wconf 81' lang='lat' dir='ltr'><strong>Post</strong></span> <span class='ocrx_word' id='word_1_629' title='bbox 1567 3163 1717 3206; x_wconf 73' lang='lat' dir='ltr'><strong>Allien-i</strong></span> <span class='ocrx_word' id='word_1_630' title='bbox 1739 3166 1862 3202; x_wconf 84' lang='lat' dir='ltr'><strong>edidit</strong></span> 
     </span>
     <span class='ocr_line' id='line_1_98' title="bbox 980 3215 1861 3265; baseline 0.003 -13"><span class='ocrx_word' id='word_1_631' title='bbox 980 3215 1151 3263; x_wconf 82' lang='lat' dir='ltr'><strong>Ryckius</strong></span> <span class='ocrx_word' id='word_1_632' title='bbox 1170 3227 1191 3251; x_wconf 92' lang='lat' dir='ltr'><strong>e</strong></span> <span class='ocrx_word' id='word_1_633' title='bbox 1209 3216 1293 3254; x_wconf 86' lang='lat' dir='ltr'><strong>MS.</strong></span> <span class='ocrx_word' id='word_1_634' title='bbox 1313 3216 1412 3264; x_wconf 75' lang='lat' dir='ltr'><strong>Agr.</strong></span> <span class='ocrx_word' id='word_1_635' title='bbox 1433 3228 1519 3263; x_wconf 84' lang='lat' dir='ltr'><strong>quae</strong></span> <span class='ocrx_word' id='word_1_636' title='bbox 1544 3217 1741 3265; x_wconf 81' lang='lat' dir='ltr'><strong>scriptura</strong></span> <span class='ocrx_word' id='word_1_637' title='bbox 1761 3223 1801 3255; x_wconf 84' lang='lat' dir='ltr'><strong>et</strong></span> <span class='ocrx_word' id='word_1_638' title='bbox 1819 3220 1861 3255; x_wconf 89' lang='lat' dir='ltr'><strong>in</strong></span> 
     </span>
     <span class='ocr_line' id='line_1_99' title="bbox 979 3270 1862 3318; baseline 0.005 -13"><span class='ocrx_word' id='word_1_639' title='bbox 979 3270 1152 3318; x_wconf 81' lang='lat' dir='ltr'><strong>antiquis</strong></span> <span class='ocrx_word' id='word_1_640' title='bbox 1166 3270 1417 3310; x_wconf 85' lang='lat' dir='ltr'><strong>monimentis</strong></span> <span class='ocrx_word' id='word_1_641' title='bbox 1426 3270 1608 3312; x_wconf 75' lang='lat' dir='ltr'><strong>occurrit.</strong></span> <span class='ocrx_word' id='word_1_642' title='bbox 1634 3272 1862 3318; x_wconf 85' lang='lat' dir='ltr'><strong>Conjiciunt</strong></span> 
     </span>
     <span class='ocr_line' id='line_1_100' title="bbox 982 3323 1859 3372; baseline 0.002 -12"><span class='ocrx_word' id='word_1_643' title='bbox 982 3334 1066 3360; x_wconf 87' lang='lat' dir='ltr'><strong>esse</strong></span> <span class='ocrx_word' id='word_1_644' title='bbox 1100 3323 1322 3363; x_wconf 77' lang='lat' dir='ltr'><strong>Ferraram.</strong></span> <span class='ocrx_word' id='word_1_645' title='bbox 1368 3324 1476 3360; x_wconf 75' lang='lat' dir='ltr'><strong>ERN.</strong></span> <span class='ocrx_word' id='word_1_646' title='bbox 1530 3324 1633 3361; x_wconf 89' lang='lat' dir='ltr'><strong>Bud.</strong></span> <span class='ocrx_word' id='word_1_647' title='bbox 1678 3330 1718 3362; x_wconf 87' lang='lat' dir='ltr'><strong>et</strong></span> <span class='ocrx_word' id='word_1_648' title='bbox 1752 3327 1859 3372; x_wconf 77' lang='lat' dir='ltr'><strong>vulg.</strong></span> 
     </span>
     <span class='ocr_line' id='line_1_101' title="bbox 980 3377 1859 3426; baseline 0 -12"><span class='ocrx_word' id='word_1_649' title='bbox 980 3378 1130 3414; x_wconf 81' lang='lat' dir='ltr'><strong>Alieni.</strong></span> <span class='ocrx_word' id='word_1_650' title='bbox 1146 3378 1293 3414; x_wconf 83' lang='lat' dir='ltr'><strong>rectius</strong></span> <span class='ocrx_word' id='word_1_651' title='bbox 1311 3378 1474 3415; x_wconf 78' lang='lat' dir='ltr'><strong>Alliem&#39;.</strong></span> <span class='ocrx_word' id='word_1_652' title='bbox 1491 3377 1754 3415; x_wconf 67' lang='lat' dir='ltr'><strong>Scriboniam</strong></span> <span class='ocrx_word' id='word_1_653' title='bbox 1780 3381 1859 3426; x_wconf 89' lang='lat' dir='ltr'><strong>pri-</strong></span> 
     </span>
     <span class='ocr_line' id='line_1_102' title="bbox 981 3431 1860 3468; baseline 0.001 -1"><span class='ocrx_word' id='word_1_654' title='bbox 981 3442 1069 3467; x_wconf 87' lang='lat' dir='ltr'><strong>mus</strong></span> <span class='ocrx_word' id='word_1_655' title='bbox 1105 3431 1342 3468; x_wconf 86' lang='lat' dir='ltr'><strong>Puteolanus</strong></span> <span class='ocrx_word' id='word_1_656' title='bbox 1379 3431 1498 3467; x_wconf 87' lang='lat' dir='ltr'><strong>dedit.</strong></span> <span class='ocrx_word' id='word_1_657' title='bbox 1556 3433 1716 3467; x_wconf 84' lang='lat' dir='ltr'><strong>Praestat</strong></span> <span class='ocrx_word' id='word_1_658' title='bbox 1750 3433 1791 3468; x_wconf 88' lang='lat' dir='ltr'><strong>in</strong></span> <span class='ocrx_word' id='word_1_659' title='bbox 1816 3444 1860 3468; x_wconf 81' lang='lat' dir='ltr'><strong>re</strong></span> 
     </span>
     <span class='ocr_line' id='line_1_103' title="bbox 983 3482 1733 3532; baseline -0.001 -11"><span class='ocrx_word' id='word_1_660' title='bbox 983 3483 1104 3522; x_wconf 87' lang='lat' dir='ltr'><strong>dubia</strong></span> <span class='ocrx_word' id='word_1_661' title='bbox 1121 3484 1269 3520; x_wconf 84' lang='lat' dir='ltr'><strong>codices</strong></span> <span class='ocrx_word' id='word_1_662' title='bbox 1288 3485 1412 3532; x_wconf 85' lang='lat' dir='ltr'><strong>sequi.</strong></span> <span class='ocrx_word' id='word_1_663' title='bbox 1467 3482 1564 3519; x_wconf 88' lang='lat' dir='ltr'><strong>Vide</strong></span> <span class='ocrx_word' id='word_1_664' title='bbox 1586 3488 1625 3520; x_wconf 87' lang='lat' dir='ltr'><strong>et</strong></span> <span class='ocrx_word' id='word_1_665' title='bbox 1643 3485 1733 3531; x_wconf 86' lang='lat' dir='ltr'><strong>Bip.</strong></span> 
     </span>
    </p>

    <p class='ocr_par' dir='ltr' id='par_1_15' title="bbox 1038 3537 1860 3588">
     <span class='ocr_line' id='line_1_104' title="bbox 1038 3537 1860 3588; baseline 0.002 -15"><span class='ocrx_word' id='word_1_666' title='bbox 1038 3540 1213 3581; x_wconf 62' lang='lat' dir='ltr'><strong>[nervicos</strong></span> <span class='ocrx_word' id='word_1_667' title='bbox 1224 3538 1425 3588; x_wconf 76' lang='lat' dir='ltr'><strong>plerosque</strong></span> <span class='ocrx_word' id='word_1_668' title='bbox 1445 3538 1670 3587; x_wconf 79' lang='lat' dir='ltr'><strong>oppressere]</strong></span> <span class='ocrx_word' id='word_1_669' title='bbox 1718 3538 1778 3575; x_wconf 84' lang='lat' dir='ltr'><strong>Sic</strong></span> <span class='ocrx_word' id='word_1_670' title='bbox 1798 3537 1860 3575; x_wconf 81' lang='lat' dir='ltr'><strong>Pi-</strong></span> 
     </span>
    </p>
   </div>
   <div class='ocr_carea' id='block_1_11' title="bbox 1050 3597 1156 3646">
    <p class='ocr_par' dir='ltr' id='par_1_16' title="bbox 1050 3597 1156 3646">
     <span class='ocr_line' id='line_1_105' title="bbox 1050 3597 1156 3646; baseline 0.047 -5"><span class='ocrx_word' id='word_1_671' title='bbox 1050 3597 1156 3646; x_wconf 78' lang='lat' dir='ltr'><strong>M4</strong></span> 
     </span>
    </p>
   </div>
  </div>
 </body>
</html>
