2190 3880
2159 0 2183 16 'l

2158 23 2185 74 „¹1

329 99 351 122 Γ
2179 87 2185 96 ³

328 98 393 141 08
931 89 1525 142 HISTORIARUM

2180 161 2187 198 i

197 239 248 276 A.
266 235 317 273 U.
332 216 423 268 nia
457 215 708 280 ducebat,
746 233 975 284 quorum
1009 217 1175 270 robur
1209 217 1353 288 legio
1394 237 1518 283 una,
1552 219 1727 290 prima
1757 225 1814 272 et
1852 219 2128 288 vicesima,

212 292 302 329 823·
333 286 456 339 fuit.
484 287 667 340 addita
692 288 906 358 utrique
934 288 1328 342 Germanorum
1356 290 1578 354 auxilia,
1602 309 1633 343 e
1658 292 1853 360 quibus
1875 291 2121 346 Vitellius
2186 294 2190 337 ί

206 345 456 441 ’ζ’(ξἜυειε
505 377 720 429 quoque
762 360 946 430 copias
998 359 1286 430 supplevit,
1329 372 1442 415 tota
1481 361 1621 414 mole
1663 361 1789 415 belli
1828 375 2123 416 secuturuS.
2188 371 2190 410 ἰ

250 452 319 502 62
338 429 484 482 Mira
511 431 649 483 inter
673 431 974 494 exercitum
1013 430 1508 502 Imperatoremque
1543 433 1842 487 diversitas·
1916 433 2124 487 Instare
2188 476 2190 494 2

333 502 505 567 mile3‚
544 519 691 555 arma
730 519 969 572 poscere,
1008 501 1128 553 dum
1171 499 1363 555 Gallice
1395 503 1656 574 trepident,
1703 504 1823 558 dum
1861 504 2126 575 Hispaniae

320 581 644 626 'cunctentwn
681 591 782 625 uon
824 572 1012 625 obstare
1055 573 1260 626 hiemem
1310 592 1466 644 neque
1507 575 1703 646 ignavae
1744 575 1894 645 pacis
1941 595 2123 630 moraS.

333 644 669 697 invadendam
712 643 943 708 Italiam,
987 644 1326 714 occupandam
1365 648 1551 698 urbem.
1602 645 1736 699 nihil
1768 647 1824 699 in
1869 645 2130 700 discordiis

334 715 568 769 civilibus
590 713 926 787 festinatione
963 715 1143 779 tutiuS,
1182 717 1272 769 ubi
1297 714 1451 788 facto
1495 718 1681 788 magale,
1714 736 1867 788 quam
1905 718 2125 772 consulto

336 807 457 858 opus
485 796 617 840 esset.
690 785 965 856 Torpebat
990 786 1256 851 Vitellius,
1282 800 1337 839 et
1375 787 1645 841 fortunam
1675 789 2017 860 Principatus
2043 791 2127 843 in·

335 859 436 912 erti
463 858 594 911 luxu
634 877 697 910 ac
725 857 964 928 prodigis
1001 858 1171 928 epulis
1210 861 1587 928 praesumebat,
1614 861 1792 914 medio
1818 861 1926 913 diei
1954 874 2127 914 temu-

334 930 510 984 lentus
537 941 592 982 et
617 930 805 999 sagina
826 929 1030 1000 gravis:
1070 947 1192 982 cum
1220 943 1397 982 tamen
1425 933 1581 983 ardor
1606 942 1661 985 et
1689 933 1767 984 vis
1791 932 2020 986 militum
2038 933 2128 986 ,ul-

337 1013 422 1055 tro
450 1000 621 1054 Ducis
659 1001 844 1053 munia
870 1000 1126 1070 inplebat,
1154 1012 1213 1053 ut
1251 1002 1295 1053 si
1334 1002 1541 1054 adesset
1571 1002 1887 1074 Imperator,
1913 1017 1969 1056 et
1994 1016 2128 1057 stre-

336 1073 478 1138 nuiS,
505 1072 589 1126 vel
617 1072 826 1143 ignavis
853 1090 1001 1143 spem
1029 1087 1337 1142 metumque
1359 1073 1594 1130 adderet.
1668 1074 1926 1128 instructi
1951 1076 2130 1129 inten-

339 1145 489 1215 tique
512 1144 711 1216 signum
726 1142 1055 1215 profectionis
1081 1157 1401 1215 exposcunt.
1466 1145 1682 1197 Nomen
1711 1145 2005 1199 Germanici
2033 1147 2130 1199 Vi-

340 1216 487 1269 tellio
525 1217 706 1268 statim
751 1215 1028 1268 additum:
1072 1216 1314 1268 Caesarem
1360 1233 1414 1268 se
1461 1216 1714 1287 adpellari
1749 1218 1913 1271 etiam
1957 1218 2130 1272 victor

340 1287 639 1360 prohibuit.
715 1287 924 1339 Laetum
960 1288 1243 1357 augurium
1286 1287 1456 1340 Fabio
1490 1288 1704 1341 Valenti
1741 1289 2001 1342 exercitui
2045 1308 2130 1355 ue,

341 1378 502 1431 quem
538 1360 589 1411 in
632 1358 826 1412 bellum
869 1359 1084 1428 agebat,
1126 1359 1242 1430 ipso
1284 1358 1631 1430 profectionis
1670 1360 1776 1426 die,
1807 1361 1986 1431 aquila
2005 1309 2129 1415 (ieni
2185 1410 2190 1413 .

341 1443 542 1498 meatu,
573 1444 731 1502 prout
758 1448 950 1501 agmen
980 1430 1266 1496 incederet,
1300 1430 1443 1483 velut
1481 1431 1593 1484 dux
1621 1432 1742 1496 viae,
1781 1432 2126 1504 praevolavit:

340 1504 672 1574 longumque
709 1520 801 1573 per
827 1500 1058 1572 spatium
1101 1502 1143 1554 is
1176 1502 1525 1572 gaudentium
1565 1504 1796 1557 militum
1822 1503 2040 1572 clamor,
2067 1522 2132 1557 ea

344 1576 494 1645 quies
535 1575 789 1626 interritae.
827 1574 968 1626 alitis
1005 1571 1127 1638 fuit,
1162 1587 1222 1625 ut
1247 1573 1390 1626 haud
1417 1574 1643 1627 dubium
1681 1593 1894 1647 magnae
1926 1586 1981 1628 et
2006 1594 2132 1646 pro-

262 1656 329 1711 63
347 1665 513 1718 sperae
554 1647 629 1698 rei
668 1663 826 1698 omen
865 1645 1214 1715 acciperetur.
1287 1645 1358 1697 Et
1393 1645 1651 1698 Treveros
1683 1647 1918 1717 quidem,
1946 1659 2007 1699 ut
2045 1651 2131 1700 so-

345 1721 475 1783 οἰοε,
514 1718 683 1771 securi
720 1716 914 1770 adiere.
989 1716 1255 1771 Divoduri
1293 1716 1856 1784 (Mediomatricorum
1891 1718 1947 1771 id
1974 1719 2133 1790 oppi-

344 1792 472 1844 dum
499 1792 601 1854 est)
638 1806 962 1860 quamquam
987 1791 1136 1842 omni
1161 1790 1418 1843 comitate
1443 1801 1701 1861 exceptos
1727 1790 1936 1843 subitus
1963 1807 2131 1863 pavor

398 1936 522 1985 Legio
552 1945 647 1981 una,
663 1939 666 1941 ’
676 1935 810 1984 prima
838 1940 875 1973 et
910 1934 1106 1986 vicesima]
1138 1934 1209 1972 Di-

1316 1935 1367 1972 In
1396 1935 1534 1972 bellum
1561 1933 1717 1986 agebat]
1766 1935 1827 1974 Sic
1854 1933 1957 1972 Flor.
1982 1934 2042 1974 ed.
2068 1945 2129 1984 pr.

343 1990 550 2028 stinctione
568 1990 693 2026 locum
705 1989 806 2036 juvi.
857 1989 939 2026 Nec
956 1991 1087 2027 tamen
1105 2001 1210 2026 nunc

1261 1988 1369 2026 Pich.
1403 1992 1444 2026 et
1477 1999 1581 2037 seqq.
1617 1989 1785 2038 cogebat
1821 1989 1952 2027 Guelf.
1993 1986 2130 2037 (Bud.)

345 2045 490 2090 abnuo,
510 2043 921 2093 quinglossematium
947 2043 1009 2080 hic
1024 2043 1089 2089 sit,
1118 2044 1211 2080 scri-

346 2100 606 2148 bendumque,
624 2109 704 2136 rma
722 2104 758 2135 et
779 2099 970 2135 vicesima.
992 2096 1053 2147 (ut
1070 2110 1104 2134 c.
1123 2101 1188 2138 67.

346 2155 455 2192 Ln’s.
473 2153 575 2198 Una,
588 2165 650 2202 pr.
669 2158 706 2190 et
723 2153 795 2188 vic.
814 2151 926 2189 MSS.
952 2151 1054 2190 Flor.
1077 2096 1207 2203 (nudi

346 2210 440 2255 Agr.
471 2207 600 2245 Guelf.
630 2205 916 2244 Freinshemius
940 2206 1088 2254 recepit
1115 2206 1211 2242 alte-

345 2274 428 2298 ram
460 2261 582 2310 Lipsii
612 2259 888 2308 conjecturam,
914 2259 1011 2297 illud
1037 2260 1211 2298 restituit

342 2316 523 2365 Ryckius.
578 2315 651 2353 Sed
679 2314 774 2351 mihi
793 2318 924 2351 tamen
948 2325 1029 2351 una
1047 2319 1085 2352 et
1111 2315 1209 2351 vice-

342 2372 444 2407 sima
459 2371 600 2418 placet.
626 2368 733 2407 Adde
751 2369 799 2405 ad
818 2373 857 2414 4,
878 2374 942 2407 78.
972 2369 1078 2407 ERN.
1118 2369 1210 2406 Pro-

332 2425 412 2461 ·bat
428 2430 468 2462 et
485 2424 580 2462 Lan.
631 2423 730 2460 Mihi
749 2423 791 2460 in
809 2434 900 2459 voce
917 2434 997 2460 uua
1017 2422 1209 2471 emphasis

343 2490 426 2516 esse
459 2478 625 2516 videtur.
681 2478 728 2515 In
761 2476 940 2514 omnibus
976 2477 1061 2513 istis
1090 2477 1209 2526 copiis

345 2543 425 2570 una
442 2533 518 2570 fuit
531 2533 646 2581 legio,
666 2543 750 2579 quae
766 2531 939 2568 omnium
956 2531 1086 2568 robur.

400 2588 589 2624 Imtructi
618 2585 840 2636 intentique]
885 2586 968 2623 MS.
998 2585 1126 2623 Guelf.
1156 2583 1212 2636 (et

336 2639 463 2692 Bud.)
494 2642 757 2690 interritique:
808 2640 900 2677 item
942 2639 1026 2676 edd.
1063 2640 1212 2678 Puteal.

345 2695 522 2734 Beroald.
539 2694 624 2733 Alc.
642 2707 724 2743 sqq.
765 2695 919 2742 Lipsius
945 2693 1065 2731 edidit
1089 2695 1213 2732 inten-

345 2752 460 2800 tique.
478 2751 596 2788 recte.
623 2750 749 2787 solent
765 2749 869 2786 enim
898 2749 979 2786 haec
995 2748 1073 2785 duo
1095 2748 1212 2786 verba

341 2805 457 2853 jungi
475 2805 516 2842 in
531 2805 603 2841 hac
620 2816 676 2842 re.
706 2805 813 2841 ERN.

400 2860 565 2895 Nomine
597 2859 841 2896 Germanici.
855 2882 865 2893 .
881 2855 1029 2908 addito]
1061 2856 1124 2894 Sic
1153 2858 1213 2895 ed.

346 2924 405 2962 pr.
423 2913 549 2951 Rhen.
570 2912 606 2963 (e
623 2910 741 2962 Bud.)
762 2923 843 2960 sqq.
856 2923 1000 2948 omnes.
1054 2911 1111 2948 At
1127 2911 1213 2950 MS.

345 2966 474 3004 Guelf.
493 2967 577 3005 edd.
606 2966 755 3004 Puteol.
773 2966 866 3005 Ber.
890 2963 974 3002 Ale.
991 2977 1126 3002 nomen
1144 2966 1211 3002 ad-

345 3022 469 3058 ditum
485 3034 497 3055 .-
527 3021 628 3068 quod
653 3021 791 3057 melius
809 3022 919 3070 puto.
972 3019 1120 3067 Estque
1139 3019 1214 3056 ini-

345 3076 446 3112 tium
465 3086 572 3111 novoe
602 3075 814 3111 sententiae.
869 3073 976 3113 Quia
1004 3077 1044 3109 et
1063 3073 1102 3109 in
1125 3073 1212 3109 aliis

347 3129 457 3166 MSS.
502 3140 566 3177 ap.
598 3129 821 3166 Broterium
856 3130 931 3174 est,
964 3128 1091 3175 recepi
1124 3138 1212 3164 cum

346 3184 446 3233 ipso.
475 3183 581 3221 ERN.

405 3235 593 3290 Coesizrmn
627 3249 666 3273 se
699 3236 785 3286 etta]
818 3235 1047 3284 AEgyptIum
1080 3240 1213 3271 tamen

345 3301 510 3328 numum
527 3302 615 3327 cum
633 3290 756 3338 elogio
775 3290 939 3326 Coesaris
957 3288 1114 3326 exhibet
1130 3288 1215 3325 Pel-

346 3345 448 3382 'lerin
482 3345 524 3381 in
556 3342 740 3392 Melange
773 3349 804 3381 t.
842 3349 874 3380 l.
902 3343 984 3379 tab.
1024 3348 1084 3381 13.
1127 3342 1215 3379 Vid.

348 3399 493 3438 Eokhel
511 3400 644 3436 Doctr.
663 3399 753 3436 NN.
777 3402 853 3434 vet.
882 3397 957 3434 vol.
974 3403 1011 3433 4.
1031 3408 1070 3444 p.
1093 3399 1157 3433 56.
1177 3399 1217 3431 et

347 3454 424 3490 vol.
443 3457 482 3490 6.
512 3465 552 3501 p.
576 3458 668 3492 309.
697 3453 758 3490 Cf.
778 3456 819 3488 et
845 3451 949 3488 infra
964 3457 1004 3496 ⁹2,
1021 3453 1087 3488 6⁵2.
1114 3454 1155 3487 et
1173 3455 1213 3495 3,

349 3513 413 3545 58.
433 3511 472 3545 et
488 3507 593 3545 Suet.
609 3519 642 3544 c.
664 3513 700 3543 8.

1264 2043 1348 2080 edd.
1367 2047 1441 2080 cet.
1460 2043 1553 2080 Mox
1571 2044 1645 2080 lem
1661 2050 1788 2081 meatu
1808 2046 1913 2080 recte
1929 2042 2050 2080 edidit
2067 2042 2130 2080 Pi-

1262 2098 1397 2136 chana.
1426 2097 1536 2135 MSS.
1568 2096 1626 2147 (in
1655 2097 1715 2134 his
1749 2097 1851 2136 Bud.
1879 2102 1920 2134 et
1946 2095 2058 2146 Agr.)
2092 2099 2134 2133 et

1263 2152 1348 2189 edd.
1372 2155 1463 2189 ante
1490 2163 1623 2188 omues
1642 2152 1718 2188 levi
1731 2165 1743 2187 .·
1775 2163 1860 2201 quae
1889 2149 2006 2188 verba
2031 2162 2130 2200 saepe

1263 2206 1571 2243 confunduntur.
1627 2206 1733 2244 ERN.

1316 2259 1527 2309 Divoduri]
1575 2259 1638 2296 sic
1672 2259 1758 2297 edd.
1798 2269 1859 2306 pr.
1890 2257 2014 2296 Rhea.
2044 2269 2131 2308 sqq.

1263 2314 1392 2352 Guelf.
1412 2317 1504 2350 cett.
1523 2313 1608 2350 edd.
1630 2320 1722 2351 ante
1737 2312 1866 2351 maen.
1886 2311 1987 2350 male
2004 2311 2132 2350 Diuo·

1261 2370 1416 2406 dur-ium
1434 2367 1493 2403 vel
1510 2368 1761 2405 Dinodrium.
1787 2367 1896 2404 ERN.

1315 2422 1473 2460 Sabicus
1486 2433 1608 2470 pavor
1634 2419 1837 2471 exterruit]
1869 2419 1932 2457 Sic
1949 2419 2035 2459 edd.
2051 2431 2133 2458 om·

1263 2488 1329 2514 nes
1360 2480 1500 2525 prater
1530 2476 1570 2513 21.
1596 2476 1718 2514 Gron.
1740 2474 1808 2524 qui
1834 2486 1856 2510 e
1886 2473 1991 2513 nor.
2012 2473 2135 2511 edidit

1261 2531 1412 2575 terruit,
1433 2529 1535 2578 quod
1565 2532 1624 2566 est
1641 2533 1682 2565 et
1710 2529 1751 2566 in
1772 2528 1890 2579 (Bud.
1921 2525 1975 2577 et)
1997 2528 2132 2568 Guelf.

1261 2586 1319 2622 At
1336 2586 1376 2623 iu
1394 2585 1466 2622 hac
1483 2583 1650 2625 formula
1666 2587 1706 2620 et
1723 2584 1795 2621 hoc
1812 2593 1929 2620 sensu
1945 2587 2134 2620 exter-me

1263 2643 1324 2676 est
1359 2637 1522 2676 verbum
1557 2637 1790 2686 legit-imum.
1846 2636 1990 2675 Sensus
2025 2636 2130 2674 enim

1263 2697 1344 2730 cst:
1375 2693 1506 2730 subita
1524 2692 1787 2730 consternatio
1804 2690 1958 2728 invasit*
1973 2689 2134 2735 milites,

1263 2750 1310 2785 ut
1327 2749 1634 2796 armaraperent
1652 2749 1692 2783 et
1722 2746 1862 2783 caedem
1888 2744 2013 2782 facere
2036 2744 2134 2782 iuci-

1263 2805 1416 2851 perent.
1481 2799 1754 2838 consternatio
1781 2802 1913 2838 autem
1943 2801 1985 2835 et
2015 2809 2135 2847 pavor

1264 2868 1343 2894 non
1362 2856 1409 2892 de
1439 2855 1594 2901 timore,
1623 2855 1691 2892 sed
1720 2851 2013 2903 perturbatione
2039 2863 2136 2901 qua·

1264 2910 1352 2947 dam
1381 2910 1587 2958 repentina
1606 2909 1748 2948 mentis
1778 2910 1819 2944 et
1850 2906 1980 2944 surore
2011 2906 2135 2957 aocipi

1264 2964 1427 3002 debent:
1457 2964 1525 3013 qui
1543 2974 1632 3001 cum
1649 2960 1806 3000 incessit
1829 2961 1995 3007 animos,
2011 2966 2135 2999 ester-

1264 3019 1336 3056 riez·
1354 3019 1551 3063 dicuutur,
1571 3017 1598 3054 i.
1631 3027 1667 3054 e.
1686 3014 1848 3054 efferati.
1898 3013 2038 3063 virgil.
2054 3025 2136 3052 nou

1267 3084 1346 3110 uno
1364 3073 1447 3110 loco
1465 3071 1520 3108 sic
1538 3069 1638 3108 dixit
1655 3073 1696 3107 et
1713 3080 1801 3107 cum
1825 3067 1965 3118 efferus
1979 3078 2136 3119 permu-

1266 3126 1377 3165 tavit.
1414 3125 1505 3162 Vid.
1535 3124 1652 3163 etiam
1682 3124 1818 3162 Burm.
1843 3122 1892 3160 ad
1922 3123 2060 3170 Georg.
2091 3128 2134 3167 3,

1268 3185 1359 3217 534.
1413 3181 1550 3227 Itaque
1579 3189 1659 3214 non
1693 3177 1864 3214 sustinui
1895 3176 2134 3214 Gronovium

1267 3233 1428 3270 imitari.
1483 3232 1579 3269 Mox
1604 3231 1666 3268 ed.
1697 3242 1757 3279 pr.
1785 3230 1988 3280 cupidine.-
2032 3229 2134 3278 quod

1266 3290 1370 3324 recte
1383 3287 1466 3334 jam
1485 3297 1506 3321 e
1538 3285 1621 3323 MS.
1652 3286 1749 3332 Agr.
1776 3283 1924 3332 recepit
1950 3283 2134 3331 Ryckius.

1267 3341 1384 3389 Vulg.
1415 3340 1641 3389 mpidinem.
1670 3340 1775 3376 ERN.
1828 3337 2030 3375 Editiones
2057 3349 2135 3375 nou

1270 3395 1406 3443 utique
1424 3405 1556 3430 omnes
1588 3391 1734 3430 habeut
1761 3393 1960 3437 exterruit,
1980 3391 2132 3429 Puteal.

1268 3450 1420 3486 terruit.
1476 3447 1537 3483 Sic
1556 3451 1596 3482 et
1625 3447 1709 3483 cod.
1737 3446 1840 3482 Bud.
1858 3445 1959 3482 idem
1988 3445 2136 3495 cupidi-

1267 3515 1366 3539 w’m.
1399 3502 1594 3539 Acidalius
1604 3501 1687 3550 jam
1706 3499 1929 3538 emendarat
1946 3498 2134 3550 cupidine.
