2190 3880
670 104 755 154 111
767 103 825 153 Β.
856 103 943 160 Π(

977 104 1142 155 CAP.
1169 110 1247 156 12.
1727 163 1734 171 .
1774 115 1844 171 95

34 239 281 305 cumani,
313 233 606 294 rebellione
645 231 948 294 Britannias
969 250 1317 304 compressa.
1390 232 1689 290 Addiderat
1722 238 1904 311 glo-A.
1925 256 1980 300 u,

24 313 174 370 riam
209 309 379 373 Nero,
418 303 690 378 eligendO,
726 315 788 357 ut
824 304 1156 376 potissimos.
1196 305 1338 358 unde
1376 305 1543 378 longa
1578 309 1683 361 illis
1709 330 1838 383 erga
1869 315 1962 352 823·

31 382 316 440 Neronem
342 379 493 444 fides,
515 390 571 431 et
591 388 772 430 erecta
798 377 852 429 in
882 376 1161 431 Othonem
1195 377 1390 430 studia.
1431 378 1558 444 Sed,
1585 398 1693 449 quo
1721 384 1838 452 plus

25 454 238 515 mitium
251 472 313 506 ac
340 451 567 516 roboriS,
593 468 623 502 e
646 448 848 502 fiducia
871 449 1094 502 tarditas
1121 450 1313 502 inerat.
1341 467 1537 521 agmen
1564 450 1842 521 legionum

27 525 137 585 ‚alae
162 525 524 594 cohortesque
552 521 979 593 praeveniebant.
1028 520 1101 573 Et
1121 539 1190 573 ex
1221 522 1338 593 ipsa
1366 523 1497 575 urbe
1526 522 1846 596 haudsper-

20 598 212 666 <nenda
229 615 439 663 manuS,
459 594 699 665 quinque
719 593 1002 646 Praetoriae
1022 592 1293 659 cohorteS,
1309 604 1364 646 et
1379 594 1622 664 equitum
1648 597 1848 650 vexilla

18 676 163 731 licum
209 669 426 741 legione
459 667 687 738 prima:
733 684 796 718 ac
837 664 1079 718 deforme
1130 666 1349 736 insuper
1400 666 1684 732 auxilium,
1736 669 1846 722 duo

15 741 206 795 &millia
231 741 611 814 gladiatorum,
651 737 743 790 sed
783 754 876 808 per
902 737 1086 798 civilia
1111 756 1261 790 arma
1297 738 1461 790 etiam
1493 740 1692 792 severis
1715 740 1845 794 Du-

17 813 191 868 cibus
218 814 555 884 usurpatum.
615 808 722 862 His
749 809 922 880 copiis
945 820 1122 862 rector
1149 810 1364 862 additus
1391 809 1605 869 Annius
1635 812 1847 879 GalluS,

23 902 159 940 <cum
186 883 456 937 Vestricio
484 881 758 953 Spurinna
786 882 852 934 ad
891 882 1235 953 occupandas
1265 881 1399 934 Padi
1428 883 1572 953 ripas
1601 886 1844 955 praemis·-

18 975 156 1015 -Vsus:
190 956 454 1028 quoniam
483 954 658 1026 prima
685 952 1036 1006 consiliorum
1074 953 1274 1007 frustra
1314 954 1641 1022 ceciderant,
1669 967 1845 1010 trans-

22 1045 219 1101 gresso
249 1027 368 1100 jam
407 1026 576 1098 Alpes
615 1024 858 1090 Caecina,
897 1043 1066 1096 quem>
1100 1026 1216 1077 sisti
1259 1025 1401 1078 intra
1443 1026 1648 1080 Gallias
1686 1048 1846 1100 posse

22 1110 361 1172 speraverat.

438 1099 627 1170 Ipsum
675 1097 954 1151 Othonem
997 1097 1402 1150 comitabantur
1442 1100 1844 1169 speculatorum

27 1171 174 1226 lecta
197 1190 447 1244 corpora,
475 1189 600 1224 cum
642 1170 835 1223 ceteris
871 1168 1152 1221 Praetoriis
1180 1169 1517 1234 cohortibUS,
1547 1174 1784 1226 veterani
1813 1193 1844 1227 e

31 1236 324 1310 Pr‘aetorio,
349 1242 699 1297 classicorum
726 1241 918 1313 ingens
947 1259 1220 1293 numerus,
1295 1240 1517 1294 Nec-illi
1563 1262 1728 1314 segne
1751 1257 1847 1298 aut

33 1331 363 1388 conruptum
403 1315 536 1368 luxu
574 1314 707 1367 iter:
747 1314 840 1365 sed
867 1313 1034 1377 lorica
1061 1312 1235 1366 ferrea
1264 1332 1388 1366 usus
1414 1325 1515 1381 est,
1540 1326 1595 1367 et
1621 1327 1746 1368 ante
1774 1319 1842 1370 si-

18 1406 143 1459 -gna
190 1382 454 1460 pedester,
483 1385 773 1448 ,horridum
830 1386 1161 1456 incomptuS,
1215 1384 1485 1456 famaeque
1546 1388 1840 1442 dissimilis,

18 1460 428 1518 Blandiebatur
469 1457 670 1529 coeptis
690 1457 973 1522 Fortuna,
1000 1476 1251 1529 possessa
1291 1475 1385 1529 per
1407 1476 1571 1523 mare
1598 1471 1652 1512 et
1679 1480 1841 1514 naves
1868 1473 1927 1519 12.

14 1531 240 1602 ..majore
267 1531 442 1585 Italiae
470 1542 642 1602 parte,
665 1529 882 1601 penitus
912 1547 1080 1600 usque
1108 1530 1175 1583 ad
1203 1531 1420 1582 initium
1448 1531 1842 1588 maritimarum
2003 1535 2010 1539 ”

17 1603 274 1675 Alpium.
311 1603 511 1674 quibus
550 1601 823 1655 tentandis
847 1602 1339 1674 adgrediendaeque
1368 1603 1664 1672 provinciae
1698 1605 1840 1658 Nar-

30 1676 281 1743 bonensi,
309 1675 571 1729 Suedium
610 1673 970 1742 Clementem,
996 1672 1301 1727 Antonium
1331 1673 1640 1742 Novellum,
1668 1678 1844 1730 AEmi-

27 1847 163 1874 ’nanos
187 1835 391 1881 domitores
411 1834 638 1886 Britannia*
659 1833 833 1883 adpellat
850 1834 907 1873 H.

29 1894 72 1936 5,
95 1893 158 1928 16.
209 1891 259 1928 In
284 1889 389 1927 Bud.
407 1889 548 1928 vitiose
570 1888 719 1937 legitur
746 1897 907 1940 quarta-

28 1945 180 1982 decima
197 1945 254 1991 in,
269 1944 376 1982 unde
395 1944 524 1981 Rhen.
540 1943 641 1981 bene
665 1945 908 1994 quartadeci-

27 1999 140 2036 mani
146 2013 163 2040 ;
193 1999 304 2048 prins
319 1997 526 2047 legebatur
535 1999 904 2049 quartadecumana.

15 2080 21 2086 .
82 2051 129 2090 Ε
151 2053 309 2102 fiducia
343 2053 514 2091 tarditas
548 2052 692 2103 inerat]
738 2053 907 2091 Fallitur

10 2107 201 2160 &Pichena
238 2106 524 2158 (difficultatem
562 2119 723 2146 movens
760 2120 809 2145 ex
844 2120 906 2156 eo,

27 2162 132 2210 quod
157 2160 253 2199 alibi
280 2172 370 2200 acer
395 2162 439 2199 in
465 2163 538 2199 hoc
565 2161 682 2208 bello,
702 2174 782 2200 non
809 2173 907 2200 cun-

27 2219 157 2254 ctator
170 2214 379 2267 tradatur.)
401 2217 492 2254 Non
511 2216 616 2253 enim
629 2217 813 2265 Othonis,
826 2230 906 2256 non

27 2271 156 2308 omnis
175 2272 386 2318 exercitus,
404 2272 472 2308 sed
503 2272 674 2309 solorum
698 2273 907 2322 quartade-

26 2326 270 2364 cimanorum
293 2326 523 2364 tarditatem
547 2330 707 2364 accusat
729 2327 906 2366 Tacitus.

27 2381 167 2418 GRoN.
208 2381 313 2419 Ante
331 2393 472 2430 agmen
490 2392 581 2419 mox
597 2394 639 2418 eo
657 2381 808 2419 addunt
820 2383 906 2419 edd.

12 2437 120 2474 =ante
136 2435 263 2473 Rhen.
281 2436 350 2484 qui
365 2436 522 2475 delevit.
568 2436 617 2474 In
634 2437 766 2474 Guelf.
784 2441 844 2474 est
863 2438 906 2474 in

14 2500 152 2539 marg.
171 2501 197 2526 a
210 2501 315 2527 man.
333 2502 409 2528 sec.
439 2491 546 2528 ERN.
574 2490 641 2527 Eo
660 2502 739 2528 non
758 2491 907 2529 habent

10 2543 131 2582 ·Bud.
150 2548 190 2581 et
207 2546 266 2583 ed.
284 2545 375 2583 Put.
395 2545 462 2582 sed
481 2545 567 2582 Alc.
582 2546 758 2584 intrusit.

80 2597 148 2636 Et·
162 2594 212 2636 ea·
233 2600 321 2648 ipsa
342 2598 451 2650 urbe]
482 2599 545 2637 Sic
562 2604 668 2637 recte
685 2601 788 2639 Bud.
804 2602 906 2650 Ryc-

25 2649 117 2690 kius
143 2653 260 2689 etiam
290 2654 468 2691 restituit
497 2665 519 2691 e
545 2654 651 2694 Flor.
677 2659 719 2692 et
747 2656 843 2705 Agr.
864 2659 904 2693 et
946 2674 950 2676 *

948 2710 1198 2748 ‚Farnesiana
1239 2709 1321 2745 haec
1364 2708 1569 2757 scriptura
1593 2713 1676 2744 est:
1721 2720 1840 2757 quam

944 2765 1202 2801 -verissimam
1219 2774 1374 2800 censeo.
1429 2762 1589 2810 Duplex
1603 2763 1712 2800 enim
1727 2774 1840 2800 man-

26 2706 116 2744 edd.
133 2702 369 2745 ante‘Rhen.
388 2708 458 2756 qui
474 2709 620 2746 omisit.

85 2761 274 2799 Vestricio
297 2761 516 2813 Spurinna]
547 2763 637 2802 Vid.
664 2763 772 2814 Lips.
797 2764 847 2801 ad
869 2776 902 2803 c.

32 2820 94 2854 18.
113 2817 231 2853 ERN.
278 2836 283 2843 ·

13 2888 20 2895 ·
80 2870 189 2908 Padi
209 2869 352 2921 Ripae]
382 2870 577 2919 Regiones
603 2876 644 2908 et
666 2869 785 2908 urbes
802 2871 905 2909 circa

27 2925 175 2963 Padum
193 2926 235 2962 in
251 2926 336 2963 istis
355 2925 466 2971 locis,
480 2925 623 2975 quibus
641 2925 796 2963 Caecina
811 2937 905 2963 ven-

23 2982 140 3019 turus
173 2979 394 3026 videbatur,
411 2980 650 3018 Placentiam
678 2984 718 3018 et
746 2981 905 3017 Cremo-

13 3042 134 3082 nam,
154 3045 192 3071 v.
222 3046 257 3072 c.
281 3039 345 3073 18.
374 3045 458 3084 sqq.
514 3034 611 3072 Mox
637 3036 743 3071 intra
761 3046 783 3071 e
801 3034 905 3073 Flor.

24 3088 134 3127 dedit
150 3088 334 3127 Pichena.
352 3088 466 3126 bene.
483 3087 546 3127 Sic
564 3093 606 3126 et
617 3089 748 3127 Guelf.
769 3088 904 3139 (Bud.)

13 3143 113 3181 edd.
128 3143 281 3182 Puteol.
314 3144 407 3180 Ber.
445 3145 503 3181 At
528 3144 614 3182 edd.
631 3155 692 3193 pr.
719 3144 848 3181 Rhen.
867 3148 908 3182 et

8 3207 109 3246 ¹sqq.
125 3199 228 3236 inter
244 3197 360 3235 male.
418 3197 520 3235 sisti
532 3202 593 3236 est
607 3199 790 3245 coerceri,
809 3209 859 3236 ne
877 3210 903 3236 a

26 3251 167 3290 Gauiis
186 3253 229 3289 in
247 3252 401 3289 Italiam
420 3253 608 3302 prodiret.
637 3254 746 3291 ERN.

86 3306 272 3344 Veterani
287 3320 308 3344 e
326 3306 536 3356 Praetorio]
568 3308 778 3355 Superesse
796 3307 903 3343 vide-

25 3358 148 3396 antur
180 3361 240 3398 hae
274 3372 402 3400 voces.
455 3362 649 3399 Pmemisit
682 3363 787 3399 enim
818 3361 900 3408 jam

27 3424 135 3450 nunc
155 3414 202 3464 de
225 3415 420 3453 Praetoriis
442 3415 624 3454 omnibus
651 3415 899 3454 cohortibus:

15 3469 99 3515 ·qui
117 3467 239 3515 igitur
257 3469 322 3506 isti
340 3470 508 3519 amplius
527 3483 549 3507 e
566 3470 779 3508 Praetorio?
827 3470 903 3507 Sed

27 3532 109 3559 non
138 3527 364 3570 supersunt.
416 3525 639 3574 Distinguit
668 3526 774 3562 enim
791 3536 815 3561 a
839 3536 902 3561 co-

27 3574 208 3615 hortibus
242 3581 460 3618 veteranos.
500 3584 619 3621 recte.
656 3581 750 3631 quia
782 3590 903 3618 exau-

959 1836 1131 1873 ctoratos
1150 1790 1371 1883 yintellegit,
1389 1838 1430 1872 et
1460 1835 1527 1884 qui
1559 1835 1649 1884 post
1677 1834 1843 1874 sedecim

959 1890 1158 1939 stipendia
1186 1890 1435 1927 habebantur
1467 1889 1541 1926 sub
1571 1889 1730 1936 vexillo,
1764 1903 1848 1928 non.

958 1945 1076 1982 aliter
1092 1956 1211 1994 quam
1229 1945 1450 1994 legionarii,
1469 1944 1517 1980 de
1545 1944 1688 1993 quibus
1706 1946 1845 1994 scripsi

1854 368 1908 407 A.
1928 369 1976 409 c.

1881 427 1950 474 το.

960 2001 1055 2036 satis
1075 2001 1124 2037 ad
1141 2001 1193 2037 A.
1218 2005 1255 2045 1,
1280 2005 1342 2039 17.
1395 1998 1521 2047 Atqui
1538 1999 1579 2035 hi
1597 2011 1669 2036 nec
1687 2000 1730 2036 in
1747 1999 1844 2048 legi·
1865 2033 1871 2049 ,

960 2054 1102 2091 onibus
1118 2054 1226 2092 ultra
1241 2053 1519 2100 censebantur,
1536 2065 1609 2090 nec
1634 2054 1693 2092 illi
1717 2054 1759 2091 in
1779 2066 1845 2091 co-

960 2108 1155 2147 hortibus.
1187 2109 1300 2148 Lu’s.
1335 2109 1398 2147 De
1415 2108 1585 2145 classicis
1603 2110 1645 2146 in
1658 2108 1843 2146 militiam

956 2167 1186 2201 terrestrem
1230 2167 1273 2200 et
1314 2163 1572 2212 legionariam
1616 2163 1775 2201 adscitis
1805 2176 1844 2201 v.

960 2217 1085 2255 Schel.
1114 2218 1164 2255 ad
1191 2218 1339 2266 Hygin.
1369 2230 1407 2266 p.
1438 2223 1506 2257 95.
1564 2217 1660 2255 Mox
1676 2230 1771 2255 usas
1786 2223 1847 2256 est

960 2273 1066 2311 Flor.
1084 2273 1172 2311 edd.
1198 2277 1293 2310 ante
1315 2273 1445 2310 Rhen.
1472 2272 1642 2310 Pichena
1659 2284 1742 2321 sqq.
1786 2273 1844 2310 At

960 2327 1094 2365 Guelf.
1121 2329 1231 2373 usus,
1258 2327 1345 2364 edd.
1367 2327 1498 2364 Rhen.
1540 2325 1577 2377 (e
1603 2325 1724 2377 Bud.)
1759 2339 1844 2375 sqq.

960 2383 1069 2420 ERN.
1123 2384 1243 2420 Grut.
1259 2381 1394 2419 ambas
1413 2380 1572 2420 voculas
1591 2386 1685 2419 usu-3·
1702 2387 1759 2420 est
1776 2383 1842 2419 de·

958 2436 1058 2474 letas
1072 2437 1273 2486 cupiebat.
1304 2467 1306 2469 v

1011 2492 1170 2541 Majore
1197 2491 1333 2529 Italioe
1352 2489 1415 2541 p.]
1449 2489 1552 2528 Bud.
1571 2491 1614 2526 et
1639 2490 1729 2529 edd.
1748 2493 1843 2528 ante

957 2547 1086 2585 Rhen.
1121 2552 1160 2584 et
1174 2545 1332 2594 majore.
1365 2546 1466 2583 Eam
1492 2545 1727 2594 particulam
1749 2556 1841 2582 con-

958 2604 1182 2639 nectentem
1200 2601 1328 2638 Rhen.
1347 2599 1506 2637 delevit.
1706 2632 1708 2634 .

1016 2656 1167 2702 Quibus
1208 2655 1419 2699 tentandi-5,
1471 2653 1836 2705 aggredienda-que]

957 2818 1095 2855 datum
1110 2817 1329 2855 Othoniani
1341 2818 1472 2854 Duces
1489 2816 1738 2864 habuerunt3
1751 2822 1841 2855 ten-

948 2873 1168 2910 tandarum
1181 2871 1347 2919 Alpium
1364 2871 1635 2910 et'Provinciae
1650 2872 1840 2910 invaden—

958 2928 1031 2974 dae,
1049 2939 1136 2976 quae
1153 2927 1203 2963 ad
1220 2926 1426 2963 Vitellium
1451 2926 1657 2964 defecerat.
1711 2927 1841 2976 Supra

944 2987 1000 3028 ,1,
1029 2986 1099 3022 87.’
1148 2981 1435 3018 Narbonensem
1468 2981 1642 3019 Galliam
1668 2983 1841 3031 aggredi

957 3038 1115 3082 statuit,
1144 3036 1265 3074 classe
1298 3035 1432 3072 valida
1465 3041 1503 3072 et
1525 3037 1708 3084 partibus
1729 3037 1836 3085 fida.

958 3091 1069 3128 Infra
1086 3103 1121 3127 c.
1144 3095 1207 3128 14.
1244 3091 1441 3127 imminere
1454 3091 1666 3139 provincia?
1685 3091 1839 3128 Narbo-

942 3146 1081 3191 mem-i,
1098 3146 1142 3182 in
1168 3145 1280 3182 verba
1313 3144 1466 3182 Vitellii
1493 3145 1658 3190 adacta,
1677 3145 1841 3182 classem

963 3199 1136 3243 Othonis,
1154 3199 1296 3248 trepidi
1309 3199 1440 3236 nuntii
1455 3200 1638 3237 adtuhere.
1666 3199 1839 3248 Vulgata

942 3253 1078 3291 -lectio
1106 3253 1217 3291 valde
1262 3252 1420 3291 turbat:
1462 3253 1601 3302 quibus
1641 3254 1839 3293 tentandis

957 3308 1319 3358 aggredimadisque,
1340 3309 1560 3357 provineioe-
1579 3309 1835 3353 Narbonensi,

955 3366 1032 3400 etc.
1057 3366 1259 3410 tamquam
1281 3367 1362 3399 tres
1391 3362 1433 3399 hi
1462 3363 1590 3400 Duces
1623 3363 1835 3401 Provinciae

958 3416 1146 3466 impositi.
1190 3421 1232 3453 et
1273 3428 1384 3465 mage
1430 3418 1597 3466 majores
1650 3416 1833 3454 tenebras

953 3471 1121 3520 offundit
1138 3471 1256 3508 etiam
1274 3472 1453 3508 Maurus.
1493 3472 1604 3510 Luas.
1639 3471 1740 3508 Bud.
1758 3481 1832 3517 ag·-

951 3526 1249 3575 grediendisque
1260 3538 1323 3575 pr.
1340 3525 1615 3564 Narbonensis.
1673 3525 1732 3561 De
1746 3523 1832 3562 Du-

954 3578 1065 3617 cibus
1082 3579 1252 3632 laudatis
1266 3580 1348 3619 vid.
1365 3579 1421 3619 1-1.
1445 3584 1480 3629 1,
1499 3583 1565 3618 87..
1808 3606 1812 3611 -
