2190 3880
814 124 1229 179 ADDENDA.

188 249 306 299 Levi
331 249 592 298 mutatione
612 248 715 312 lege
739 249 808 297 his
827 265 976 313 super.

255 317 490 364 Promtior
543 314 739 375 Neroni]
793 313 988 362 Rectius

183 383 396 444 pronior.

125 460 167 493 c.
191 446 269 492 61.
305 446 427 493 Nam
451 452 588 508 coepto
611 446 734 507 apud
756 444 854 492 md.
875 446 990 506 etc]

189 509 512 574 Transpositio
535 510 791 556 necessaria
812 518 908 556 non
922 511 992 555 vi-

187 574 348 633 detur3
386 575 508 622 idem
530 576 655 622 enim
689 574 840 621 dicere
862 573 994 621 volu-

189 641 278 698 isse
292 640 518 696 >Tacitum
539 641 768 687 existimo.

123 702 261 752 c.‘62.
277 705 331 752 ln
353 708 536 752 sordida
551 707 763 762 mercede]
789 702 995 750 Subscri-

190 771 253 816 bo
298 770 514 816 Pichenae
559 770 840 823 emendanti,
888 770 999 832 quia

1865 135 1916 182 Χί

1172 245 1471 294 struebantur
1522 256 1601 312 qui
1664 257 1914 312 monerent]

1107 311 1347 359 Notabilis
1364 314 1489 359 verbi
1513 331 1620 361 usus
1645 333 1748 363 cum
1774 319 1913 365 adcu-

1070 413 1077 419 .
1111 380 1260 424 sativo
1283 377 1509 439 personae,
1534 389 1589 426 nt
1618 389 1692 435 11,
1723 390 1796 430 12.
1838 385 1915 430 Sic

1112 451 1160 488 et
1199 444 1351 489 moliri
1391 450 1466 498 12,
1498 450 1577 492 22.-
1613 437 1687 492 Of.
1733 456 1779 493 et
1810 443 1918 497 val.

1087 512 1091 515 '
1113 506 1309 554 Flaccus.
1334 513 1378 563 1,
1403 515 1514 555 535.

1177 572 1469 619 Celeberrimo
1511 570 1634 636 fori]
1701 574 1921 639 Intelligo

1111 639 1287 700 potius,
1349 643 1481 702 parte
1527 639 1619 685 fori
1675 640 1919 687 celeberri-

1113 718 1207 757 ma,
1243 701 1358 748 alias
1394 702 1486 749 dici
1507 711 1777 766 oportuerat
1809 708 1922 754 cele-

1116 769 1302 814 berrimo
1312 768 1441 830 fore.

192 835 259 891 sic
303 843 351 882 et
402 843 482 890 ll,
515 835 563 882 6.
629 835 786 883 Germ.
833 840 911 881 24.
951 843 998 880 et
1052 847 1092 879 c.
1117 832 1195 891 69.
1237 834 1419 879 Tectum
1442 839 1486 879 et
1514 834 1711 895 parietes
1734 836 1922 882 circum-

189 898 355 947 Livius
379 907 459 955 21,
483 907 562 947 43.

263 966 403 1012 Virile
417 980 472 1011 ac
492 965 704 1012 muliebre
724 966 865 1021 secus}
887 963 998 1010 Ele-

193 1031 380 1092 gantius
413 1039 460 1076 et
492 1031 700 1077 certioris
724 1029 997 1075 Latinitatis

193 1103 265 1142 est
308 1109 450 1149 sexus,
492 1105 545 1141 ut
579 1095 627 1149 6,
657 1101 730 1141 12.
773 1094 849 1152 (de
888 1109 1002 1139 voce

194 1175 317 1206 secus
352 1177 394 1207 v.
422 1161 685 1207 Charisium
721 1159 845 1222 apud
881 1159 996 1205 Put-

192 1226 372 1272 schium
397 1238 441 1288 p.
464 1225 566 1283 61.)

269 1290 331 1338 Ut
349 1291 435 1336 tali
449 1289 876 1336 sorte—miserandi
891 1292 1000 1346 etc.]

197 1353 507 1402 Commodum
549 1369 734 1400 sensum
772 1354 863 1399 ista
907 1368 1004 1400 non

193 1419 386 1474 habent,
403 1420 494 1465 nisi
512 1426 740 1465 mutemus
758 1419 849 1464 hoc
865 1418 1005 1464 modo

190 1484 562 1531 distinctionem:
590 1485 655 1530 Et
678 1485 750 1530 illi
764 1485 1007 1545 quidem-—

199 1555 252 1597 wt
276 1550 363 1596 tali
383 1555 503 1596 sorte
525 1551 770 1595 cruciatum
795 1549 1004 1611 effugere,

206 1614 319 1674 (ita)
335 1616 580 1661 „ciserandi
598 1616 759 1675 magis,
784 1628 893 1675 quos
914 1622 1004 1660 etc.

196 1678 378 1726 Forsan
410 1680 553 1725 etiam
591 1677 839 1740 legendum
879 1678 1007 1724 letali

165 1796 169 1802 ¹
198 1743 273 1790 vel
288 1744 457 1807 fatali,
482 1743 560 1790 sed
582 1743 672 1790 hoc
700 1744 851 1790 minus
873 1742 1006 1789 blan-

199 1809 341 1856 ditur.

135 1889 177 1920 c.
204 1874 283 1920 65.
313 1874 724 1935 Querquetulanum
746 1884 1007 1933 cognomen-

204 1942 270 1997 to]
294 1937 467 1984 Rarior
488 1937 706 2001 loquendi
722 1939 858 1984 ratio.
891 1939 1006 1983 Am-

202 2005 387 2050 mianus
416 2011 492 2058 15,
516 1999 585 2059 7.'
606 2001 903 2072 Vsslvomeres
927 2018 1006 2048 co-

199 2075 470 2130 gnomento.
668 2080 670 2083 ·

136 2148 179 2181 c.
202 2134 281 2190 67.
323 2134 468 2186 Tanto
490 2133 725 2191 occultior]
747 2130 1001 2179 Recte·sic.

201 2197 319 2245 Vide
343 2204 508 2245 notata
529 2197 587 2244 ad
609 2204 659 2254 3,
684 2205 763 2257 29.

1115 897 1453 960 spectabantur]
1485 898 1721 944 Acidalius
1745 901 1932 948 mavult·

1116 965 1496 1024 suspectabantur,
1514 962 1592 1008 sed
1615 963 1776 1010 eodem
1789 982 1925 1012 sensu

1118 1036 1166 1073 et
1204 1027 1400 1073 alterum
1432 1028 1622 1074 verbum
1655 1038 1922 1092 usurpatur,

1119 1101 1171 1138 ut
1198 1092 1263 1138 H.
1288 1097 1338 1147 4,
1365 1099 1410 1140 8.
1450 1092 1634 1140 Sallust.
1658 1094 1768 1156 Jug.
1787 1111 1827 1142 c.
1846 1097 1925 1152 72.

1120 1158 1219 1208 Cic.
1246 1158 1296 1203 in
1319 1157 1536 1203 Pisonem
1557 1173 1599 1202 c.
1627 1158 1708 1206 ult.

1056 1237 1097 1268 c.
1122 1229 1201 1279 71.
1239 1224 1551 1269 Cunctationes
1585 1224 1815 1286 Principis
1845 1241 1927 1288 op·

1116 1289 1362 1398 perimetur]
1386 1287 1545 1334 Placet
1569 1288 1666 1347 hoc!
1682 1291 1796 1336 mihi
1818 1306 1928 1337 cuin

1082 1380 1084 1382 ·
1123 1369 1151 1398 a
1171 1366 1241 1400 us.

1060 1433 1102 1464 c.
1146 1424 1225 1473 74.
1282 1416 1387 1464 Non
1430 1419 1763 1479 illi—degressi
1804 1423 1931 1478 sunt]

1123 1482 1326 1528 Verbum
1356 1484 1532 1543 digredi
1565 1491 1744 1529 mutare
1777 1484 1826 1529 in
1852 1486 1930 1531 de·-

1122 1550 1268 1608 gredi,
1292 1548 1423 1593 nulla
1444 1548 1565 1594 ratio
1588 1557 1702 1597 erat.
1735 1548 1810 1594 De
1827 1549 1931 1612 plu-

1125 1612 1252 1658 ribus
1286 1614 1409 1658 enim
1443 1628 1537 1658 una
1569 1613 1766 1660 eundem
1788 1615 1838 1659 in
1860 1613 1932 1659 lo-

1124 1691 1232 1724 cum
1256 1678 1529 1724 abeuntibus
1555 1680 1733 1739 digredi
1747 1693 1934 1742 quoque

1125 1742 1216 1788 dici
1250 1742 1367 1789 solet
1399 1743 1600 1804 itemque
1625 1744 1680 1789 de
1706 1758 1800 1789 uno
1825 1746 1933 1791 abe-

1128 1816 1256 1863 unte,
1281 1806 1415 1863 nt'2,
1450 1805 1529 1866 69.
1575 1808 1620 1860 6,
1654 1816 1693 1855 1.
1745 1815 1820 1862 13,
1859 1816 1945 1857 18.

1126 1872 1193 1919 H.
1227 1880 1276 1929 3,
1300 1873 1380 1932 69.
1436 1873 1565 1918 ldcm
1596 1874 1737 1928 valet,
1763 1874 1844 1919 ubi
1876 1875 1933 1920 de

1090 1961 1093 1965 >
1126 1940 1326 1999 digressu
1348 1936 1420 1984 vel
1453 1938 1584 1984 abitu
1617 1955 1673 1985 ex
1708 1937 1814 1984 loco
1835 1939 1934 1985 edi-

1124 2004 1244 2049 tiore
1290 2002 1343 2048 fit
1387 2005 1579 2058 mentio,
1623 2010 1673 2051 ut
1713 2015 1854 2067 supra
1891 2021 1933 2051 c.

1123 2073 1204 2126 49.
1238 2075 1286 2114 et
1314 2074 1487 2122 12,:30.
1523 2067 1662 2126 H.2,
1687 2075 1792 2117 100.
1825 2066 1933 2118 Val.

1123 2133 1318 2180 Flaccus
1342 2133 1390 2189 6,
1415 2137 1524 2189 754.

836 2305 1202 2337 ψ..

690 2407 784 2455 AD
816 2406 1188 2455 ANNALIUM
1220 2391 1279 2458 1..
1311 2406 1372 2454 V.

139 2509 182 2539 c.
211 2499 284 2542 10.
321 2493 531 2540 Inanium
556 2493 656 2556 spe]
690 2493 854 2540 Inania
887 2492 1012 2557 apud

206 2557 428 2604 Tacitum
459 2572 555 2604 non
587 2565 687 2604 tam
707 2560 919 2622 potentia
941 2558 1011 2604 di-

208 2622 347 2678 citur,
388 2636 492 2685 quae
536 2622 657 2669 falso
700 2632 1011 2687 exspectatur,

175 2706 180 2712 ·
208 2701 349 2750 quam
381 2702 485 2753 quae
517 2688 644 2734 inani
674 2696 859 2734 constat
881 2704 1012 2752 pom-

208 2766 289 2816 pa,
313 2753 461 2815 magis
478 2754 628 2818 specie
644 2769 785 2817 quam
801 2759 851 2800 re‘
875 2762 1013 2816 atque

1128 2494 1177 2540 vi
1208 2491 1428 2540 notabilis
1462 2493 1539 2549 sit,
1563 2487 1613 2549 4,
1637 2498 1718 2552 41.
1755 2501 1831 2551 15,
1855 2499 1935 2543 31..

1131 2558 1251 2604 Cum
1300 2560 1456 2620 itaque
1510 2561 1667 2623 inania
1712 2558 1938 2622 ejusmodi

1123 2621 1226 2687 jam
1257 2624 1449 2670 haberet
1483 2624 1558 2669 hic
1582 2623 1761 2687 Drusus
1784 2625 1939 2687 potius

1133 2703 1273 2750 quam
1329 2705 1349 2735 s
1383 2697 1550 2744 eraret,
1606 2688 1766 2740 malim
1831 2705 1938 2735 cum

1136 2752 1332 2800 Heinsio
1353 2705 1507 2815 legere
1531 2755 1736 2812 inanium
1755 2756 1917 2816 specie.

821 2872 1191 2907 ψ...-

689 2965 785 3014 AD
816 2965 1182 3014 ANNALIUM
1233 2965 1292 3014 L.
1315 2963 1400 3014 VI.

148 3079 190 3114 c.
219 3071 260 3111 1.
296 3066 420 3114 Saxa
446 3076 632 3115 ’‘ur-wrmv
661 3068 707 3112 et
739 3065 1025 3112 solitudinem
1078 3081 1118 3112 c.
1142 3071 1188 3112 5.
1214 3065 1269 3111 In
1292 3067 1456 3111 crimen
1472 3064 1729 3128 duceretur]
1747 3057 1943 3132 (Sallust.

214 3133 370 3188 maris]
394 3131 597 3195 Capreas
618 3129 816 3176 insulam
846 3132 914 3176 ita
944 3146 1025 3176 vo·

216 3204 311 3250 cat,
330 3196 410 3241 ubi
425 3209 519 3242 non
541 3196 611 3241 ita
631 3195 743 3241 utin
768 3196 1026 3241 continenti

1141 3129 1252 3192 Jug.
1277 3145 1316 3178 c.
1342 3135 1421 3177 85.
1466 3133 1513 3177 in
1532 3134 1842 3181 conscientiam
1861 3135 1942 3179 du-

1144 3201 1275 3241 ceret.

218 3260 278 3305 ab
294 3260 557 3307 hominibus
572 3257 856 3322 frequentari
871 3260 1025 3314 Caesar
1079 3276 1121 3305 c.
1147 3259 1193 3307 6.
1218 3260 1273 3306 In
1295 3262 1564 3324 supplicium
1584 3260 1828 3324 verterent]
1856 3263 1885 3311 i.
1903 3279 1945 3309 e.

215 3326 387 3388 potuit.

151 3405 193 3438 c.
216 3395 264 3436 3.
297 3390 413 3437 Lat..
429 3388 661 3436 Latiarem
690 3391 909 3450 ingressus
935 3388 1020 3448 est]

215 3454 387 3502 Malim
437 3471 543 3501 cum
586 3454 753 3518 Lipsiu
797 3457 1048 3520 adgressusv

219 3523 300 3567 eet.

1141 3325 1454 3379 vertebantur,
1479 3326 1720 3373 cedebant.
1755 3326 1947 3372 Frustra

1144 3402 1256 3450 ergo
1288 3388 1411 3438 Ren.
1445 3388 1658 3437 Vallinus
1696 3391 1753 3436 ad
1777 3391 1946 3439 Boeth.

1145 3455 1286 3500 Cons.
1309 3459 1355 3502 4.
1379 3463 1486 3502 met.
1510 3461 1557 3500 2.
1596 3454 1946 3502 emaculandum

1148 3526 1280 3581 putat
1305 3520 1593 3582 ipsequoque
1618 3522 1660 3565 in
1676 3520 1945 3582 supplicium
