2190 3880
660 146 817 203 LIB'.
862 145 904 195 1.
959 144 1225 199 CA'PA‘J.
1763 150 1841 198 45Χ

26 273 415 330 Cenem-ionibus
438 272 611 339 solita,
638 273 1022 326 remitterentur.
1071 272 1324 342 Namque
1350 273 1628 344 gregarius
1655 274 1894 339 milesstx.
1914 290 1970 332 U.

19 358 84 400 ut
134 347 400 398 tributum
449 362 710 410 annuum,
761 345 1050 415 pendebat.
1113 345 1338 416 ,Quarta
1390 363 1511 415 pars
1565 346 1833 418 manipuli*
1861 347 1955 384 393·

9 435 212 489 ⁴spensa.
233 433 328 488 per
365 427 718 482 commeatu8‚
747 428 841 468 aut
869 417 930 467 in
969 414 1103 488 ipsis
1129 417 1322 469 castris
1343 434 1499 486 vaga,
1535 416 1665 468 dum
1691 436 1832 470 mer·
1844 396 1895 494 Αἵ·
1913 398 1947 437 C

21 489 212 543 eedem
257 488 582 541 Centu-rioni-
621 488 954 541 exsolveret:
1013 505 1189 557 neque
1227 487 1451 540 modum
1478 488 1658 540 oneris
1685 490 1840 557 quis--

23 578 205 630 quam,
233 578 408 630 neque
447 579 619 631 genus
647 570 887 629 quaestue
933 559 1085 630 pensi
1129 559 1385 612 habebat.
1425 576 1520 629 per
1546 559 1837 611 latrocinia

24 644 80 707 et
106 643 308 703 raptu-S,
337 643 431 684 aut
469 631 751 684 servilibus
778 630 1112 696 ministeriiS,
1137 632 1371 683 mili-tare
1396 631 1571 683 otium
1605 631 1840 683 redime-

26 702 178 755 bant.
252 702 391 756 Tum
419 703 873 774 locupletissimus
907 703 1137 772 quisque
1178 703 1332 755 miles
1372 701 1557 755 labore
1585 721 1648 755 ae
1675 702 1836 754 saevi-

26 775 105 826 tia
130 774 367 845 fatigari,
394 775 568 828 donec
599 775 934 828 vacationem
975 785 1198 827 emeret.
1236 776 1358 840 ubi,
1387 775 1695 846 sumptibus
1736 791 1834 826 ex·-

23 844 269 910 haustus,
296 846 542 898 socordia
569 847 786 918 insuper
812 846 1144 916 elanguerat,
1171 848 1330 918 inops
1357 865 1455 917 pro
1482 845 1753 917 locuplete
1778 856 1845 898 et

0 917 170 969 'iners
208 934 306 987 pro
350 930 587 982 strenuo,
623 917 679 970 in
725 918 1061 989 manipulum
1099 919 1343 973 redibat:
1383 936 1448 970 ac
1489 935 1668 970 rursus
1695 917 1833 969 alius

0 999 188 1059 ‚atque
214 988 372 1054 alius,
394 990 582 1042 eadem
609 1001 851 1061 egestate
877 1009 940 1043 ac
967 989 1188 1042 licentia
1213 988 1487 1060 confrupti,
1514 990 1586 1042 ad·
1611 989 1836 1042 sedi-tio-

25 1076 121 1112 nes
170 1070 238 1112 εἰ»
261 1060 576 1125 discordiaS‚
626 1074 682 1113 et
731 1061 799 1114 ad
848 1072 1155 1114 extremum·
1199 1062 1258 1114 in
1306 1061 1445 1113 belia
1492 1061 1678 1113 civilia
1714 1077 1835 1112 rue-

28 1131 181 1183 bant.
254 1131 361 1185 Sed
416 1132 588 1196 Otho,
630 1151 701 1185 ne
750 1131 898 1204 vulgi
945 1133 1234 1203 largitione
1283 1132 1678 1185 centurionum
1717 1132 1835 1184 ani-

27 1220 150 1254 mos
187 1215 471 1268 averteret,
488 1203 679 1273 fiscum
716 1222 862 1256 suum
905 1204 1191 1256 vacationes
1237 1222 1433 1256 annuas
1474 1203 1834 1267 exsulatur-um,

29 1275 312 1344 promis-it:
349 1293 461 1328 rem
491 1274 636 1328 haud
659 1275 1058 1340 dubieutilern,
1082 1288 1137 1327 et
1163 1295 1196 1328 a
1220 1276 1378 1328 bonis
1405 1285 1595 1346 pos-tea
1624 1274 1843 1326 Prinei«

0 1345 190 1416 'pibus
217 1347 577 1417 perpetuitate
620 1347 923 1418 disciplinae
957 1347 1245 1399 firmatam.
1324 1347 1468 1399 Laco
1511 1345 1835 1410 Praefectus,

32 1427 307 1486 tamquam
345 1418 400 1469 in
429 1419 656 1472 insulam
682 1431 1047 1491 sepon‘eretun
1074 1421 1143 1472 ab
1170 1431 1418 1482 evocato,
1445 1435 1606 1488 quem
1634 1418 1705 1469 ad·-
1728 1435 1838 1470 cae-

30 1487 152 1540 dem
180 1491 296 1558 eJus
325 1489 481 1542 Otho·
520 1491 868 1562 praemiserat,
905 1491 1223 1544 confossus:
1265 1492 1326 1542 in·
1350 1490 1693 1542 Martianum
1717 1488 1838 1542 Ice-

1899 426 1965 491 0..

29 1554 160 1626 lum,
189 1571 248 1612 ut
286 1561 343 1631 in
382 1560 712 1628 libertinum,
742 1562 917 1635 palam
962 1563 1413 1618 animadversum.
1489 1559 1701 1613 Exacto
1740 1573 1918 1632 per47

30 1757 131 1813 {enti
154 1772 356 1799 munerum
380 1763 633 1808 vacationem,
662 1768 699 1799 et
727 1760 908 1799 blandius

32 1825 148 1864 quam
165 1816 321 1853 militia?
339 1815 548 1865 disciplina
558 1817 750 1866 postulat,
769 1816 907 1853 adula-

32 1873 117 1904 tum
133 1869 256 1907 militi
275 1870 492 1908 wibunum
506 1885 519 1907 :
548 1872 758 1920 imperatas
780 1882 908 1920 asper-

31 1922 155 1958 rimas
167 1924 439 1972 expeditiones,
453 1932 497 1963 ut
510 1927 805 1962 remitterentur.
832 1925 911 1962 Ta-

32 1974 110 2011 l'em
130 1978 367 2015 vacationem
385 1984 425 2016 et
442 1979 575 2017 Livius
593 1978 791 2015 intellexit
810 1980 849 2024 7,
868 1980 891 2019 7
899 2005 908 2014 .

33 2029 82 2065 de
114 2031 338 2069 cohortibus
385 2034 664 2080 Hernicorum,
715 2035 911 2070 Immunes

34 2096 182 2135 quoque
201 2093 364 2135 'operum
388 2089 626 2126 militarium
654 2093 780 2132 erant,
805 2093 850 2124 ut
867 2087 911 2122 in

34 2150 157 2191 unum
186 2153 336 2190 pugna·
381 2143 548 2180 laborem
591 2142 775 2178 reservati
817 2141 912 2190 plus

2 2201 6 2210 ¹*
33 2205 153 2244 quam
172 2206 246 2244 pro
275 2195 385 2233 virili
405 2203 521 2245 parte
556 2196 806 2233 adnitendum
836 2196 912 2232 sci-

0 2214 135 2285 ἓνεητ.
186 2249 298 2286 ΙιιΡε.
353 2251 453 2288 Sunt
477 2254 610 2288 autem
640 2250 771 2298 pretia
799 2261 913 2286 vaca-

0 2302 204 2348 '‘tionum,
222 2305 402 2352 pecunia,
429 2316 507 2354 qua
529 2306 751 2342 vacationes
775 2315 913 2340 mune-

36 2367 125 2392 rum
153 2357 447 2403 redimerentur,
466 2363 512 2397 ut
529 2355 649 2397 verba
671 2358 858 2409 proestari
874 2362 914 2396 et

37 2411 322 2449 remitterentur
352 2414 505 2452 docent.
550 2413 658 2452 ERN.
703 2412 823 2450 Plura
846 2413 914 2450 dat

38 2463 162 2513 Marc.
179 2464 373 2506 Donatus.
447 2462 450 2464 v

92 2518 298 2559 Pendebat.
341 2522 446 2559 Pars
499 2519 730 2572 manipulis]
783 2519 913 2559 Libris

38 2574 237 2611 veteribus
252 2586 327 2613 vox
351 2575 553 2622 inseritur,
565 2575 752 2626 pendebat
772 2581 913 2625 quarta

34 2639 144 2677 pars.
196 2628 411 2678 Numquid,
418 2631 606 2681 pendebat
622 2636 803 2680 quartam
817 2629 839 2667 ?
867 2633 915 2666 ut

40 2680 136 2718 velit
153 2681 195 2720 in
212 2683 284 2719 hoc
299 2683 496 2723 tributum
521 2689 700 2733 quartam
729 2683 912 2731 stipendii

41 2739 195 2784 partem
221 2737 446 2786 erogatam?
475 2750 527 2776 an
553 2739 676 2787 magis
704 2738 914 2775 Piehenam

29 2791 220 2828 ‘audimus
235 2789 251 2827 ?
285 2793 438 2837 Quarta
459 2805 557 2842 pao-s
571 2793 766 2842 manipuli
778 2803 914 2841 sparsa

35 2851 365 2898 percommeatus.
420 2846 566 2893 Audio,
583 2845 716 2892 audio,
746 2849 787 2883 et
814 2844 915 2882 nihil

40 2898 182 2937 melius
220 2900 411 2938 veriusve.
450 2901 565 2938 Lres.
606 2900 770 2948 Recepit
813 2898 915 2936 bene

37 2947 220 2991 Freinsh.
272 2951 374 2992 Nam
403 2956 458 2993 sic
485 2954 590 2992 Flor.
623 2954 721 3002 Agr.
743 2953 874 3005 Guelf.
891 2963 920 2990 a

43 3018 163 3045 manu
197 3019 274 3046 sec.
307 3009 368 3046 ed.
403 3022 464 3060 pr.
503 3005 616 3047 ERN.
655 3009 747 3057 Bip.
776 3007 915 3044 dedere

35 3061 225 3112 pendebat
232 3069 427 3114 quartam,
439 3064 541 3113 quod
550 3064 682 3112 Lipsio
693 3064 735 3100 in
744 3067 914 3099 mentem

42 3121 216 3155 venerat.
271 3117 344 3155 Sed
362 3123 541 3168 quartam
558 3117 745 3166 stipendii
762 3120 914 3166 partem

43 3175 240 3218 erogatam
274 3175 448 3221 praecise,
485 3173 548 3210 vix
588 3173 744 3210 videtur
777 3174 916 3209 auctor

43 3224 210 3262 voluisse
226 3237 399 3265 narrare.
425 3226 597 3264 Verbum
608 3226 810 3278 pendebat,
827 3225 915 3262 abs-

43 3291 120 3328 que
137 3291 230 3318 casu
248 3281 434 3330 positum,
446 3282 615 3319 refertur
624 3282 671 3318 ad
685 3283 914 3319 vacationes.

44 3333 146 3371 Bud.
163 3334 341 3373 vitiosam
359 3336 561 3373 Puteolani
579 3341 619 3373 et
637 3336 688 3374 al.
711 3335 917 3374 lectionem

45 3386 173 3432 offert,
193 3394 390 3428 servatam*
402 3402 427 3427 a
439 3391 642 3428 Rhenano.

100 3441 285 3480 Socordia
322 3445 438 3482 miser
470 3441 726 3493 elanguerat]
755 3440 917 3480 Mallem

46 3496 196 3543 misere,
212 3508 282 3545 pro
308 3500 424 3536 miser
439 3513 450 3535 .-
482 3503 554 3537 aut
577 3510 665 3535 cum
689 3497 858 3535 Pichena
879 3496 917 3546 (e

46 3548 167 3602 Flor.)
199 3553 364 3602 insuper.
393 3555 502 3593 Ln’s.
541 3551 673 3593 Guelf.
699 3553 827 3600 miser,
857 3551 917 3591 ed.

958 1773 1018 1810 pr.
1034 1761 1211 1799 socordia
1229 1761 1473 1809 elanguerat.
1517 1759 1612 1797 Mox
1637 1758 1841 1796 seditiones

960 1828 980 1852 e
996 1815 1100 1855 Flor.
1120 1816 1158 1853 J.
1177 1817 1299 1852 Gron.
1318 1815 1375 1852 sic
1391 1819 1431 1851 et
1444 1814 1493 1865 (c.
1513 1815 1610 1862 Agr.
1622 1810 1678 1863 et)
1702 1813 1760 1849 ed.
1776 1824 1840 1862 pr.

959 1870 1090 1918 Vulgo
1105 1870 1340 1907 seditionem.
1368 1866 1477 1906 Eme.
1508 1869 1570 1906 Sic
1588 1872 1628 1904 et
1643 1866 1747 1904 Bud.
1834 1891 1836 1894 ψ

1018 1926 1070 1963 In
1090 1924 1188 1962 bella
1215 1922 1367 1972 civilia]
1413 1922 1475 1960 Sic
1505 1922 1697 1959 Heinsius
1721 1923 1843 1958 recte.

964 1977 1012 2016 ‘rb
1029 1978 1090 2015 'in
1115 1978 1258 2015 ultima
1285 1977 1537 2026 praecedentis
1571 1977 1675 2013 vocis
1707 1975 1844 2019 littera

964 2031 1147 2070 abstulit.

1017 2084 1178 2123 Fiscum
1203 2084 1334 2136 sumn]
1367 2085 1531 2122 Secutus
1555 2096 1641 2121 sum
1668 2083 1709 2120 J.
1743 2083 1845 2121 Gro-

963 2140 1141 2186 novium,
1154 2140 1221 2190 qui
1238 2141 1292 2177 sic
1305 2139 1454 2188 primus
1467 2134 1589 2175 edidit
1603 2150 1624 2174 e
1637 2139 1722 2175 cod.
1739 2138 1845 2175 Flor.

964 2195 1008 2230 in
1034 2207 1111 2243 quo
1141 2198 1201 2231 est
1225 2199 1261 2231 et
1273 2194 1421 2243 fiscum
1454 2205 1584 2240 suum,
1611 2197 1659 2229 ut
1688 2192 1731 2229 in
1759 2191 1846 2228 MS«.

965 2250 1063 2297 Agr.
1095 2247 1151 2300 (et
1167 2250 1265 2296 neg.
1290 2246 1489 2297 Lall.)·ed.
1519 2258 1580 2294 pr.
1599 2258 1688 2283 cum
1718 2247 1842 2283 ceteri

966 2315 1040 2341 scr.
1069 2302 1128 2354 (in
1155 2303 1218 2339 his
1254 2300 1374 2351 Bud.)
1407 2306 1445 2338 et
1475 2301 1561 2338 edd.
1595 2300 1769 2338 habeant
1794 2312 1846 2338 ea:

954 2358 1056 2406 fisco
1075 2370 1158 2395 suo.
1211 2354 1273 2393 Et
1290 2356 1393 2392 unde
1411 2358 1549 2392 natum
1570 2355 1636 2400 sit,
1655 2355 1697 2391 in
1714 2365 1847 2405 prom-

964 2416 1011 2448 tu
1029 2417 1101 2448 est.
1156 2407 1230 2448 Sed
1248 2410 1345 2447 mihi
1362 2413 1402 2446 et
1422 2421 1638 2458 pronomen
1651 2421 1766 2446 suum
1780 2407 1847 2451 vel

964 2479 1033 2503 suo
1064 2468 1304 2514 suspectum.
1359 2464 1425 2500 An
1449 2465 1554 2501 enim
1582 2463 1683 2500 alius
1710 2463 1846 2508 fiscus,

966 2532 1083 2568 quam
1115 2517 1307 2557 Caesaris?
1337 2517 1392 2556 Et
1422 2530 1574 2566 semper
1602 2517 1713 2563 alibi,
1738 2517 1847 2566 apud

966 2573 1088 2612 bonos
1114 2573 1335 2622 scriptores,
1363 2577 1554 2620 quantum
1580 2571 1756 2618 memini,
1774 2571 1846 2608 ab·

967 2629 1094 2665 solute
1110 2628 1269 2672 dicitur,
1289 2631 1336 2664 ut
1358 2626 1462 2663 infra
1478 2638 1512 2663 c.
1532 2631 1596 2663 58.
1626 2626 1847 2662 vacationes

970 2681 1263 2720 Cenem-ionibus
1282 2681 1438 2729 exfisco
1456 2685 1647 2717 numerat.
1702 2679 1757 2716 Et
1772 2690 1843 2727 po-

965 2737 1047 2774 tuit
1078 2735 1191 2774 facile
1222 2744 1437 2785 pronomen
1466 2732 1538 2770 hoc
1567 2732 1673 2770 nasci
1699 2744 1720 2768 e
1737 2733 1844 2781 fisco

966 2791 1029 2828 vel
1048 2791 1213 2841 fiscum,
1245 2789 1459 2836 praesertim
1487 2799 1576 2824 cum
1608 2787 1727 2823 etiam
1746 2787 1846 2834 fisci

967 2843 1130 2882 verbum
1143 2843 1361 2881 scriberent
1370 2841 1521 2887 vitiose,
1535 2840 1644 2879 velut
1657 2840 1846 2878 ianuelf.

961 2899 1139 2949 physico,
1173 2898 1214 2934 in
1257 2908 1334 2950 quo
1366 2895 1515 2933 ultimae
1555 2896 1641 2932 duae
1685 2890 1846 2943 syllaba

967 2964 1088 3002 prope
1105 2951 1162 2990 nil
1191 2951 1378 2989 differunt
1404 2961 1429 2987 a
1454 2962 1537 2987 suo.
1577 2952 1670 2987 Post
1692 2949 1845 2987 correxi

967 3008 1189 3045 libertinum
1223 3017 1294 3055 pro
1326 3005 1517 3042 libertum.
1571 3000 1674 3042 Nam
1708 3003 1844 3040 condi-

966 3062 1023 3098 tio
1039 3061 1207 3100 hominis
1226 3059 1472 3108 exprimitur,
1491 3059 1534 3096 in
1547 3069 1625 3107 qua
1640 3058 1845 3095 libertinus

966 3110 1110 3152 dicitur
1138 3127 1219 3152 non
1246 3114 1430 3151 libertus:
1470 3114 1574 3161 quod
1611 3123 1691 3164 non
1719 3113 1843 3149 sensit

964 3169 1182 3208 Broterius.
1202 3167 1310 3206 Eas.
1329 3167 1472 3215 scripti
1486 3171 1527 3204 et
1545 3167 1632 3204 edd.
1652 3166 1844 3204 libertum.

1023 3221 1536 3275 Tanquam—seponemtur]
1584 3221 1727 3258 Sensus
1768 3224 1845 3267 est,

968 3278 1195 3317 simulatum
1212 3281 1252 3326 et
1268 3276 1511 3324 divulgatum
1529 3278 1602 3328 est,
1615 3286 1704 3311 eum
1722 3275 1764 3311 in
1781 3275 1844 3311 in-

968 3334 1092 3371 sulam
1109 3332 1260 3382 seponi,
1278 3331 1344 3367 sed
1373 3331 1472 3367 clam
1499 3329 1549 3365 ab
1578 3332 1735 3367 evocato
1752 3340 1846 3365 con·

969 3389 1141 3434 fossum;
1171 3397 1260 3422 nam
1279 3385 1491 3434 opponitur
1502 3383 1641 3433 palam
1666 3381 1845 3421 animad-
1871 3411 1874 3412 γ

970 3453 1132 3480 versum.
1151 3441 1216 3478 An
1228 3439 1372 3476 excidit
1380 3439 1491 3475 -clam
1509 3441 1600 3474 ante
1618 3442 1803 3485 tanquam
1821 3434 1844 3471 ?

970 3496 1044 3534 Sed
1064 3496 1103 3532 id
1136 3494 1298 3533 Tacitus
1328 3492 1533 3529 brevitatis
1565 3489 1694 3528 studio
1712 3488 1844 3537 potuit

969 3551 1163 3591 omittere.
1181 3547 1290 3591 ERN.
1315 3546 1406 3598 Bip.
1418 3545 1582 3586 mallent
1597 3551 1694 3590 tum,
1710 3554 1844 3594 quum.
