2190 3880
225 1504 294 1558 36
322 1498 439 1551 aliis
478 1500 651 1552 redire
683 1499 739 1551 in
771 1511 949 1551 castra
983 1498 1374 1551 abnuentibus,

331 146 433 198 270
951 138 1555 196 HlsToRlARUM

331 267 516 322 hostes
546 269 915 342 potiebantur.
991 271 1238 325 Primum
1260 290 1456 345 agmen
1481 290 1727 329 securum
1751 275 1990 341 incessit,
2014 293 2154 331 non·

332 342 461 394 dum
493 343 623 394 satis
643 343 803 396 firmo
834 342 1029 396 Civile.
1068 346 1182 414 qui,
1210 346 1303 397 ubi
1333 363 1510 398 rursus
1534 347 1710 399 missos
1739 347 2156 420 Novesiumj'ra-

293 428 303 438 ·
331 423 647 481 menratores,
671 416 932 486 ‘datasque
967 416 1023 468 in
1055 416 1357 485 praesidium
1394 418 1633 483 cohorte&
1660 419 1797 472 velut
1833 420 2005 472 multa·
2023 438 2156 490 paee

328 486 532 559 ingredi
549 489 758 559 accepit,
782 505 959 540 rarum
985 488 1130 558 apud
1155 488 1314 558 signa
1336 489 1588 552 militem,
1609 507 1758 542 arma
1774 493 1839 544 in
1871 492 2154 559 vehiculis,

330 572 557 612 cunctos
589 559 810 613 licentia
841 577 1028 630 vagm,
1058 561 1396 630 compositus
1432 561 1671 614 invadit:
1714 565 2024 632 pr'aemissis,
2058 568 2155 635 qui

319 645 522 703 >pontes
550 644 605 685 et
634 633 839 684 viarum
865 642 1098 702 angusta
1135 631 1451 683 insiderent.
1505 646 1808 704 pugnatum
1849 634 2017 708 longo
2054 655 2153 710 ag-

324 705 473 757 mine
499 716 555 756 et
583 704 790 755 incerto
822 701 1025 768 Marte,
1053 703 1228 755 donec
1256 703 1514 774 proelium
1543 723 1653 758 nox
1682 705 1978 760 dirimeret.
2038 707 2155 762 Co-

324 775 508 828 hortes
538 775 846 828 Geldubam
869 791 1173 845 perrexere,
1202 777 1570 841 manentibuS,
1595 791 1655 830 ut
1682 777 1916 844 fuerant,
1943 782 2156 847 castris,

322 866 445 918 quae
477 848 788 900 relictorum
817 847 927 899 illic
955 847 1190 899 militum
1215 849 1472 918 praesidio
1502 851 1847 904 tenebantur.
1883 852 2010 904 Non
2035 867 2152 906 erat

321 920 571 984 dubium,
602 926 870 989 quantum
901 920 955 970 in
995 936 1240 991 regressu
1276 921 1605 973 discriminis
1644 923 1955 976 adeundum
1991 925 2151 989 foret,

322 991 810 1045 frumentatoribus
839 992 1049 1044 onustis
1079 992 1465 1064 perculsisque.
1541 993 1714 1047 Addit
1744 997 2013 1049 exercitui
2051 1014 2149 1052 suo

322 1063 533 1117 Vocula
567 1063 711 1116 mille
742 1064 981 1116 delectos
1006 1082 1036 1116 e
1067 1064 1259 1134 quinta
1288 1076 1344 1116 et
1375 1066 1784 1135 quintadecima
1820 1068 2149 1140 legionibus,

311 1137 469 1208 ‘apud
497 1137 698 1207 Vetera
725 1137 978 1201 obsessiS,
1000 1136 1330 1188 indomitum
1359 1137 1590 1189 militem
1615 1149 1672 1192 et
1696 1138 2147 1194 Ducibusinfen-

326 1227 466 1262 sum.
522 1209 728 1274 Plures,
755 1227 917 1280 quam
939 1209 1157 1279 jussum
1194 1221 1326 1273 era-t,
1357 1210 1610 1280 profecti,
1640 1211 1816 1282 palam
1844 1213 1902 1265 in
1929 1215 2147 1284 agmine

324 1280 648 1347 fremebant,
667 1299 768 1334 non
784 1299 833 1334 se
846 1281 986 1333 ultra
995 1279 1221 1352 firmem,
1238 1282 1458 1334 insidias
1484 1281 2143 1354 Legatorum‚toleratums.

310 1354 418 1419 At,
445 1356 538 1425 qui
568 1366 954 1418 remanserant,
981 1354 1195 1406 desertos
1211 1371 1284 1419 se,
1309 1353 1527 1407 abducta
1545 1365 1700 1425 parte
1721 1355 1994 1428 legionum,
2015 1376 2150 1429 que-

321 1427 599 1479 rebantur.
642 1426 862 1498 Duplex
889 1426 1019 1479 hinc
1047 1426 1244 1478 seditio
1269 1447 1284 1491 3
1317 1425 1841 1482 aliiS.revocantibus
1861 1429 2148 1496 Voculam,

1452 1499 1679 1552 Interim
1713 1500 1908 1554 Civilis
1948 1500 2147 1556 Vetera

308 1572 690 1625 circumsedit.
721 1571 931 1624 Vocula
959 1571 1267 1624 Geldubam
1307 1582 1472 1641 atque
1509 1571 1637 1626 inde
1673 1572 1974 1627 Novesium
2013 1593 2146 1628 con-

320 1643 502 1697 cessit.
549 1643 742 1698 Civilis
767 1642 916 1715 capit
939 1643 1270 1696 Geldubam.
1315 1643 1479 1709 Mox,
1502 1643 1647 1698 haud
1670 1645 1862 1715 'procul
1882 1646 2146 1713 NovesiO,

319 1718 556 1789 equestri
583 1715 781 1788 proelio
809 1733 1065 1788 prospere
1102 1716 1353 1769 certavit.
1431 1716 1537 1770 Sed
1571 1715 1727 1770 miles
1759 1714 2014 1773 secundis
2050 1720 2147 1772 ad-

320 1790 597 1860 versisque
649 1790 871 1862 perinde
923 1790 978 1841 in
1030 1788 1263 1842 exitium
1320 1787 1542 1842 Ducum
1586 1790 2004 1844 accendebatur.
2072 1791 2146 1845 Et

319 1862 557 1915 adventu
595 1863 987 1933 quintanorum
1026 1861 1739 1933 quintadecimanorumque
1769 1874 1946 1917 auctae
1971 1863 2145 1934 legio·
2187 1880 2190 1884 ⁴

316 1952 432 2000 neS,
471 1933 774 1988 donativum
813 1946 1140 2006 exposcunt,
1180 1943 1484 2058 corplper'm,
1525 1935 1812 2006 pecuniam
1848 1952 1885 1987 a
1923 1934 2143 1990 Vitellio

314 2008 595 2068 missam„
639 2007 760 2060 Nec
803 2007 894 2060 diu
937 2017 1225 2059 cunctatus
1330 2007 1620 2059 ordeonius
1675 2008 1899 2060 nomine
1935 2007 2145 2080 Vespa-

319 2080 457 2133 siani
490 2080 658 2133 dedit.
738 2078 912 2151 quue
951 2080 1294 2152 praecipuum
1331 2078 1438 2132 fuit
1478 2079 1763 2133 seditionis
1798 2079 2138 2135 alimentum.

297 2271 421 2310 verba
442 2273 666 2321 ponendum
683 2279 729 2311 ut
745 2272 834 2311 inde
849 2274 1036 2311 terrestri.
1093 2272 1193 2310 Vide
1249 2271 1427 2322 quisquis
1440 2272 1476 2310 ei
1490 2273 1594 2310 dixit
1610 2273 1653 2310 in
1668 2273 1739 2312 illa
1754 2274 1813 2311 ed.
1828 2286 1912 2312 esse
1922 2275 2115 2324 perculsis
2129 2290 2142 2313 .·

298 2329 733 2376 sequentia‚agnosces.
757 2328 868 2365 L1rs.
893 2327 1191 2376 Impedivnenta,

295 2382 339 2419 id
356 2387 431 2428 est,
451 2394 590 2419 cun-us
608 2383 858 2430 etjumenta.
893 2382 1047 2419 Imbetli
1060 2381 1190 2427 turba,

296 2437 387 2474 lixis
403 2440 447 2483 et
463 2436 683 2483 calonibus,
695 2443 742 2474 ut
761 2437 896 2474 multae
913 2447 1054 2473 manus
1069 2436 1189 2472 citius

295 2491 529 2542 expedirent
556 2493 759 2541 negotium
791 2491 1075 2544 frumentandi.
1113 2490 1189 2528 Sed

295 2549 365 2596 qui
393 2547 539 2584 medios
567 2547 672 2584 inter
699 2545 859 2584 hostes?
891 2545 1066 2583 Primum
1090 2557 1189 2594 prae-

293 2602 395 2639 sidio
414 2603 636 2639 cohortium
661 2602 902 2647 additarum,
923 2601 1028 2651 quod
1045 2600 1110 2637 hic
1127 2604 1189 2638 ta-

293 2656 393 2702 cuit,
411 2669 503 2694 mox
531 2657 824 2695 nominaturus.
878 2656 1034 2694 Deinde
1055 2656 1187 2694 minus

293 2714 337 2748 in
364 2711 508 2749 itinere
530 2711 730 2749 timebant
759 2711 810 2748 ob
842 2714 1043 2748 recentem
1063 2711 1187 2748 victo-

291 2768 407 2805 riam.
452 2768 591 2805 GRoN.
647 2767 697 2804 In
722 2766 855 2804 inbelli
880 2765 995 2804 turba
1023 2769 1118 2803 sunt
1145 2768 1188 2802 et

291 2822 438 2859 milites
475 2821 606 2860 minus
643 2822 811 2859 strenui.
867 2821 1035 2870 Respice
1069 2820 1120 2858 ad
1150 2830 1186 2857 c.

294 2882 362 2914 33.
1117 2895 1120 2899 ¹

351 2932 433 2976 Qui
469 2940 655 2977 reversus,
683 2927 836 2980 missos]
878 2930 1009 2980 Magis
1055 2930 1186 2979 placet

292 2986 398 3033 quod
428 2997 448 3022 e
482 2986 718 3035 quibusdam
745 2984 856 3022 libris
873 2997 1007 3031 eruas,
1024 2987 1095 3036 qui
1118 2985 1187 3023 ubi

290 3052 429 3077 rursus
447 3044 596 3079 missos.
653 3041 901 3078 Sententiam
927 3045 1033 3077 certe
1051 3040 1185 3089 aptius

290 3095 429 3132 nectit.
485 3097 598 3134 L112S.
654 3096 718 3132 Sic
744 3099 786 3132 et
810 3095 922 3134 MSS.
955 3094 1060 3134 Flor.
1086 3095 1184 3144 Agr.

291 3149 424 3186 Guelf.
444 3150 520 3186 nisi
536 3150 637 3199 quod
653 3150 741 3187 urbi
758 3162 830 3199 pro
848 3150 914 3188 ubi
932 3150 974 3187 in
989 3148 1183 3199 margine,

291 3215 379 3253 quae
401 3205 599 3252 scriptura
616 3205 713 3241 etin
731 3205 795 3242 ed.
817 3216 877 3252 pr.
894 3205 1047 3242 Puteol.
1076 3204 1185 3242 dedit

291 3259 363 3310 qni
378 3271 515 3296 rursus
533 3261 640 3296 miss.
660 3270 750 3296 cum
771 3270 875 3307 seqq.
906 3258 986 3310 (Sic
1005 3263 1044 3297 et
1065 3257 1183 3308 Bnd.)

293 3314 486 3352 Reversus
515 3314 697 3363 nuspiam
734 3313 776 3349 in
803 3314 916 3358 meis,
946 3314 1024 3351 nisi
1056 3314 1098 3351 in
1126 3314 1187 3350 ed.

291 3369 400 3417 Lips.
429 3370 575 3416 reperi,
601 3369 704 3419 quod
731 3368 863 3406 nescio
892 3368 997 3404 unde
1024 3368 1187 3404 ductum

291 3424 358 3461 sit.
387 3423 509 3462 Haud
527 3424 646 3461 dubie
666 3435 687 3459 e
701 3423 800 3459 vitio
817 3432 1028 3470 operarum
1046 3427 1186 3460 natum

291 3482 368 3524 est,
382 3483 455 3516 aut
473 3489 521 3515 ex
535 3478 596 3517 ed.
618 3476 796 3528 ignobili.
852 3476 965 3514 Eam.

349 3533 512 3571 Onustis
534 3530 809 3584 pauc-alisque]
842 3532 916 3569 Ed.
946 3531 1059 3570 Rom.
1092 3543 1186 3583 σπιρ-

291 3589 364 3624 stis
374 3589 651 3639 perculsisque.
680 3589 794 3627 Lies.
823 3585 992 3635 Decepit
1003 3585 1182 3634 Lipsium

1247 2332 1290 2363 at
1307 2331 1367 2364 est
1388 2327 1429 2363 in
1449 2327 1533 2365 MS.
1553 2327 1654 2376 Agr.
1676 2340 1701 2364 a
1719 2341 1797 2377 quo
1815 2341 1893 2366 non
1919 2329 2033 2380 longe
2055 2330 2142 2368 abit

1246 2381 1351 2418 Flor.
1375 2380 1513 2432 (Bud.)
1544 2387 1585 2418 et
1597 2382 1661 2420 ed.
1684 2394 1744 2431 pr.
1764 2385 1805 2420 in
1824 2383 1968 2432 quibus
1984 2385 2140 2434 pericu-

1245 2436 1308 2472 lis.
1366 2435 1504 2484 Itaque
1538 2436 1638 2473 bene
1658 2438 1851 2487 perculsis
1876 2444 2079 2487 receptum
2115 2452 2140 2476 a

1243 2490 1392 2538 Ryckio
1410 2494 1451 2527 et
1472 2491 1513 2528 J.
1534 2492 1655 2529 Gron.
1713 2490 1894 2531 Perculsi
1917 2499 2032 2531 erant
2056 2494 2141 2532 fru-

1243 2544 1484 2582 mentatores
1508 2558 1529 2583 e
1553 2546 1778 2583 calamitate
1801 2546 1934 2595 paullo
1959 2551 2053 2586 ante
2076 2560 2140 2585 ac-

1244 2603 1373 2648 cepta.
1404 2599 1518 2638 MSS.
1551 2601 1685 2639 Guelf.
1717 2602 1844 2639 Oxon.
1864 2602 2138 2654 vehiculisque.

1242 2654 1343 2692 Edd.
1364 2655 1455 2700 inde
1474 2665 1499 2691 a
1518 2654 1673 2693 Puteol.
1691 2667 1817 2704 usque
1835 2656 1885 2693 ad
1901 2657 2023 2706 Ryck.
2037 2671 2138 2708 pau-

1242 2710 1437 2759 culi-sque.-
1467 2710 1573 2758 quod
1591 2722 1663 2758 pro
1685 2712 1927 2749 correctione
1951 2711 2136 2762 ‹rob‘pewi-

1241 2765 1344 2802 culi-⁵·
1387 2763 1526 2801 habeo.
1581 2765 1690 2803 ERN.
1746 2765 1958 2804 Perculsus
2001 2770 2137 2806 nostro

1240 2819 1440 2868 frequens.
1495 2819 1543 2856 V.
1563 2831 1595 2856 c.
1619 2825 1679 2860 17.
1699 2824 1738 2858 et
1758 2825 1825 2858 30.

1294 2873 1340 2910 E
1357 2875 1496 2924 quinta
1515 2879 1554 2911 et
1569 2881 1710 2924 quarta
1733 2874 1898 2926 decima]
1932 2875 2133 2915 Mercerus

1241 2931 1347 2966 recte
1351 2929 1424 2976 jud
1429 2928 1823 2975 icabat,scribendum
1833 2931 2135 2981 quintadecima,

1240 2987 1283 3020 et
1299 2982 1482 3032 pluribus
1503 2983 1542 3020 id
1560 2984 1805 3022 demonstrat
1821 2985 2001 3023 Freinsh.
2028 2985 2133 3023 Nam

1239 3051 1275 3076 c.
1301 3041 1367 3076 36.
1389 3037 1492 3074 clare
1517 3039 1864 3088 quintadecimani,
1882 3033 2133 3077 ‘consentien-

1238 3091 1349 3132 tibus
1362 3091 1489 3139 libris,
1507 3099 1548 3130 et
1564 3094 1856 3144 quartadecima
1872 3093 1976 3142 legio
1989 3098 2076 3131 tum
2089 3094 2132 3133 in

1237 3148 1465 3192 Britannia,
1481 3147 1535 3185 H.
1553 3153 1595 3193 3,
1612 3152 1677 3186 23.
1695 3147 1766 3186 ubi
1787 3159 1823 3186 v.
1842 3148 1950 3197 Lips.
1977 3149 2023 3186 In
2044 3149 2131 3188 MS.

1239 3202 1335 3251 Agr.
1357 3203 1416 3249 (et
1433 3203 1530 3250 neg.
1546 3200 1664 3252 Lau.)
1684 3205 1728 3239 et
1749 3201 1810 3240 ed.
1835 3214 1896 3251 pr.
1924 3204 2063 3252 quinta
2094 3210 2133 3244 et

1241 3257 1413 3294 decim.-
1448 3255 1552 3304 quod
1579 3261 1686 3293 recte
1710 3256 1883 3305 Ryckins
1911 3257 2066 3304 judicat
2093 3260 2131 3296 ei

1238 3310 1474 3348 correctioni
1507 3309 1653 3348 favere.
1690 3321 1781 3348 nam
1817 3311 1968 3349 nullam
2009 3314 2129 3351 aliam

1243 3365 1294 3403 ob
1322 3374 1499 3402 caussam
1535 3365 1681 3402 excidit
1708 3365 1890 3415 verbum,
1920 3367 1994 3404 nisi
2025 3369 2129 3417 qued

1239 3419 1427 3458 librarius
1449 3420 1612 3457 eandem
1630 3422 1762 3460 vooelm
1782 3420 1921 3459 vitiose
1938 3422 1999 3459 bis
2023 3423 2129 3472 posi-

1237 3480 1322 3512 tam
1347 3479 1518 3522 putaret.
1567 3476 1708 3524 ltaque
1737 3487 1815 3513 non
1845 3476 2044 3514 dubitavit
2070 3477 2129 3514 sic

1237 3530 1446 3579 corrigere.
1501 3530 1612 3567 ERN.
1665 3529 1833 3579 Egregie
1861 3532 1964 3569 Bud.
1990 3533 2128 3582 quinta

1237 3590 1275 3623 et
1291 3583 1593 3635 quintadecima.
1637 3585 1766 3628 alneu.
1785 3597 1865 3624 non
1885 3587 2078 3626 adtendit.
