2190 3880
634 115 792 165 LIB.
846 114 915 165 11.
970 115 1133 164 cAP.
1188 120 1270 163 80.
1815 122 1907 169 143

90 259 216 297 nem
241 239 478 312 disjecit,
521 239 827 293 militariter
871 240 1108 304 locutuS,
1133 240 1262 292 laeta
1303 239 1490 293 omnia
1514 251 1571 292 et
1609 241 1904 295 adfluentia
1918 255 1968 296 Α.
1990 255 2047 295 U..

46 345 49 347 —
92 314 332 384 excepit.
383 327 619 381 namque
663 311 719 363 id
760 312 939 382 ipsum
987 311 1276 381 opperiens
1319 309 1634 375 Mucianus„
1673 313 1902 366 alacrem
1918 311 2028 400 3323&

89 383 322 439 militem
352 383 409 434 in
438 382 603 434 verba
627 381 949 452 Vespasiani
998 382 1205 451 adegit.
1278 379 1420 432 Tum
1448 380 1902 436 Antiochensium
1945 387 2047 456 ἦρ]

84 453 364 508 theatrum
393 452 685 523 ingressuS,
713 453 806 505 ubi
834 452 937 504 illis
964 452 1270 504 consultare
1297 469 1415 503 mos
1453 463 1555 514 est,
1581 470 1906 506 concurren-

90 535 172 575 tes
198 523 337 575 etin
383 523 752 576 adulationem
792 522 993 575 effusos
1019 522 1364 592 adloquitur:
1404 523 1533 574 satis
1560 523 1787 575 decorus
1827 538 1908 576 et-

89 594 201 646 iam
229 591 430 646 Graeca
468 593 740 658 facundia,
779 594 1153 662 omniumque,
1189 611 1312 662 quae
1341 592 1546 644 diceret
1587 606 1752 662 atque
1781 612 1911 664 age-

88 675 191 729 ret,
215 674 331 718 arte
357 663 592 734 quadam
619 675 942 717 ostentator.
1020 663 1177 715 Nihil
1208 681 1363 733 aeque
1393 663 1729 734 provinciam
1754 683 1909 716 exer-

88 735 267 790 citum
310 752 375 787 ue
399 734 672 799 accendit,
699 753 863 805 quam
902 735 1048 804 quod
1079 735 1433 787 adseverabat
1467 733 1784 796 Mucianus,
1807 745 1912 787 sta-

66 815 70 821 “
90 805 244 858 tuisse
310 803 546 868 itellium,
564 812 622 856 ut
646 803 985 858 Germanicas
1009 804 1225 875 legiones
1247 805 1303 856 in
1330 804 1557 875 Syriam,
1576 805 1647 856 acl
1670 805 1913 858 militiam

94 894 124 930 ο
144 875 392 942 4ῑιῖιεηεαθη-
420 873 760 945 quietamque,
798 874 1136 947 transferrem
1175 884 1351 927 contra
1383 874 1611 946 Syriacis
1632 876 1915 947 legionibus

90 998 96 1006 ,
157 946 416 998 ermonica
484 944 711 1011 hiberna,
766 945 886 998 coelo
948 966 1008 998 ac
1061 945 1318 998 laboribus
1368 945 1521 1010 dura,
1574 956 1914 1000 mutarentur.

93 1016 322 1088 Quippe
347 1026 403 1068 et
443 1015 804 1086 provinciales
834 1027 988 1069 sueto
1029 1017 1265 1069 militum
1311 1018 1674 1069 contubernio
1712 1020 1915 1088 gaude-

95 1087 248 1156 bant,
274 1085 518 1159 plerique
557 1087 1048 1140 necessitudinibus
1090 1097 1145 1138 et
1172 1087 1676 1158 propinquitatibus
1714 1090 1912 1156 mixti3

115 1301 172 1344 ἴαν
203 1303 359 1359 omnig&
397 1300 463 1347 ἤδη
492 1303 705 1355 μεταβολὴν
737 1303 994 1345 ἰξουλεύοντογ

134 1369 233 1397 non.
259 1359 353 1411 Non
364 1360 494 1396 minus
508 1361 664 1408 elegans
680 1365 740 1397 est
751 1361 978 1408 conjectura

90 1411 252 1450 Trilleri
270 1412 368 1451 Obs.
399 1419 441 1458 3,
471 1418 537 1452 22.
557 1420 680 1451 tanta·
698 1413 937 1459 altitudinis,
955 1425 977 1449 e

93 1465 208 1504 Livio
226 1466 406 1514 inprimis
425 1470 494 1512 26,
513 1472 581 1506 45.
610 1480 698 1504 eum
716 1468 885 1505 altitudo
912 1479 979 1503 ca-

91 1519 261 1568 ligium
287 1520 412 1558 oculis
429 1521 631 1570 ‘ffbdiffl’t
649 1527 720 1558 etc.
776 1522 826 1558 Ei
846 1526 979 1557 tamen

90 1567 345 1610 Gronoviana
370 1573 472 1611 forte
493 1573 736 1623 praeferenda
755 1580 978 1622 propterea,

92 1626 198 1675 quod
214 1626 489 1665 antecedentia
502 1627 628 1676 magis
646 1627 819 1664 indicare
844 1628 979 1664 viden·

90 1684 178 1726 tur,
194 1680 404 1729 caliginem
421 1682 458 1719 ei
489 1681 654 1718 offusam
684 1681 806 1717 fuisse
839 1692 886 1718 ex
915 1692 978 1726 eo,

93 1734 198 1782 quod
227 1738 389 1783 repente
424 1740 466 1773 et
494 1735 650 1783 impetu
676 1734 842 1771 militari
863 1738 981 1771 tanta

1414 1266 1424 1287 ὕ

1032 1304 1231 1355 plerisque
1263 1306 1504 1352 Graecorum,
1531 1308 1572 1342 et
1602 1306 1670 1355 qui
1699 1305 1854 1343 oriundi
1888 1319 1916 1344 a

1031 1361 1191 1398 Graecis.
1222 1361 1436 1398 Frontinus
1456 1361 1626 1408 Stratag.
1646 1366 1688 1405 3,
1707 1365 1747 1405 2,
1767 1363 1806 1398 6.
1838 1363 1914 1398 Al-

1033 1414 1198 1451 cibiades
1216 1415 1258 1450 in
1280 1415 1427 1451 theatro
1446 1415 1639 1458 disseruit,
1659 1414 1727 1450 ubi
1743 1426 1791 1451 ex
1812 1426 1915 1451 more

1035 1468 1256 1504 Groecorum
1282 1469 1388 1504 locus
1422 1467 1696 1504 consultationi
1717 1468 1914 1516 praebeba-

1031 1526 1110 1558 tur.
1153 1521 1338 1558 Justinus
1372 1526 1440 1566 22,
1479 1526 1517 1559 2.
1543 1521 1783 1568 Agathocles
1811 1523 1915 1559 velut

1033 1572 1149 1622 Reip.
1184 1580 1332 1612 statum
1356 1574 1623 1622 formaturus,
1654 1576 1844 1623 populum
1871 1577 1914 1611 in

1032 1627 1228 1665 theatrum
1273 1628 1328 1664 ad
1370 1629 1587 1664 concionem
1623 1629 1753 1664 vocari
1787 1628 1915 1676 jubet.

1030 1681 1127 1717 Inde
1140 1680 1236 1718 illud
1246 1681 1411 1729 Satyrici
1427 1679 1661 1731 (Juvenalis)
1674 1681 1720 1717 de
1734 1681 1916 1729 principe

1031 1737 1186 1770 oratore
1230 1740 1292 1780 10,
1327 1740 1419 1772 128.
1454 1741 1491 1771 et
1515 1735 1626 1783 pleni
1655 1736 1915 1778 moderante-m

92 1788 263 1824 mutatio
293 1786 414 1833 facta,
431 1792 480 1826 ut
509 1788 692 1836 colligere
721 1796 763 1824 se
788 1793 829 1825 et
858 1789 980 1825 verba
1015 1784 1159 1835 fiwna
1178 1788 1335 1839 theatri.
1365 1788 1551 1824 Meminit
1579 1789 1708 1834 eJusce
1728 1789 1830 1826 ritus
1848 1790 1925 1837 Cis

93 1841 222 1878 facere
241 1852 322 1878 non
339 1845 471 1889 posset
486 1841 637 1880 statim.
682 1842 823 1879 Lector
842 1842 977 1891 eligat.

92 1894 205 1932 ERN.
250 1895 440 1932 Gronovii
470 1895 696 1943 conjectura
727 1896 857 1945 placet
875 1897 977 1943 Ryc-

91 1947 175 1995 kio,
194 1947 411 1995 *Broterio5
431 1949 711 1989 Lallemandio.
761 1950 977 1986 Dotteville

93 2001 202 2046 dedit
227 2002 525 2048 vicissitudinis,
543 2003 648 2051 quod
674 2003 787 2040 facile
806 2004 937 2050 potuit
955 2015 979 2039 a

92 2054 256 2092 librario
273 2055 316 2093 in
333 2057 600 2095 multitudinis
615 2057 729 2095 verti.
755 2057 882 2094 Reddi
899 2067 980 2094 me·

94 2113 208 2146 retur
225 2108 382 2148 Tacito.

147 2162 388 2200 Militariter
419 2162 591 2214 locutus]
633 2163 879 2202 Rectissime.
917 2167 980 2201 at-

94 2227 172 2265 que
192 2216 250 2252 ita
267 2215 374 2254 libri.
409 2216 629 2265 Significat,
654 2218 872 2254 orationem
891 2218 976 2266 ejus

93 2263 339 2307 castrensem'
351 2269 629 2319 horridamque
641 2271 777 2316 fuisse,
797 2282 877 2310 non
894 2272 978 2308 cul-

93 2327 178 2361 tam
213 2324 359 2361 forensi
396 2328 468 2361 aut
510 2323 666 2361 urbano
699 2336 821 2362 more.
894 2325 977 2366 Qui

97 2375 347 2429 (Rhenanus)
368 2378 596 2416 militariter
607 2379 754 2424 lautus,
767 2379 981 2427 castigant,

94 2424 312 2480 ineptiunt.
339 2432 452 2469 1.11›s.
481 2431 585 2469 Add.
602 2432 655 2469 A.
673 2437 737 2478 15,
756 2435 824 2472 67.
869 2433 980 2470 Lau-

95 2490 159 2522 tus
175 2495 200 2520 a
217 2484 411 2522 Rhenano
438 2489 642 2533 receptum
658 2486 805 2523 mansit
832 2486 875 2522 in
891 2487 978 2524 edd.

96 2549 221 2586 usque
242 2538 293 2575 ad
316 2538 507 2586 Lipsium.
533 2539 643 2576 Eun.
683 2539 812 2578 Rhen.
831 2539 978 2576 intelli-

95 2590 231 2640 gebat,
241 2591 361 2640 Vesp.
376 2603 456 2628 non
472 2591 594 2642 fuisse
611 2591 766 2630 urbana
781 2593 980 2642 elegantia

98 2644 317 2683 excultum.

104 2695 109 2699 '
151 2694 268 2735 Laeta
306 2699 437 2735 omnia
482 2704 520 2735 et
565 2698 766 2747 affluentia
809 2699 976 2750 excepit]

95 2749 264 2789 Frustra
307 2751 384 2788 viri
418 2751 577 2799 quidam
622 2753 726 2789 docti
777 2754 982 2802 corrigunt

95 2805 243 2845 mizina.
281 2804 386 2842 Nam
403 2806 610 2852 sequentia
626 2805 782 2852 docent,
801 2818 882 2844 non
899 2818 981 2843 ser-

93 2869 254 2910 monem
271 2869 354 2895 esse
368 2858 415 2895 de
439 2859 653 2905 ominibus,
671 2859 815 2908 quibus
833 2860 980 2897 milites

96 2913 396 2962 concionantem
423 2912 621 2960 prosecuti
637 2916 746 2958 sunt,
765 2912 832 2950 sed
851 2913 898 2950 de
916 2913 981 2959 iis,

97 2977 185 3017 quae
210 2970 348 3016 postea
367 2966 440 3014 ipsi
469 2966 640 3003 secunda
665 2978 844 3005 evenere.
898 2967 983 3005 Nec

99 3019 301 3074 affluentia
334 3020 585 3072 tentandum.
640 3019 826 3068 Undique
862 3021 983 3069 copiae

97 3073 297 3124 legionum
316 3073 466 3112 auxilia
481 3074 676 3111 sociorum
694 3073 923 3112 adnuebant
946 3075 983 3111 ei

99 3131 143 3166 et
173 3126 352 3176 partibus
386 3127 471 3176 ejus
505 3139 539 3166 c.
572 3133 642 3165 81.
697 3126 792 3165 Mox
819 3140 985 3177 namque

81 3178 123 3229 *e
139 3179 247 3219 Flor.
266 3180 367 3218 bene
384 3180 508 3220 edidit
527 3181 711 3219 Pichena.
765 3182 900 3220 Etiam
918 3182 981 3219 ed.

100 3245 164 3284 pr.
187 3233 244 3285 (et
260 3233 380 3283 Bud.)
410 3247 588 3284 namque.
636 3234 770 3273 Guelf.
798 3236 885 3274 edd.
906 3237 985 3272 Pu-

101 3286 196 3325 teol.
211 3287 306 3325 Ber.
339 3286 459 3339 (Alc.)
480 3289 608 3325 Rhen.
628 3292 703 3326 etc.
721 3301 827 3327 uam.
868 3287 984 3326 Unde

102 3338 148 3378 τὶ
153 3339 260 3388 jam,
277 3341 380 3389 quod
408 3346 468 3380 est
485 3342 526 3378 in
544 3341 650 3391 Lips.
669 3342 756 3380 edd.
784 3347 826 3379 et
843 3354 983 3391 sequa-

102 3391 231 3486 cEibus‚
250 3405 380 3433 errore
401 3406 611 3445 operarum
642 3396 842 3445 irrepsisse
871 3400 983 3445 puto.

143 3455 214 3484 RN.

166 3498 390 3541 Comum
407 3514 488 3541 mos
514 3501 586 3555 est]
621 3502 701 3545 Qui
721 3514 805 3541 mos
835 3503 985 3543 scilicet

1032 1852 1121 1877 cero
1137 1853 1208 1890 pro
1226 1842 1366 1878 Flacco
1385 1845 1426 1878 et
1444 1842 1526 1878 alii.
1560 1842 1671 1878 LIPS.

1089 1896 1320 1932 Germanica
1339 1894 1512 1944 hiberna]
1545 1895 1607 1932 Sic
1624 1894 1746 1931 edidit
1762 1895 1914 1943 primus

1032 1948 1247 1986 Rhenanus
1284 1960 1307 1984 e
1338 1948 1425 1986 MS.
1463 1953 1510 1985 ut
1543 1949 1697 1996 opinor,
1725 1949 1916 1986 Budensi.

1032 2003 1150 2047 Nam,
1170 2002 1240 2039 ubi
1259 2002 1489 2050 simpliciter
1519 2002 1696 2050 corrigit,
1714 2001 1754 2038 id
1770 2003 1917 2039 indicio

1033 2056 1115 2092 fere
1143 2061 1218 2100 est,
1246 2067 1267 2091 e
1298 2056 1383 2092 MS.
1416 2062 1586 2093 sumtam
1622 2057 1917 2096 correctionem.

1033 2110 1092 2147 Ea
1120 2109 1309 2147 correctio
1328 2113 1483 2145 servata
1498 2120 1621 2157 usque
1640 2110 1690 2146 ad
1707 2110 1746 2148 J.
1763 2111 1916 2147 Grono-

1032 2164 1154 2207 vium,
1174 2164 1243 2211 qui
1271 2167 1444 2199 veterem
1465 2163 1576 2199 MSS.
1605 2167 1646 2199 et
1676 2163 1762 2200 edd.
1779 2163 1916 2200 lectio—

1032 2228 1122 2255 nem
1142 2217 1312 2261 reduxit,
1331 2217 1511 2254 hiberno:
1542 2217 1643 2253 miro
1659 2222 1915 2265 argumento:

1032 2271 1135 2318 quod
1154 2271 1410 2308 vanissimum
1429 2274 1470 2307 et
1488 2271 1700 2318 provinciis
1716 2272 1918 2308 calamito—

1032 2325 1229 2361 sissimum
1248 2319 1374 2369 ¹foret,
1412 2324 1445 2360 si
1479 2328 1639 2362 tantum
1674 2326 1715 2361 in
1750 2326 1918 2362 hiberna

1031 2379 1305 2423 mitterentur,
1335 2382 1425 2426 post
1459 2379 1628 2415 hiemem
1660 2380 1795 2415 statim
1826 2380 1918 2415 inde

1031 2437 1324 2469 revocarentur.
1377 2433 1485 2480 Ergo
1517 2433 1637 2470 etiam
1665 2433 1722 2469 ita
1752 2433 1918 2469 ridicule

1032 2487 1156 2523 sensit
1185 2486 1397 2524 Suetonius
1416 2486 1455 2522 in
1484 2486 1618 2523 eadem
1644 2498 1704 2531 re,
1723 2487 1765 2523 in
1795 2487 1915 2534 Vesp.

1033 2543 1072 2577 6.
1105 2540 1315 2577 destinasse
1347 2540 1569 2586 Vitellium,
1600 2541 1797 2585 victorem,
1827 2553 1917 2588 per·

1031 2600 1184 2631 mutare
1202 2593 1360 2630 hiberna
1379 2593 1592 2642 legionum,
1609 2599 1646 2630 et
1668 2594 1922 2630 Germanicas

1033 2647 1240 2695 transferre
1259 2647 1302 2683 in
1324 2646 1528 2683 Orientem.
1583 2647 1732 2682 Mirum
1752 2650 1825 2691 est,
1842 2647 1917 2683 tali

1034 2700 1120 2737 viro
1153 2700 1253 2736 talia
1287 2699 1464 2735 excidere
1499 2700 1685 2747 potuisse.
1740 2700 1918 2739 Hiberna

1034 2754 1182 2790 centies
1212 2754 1399 2790 dicuntur
1425 2757 1554 2789 castra
1571 2753 1641 2789 illa
1659 2755 1737 2790 fixa
1767 2758 1808 2790 et
1828 2765 1918 2802 per-

1035 2810 1171 2855 petua,
1190 2818 1276 2854 quae
1293 2817 1318 2841 a
1336 2805 1545 2852 militibus,
1563 2806 1606 2842 in
1627 2808 1786 2844 modum
1806 2807 1919 2856 oppi-

1036 2861 1190 2906 dorum,
1211 2859 1494 2897 habitabantur
1506 2860 1547 2896 in
1566 2861 1794 2908 provinciis,
1806 2861 1919 2903 nullo

1036 2913 1153 2950 bello.
1209 2914 1272 2950 Sic
1302 2919 1344 2958 3,
1377 2916 1442 2951 46.
1461 2920 1741 2962 expugnantur
1759 2915 1919 2953 hiberna

1037 2968 1250 3004 cohortium
1269 2967 1508 3016 alarumque.
1564 2968 1679 3004 Unde
1698 2968 1858 3006 hiberna
1878 2981 1915 3006 v.

1038 3032 1071 3058 c.
1109 3021 1325 3057 Germaitioe
1361 3032 1432 3068 pro
1462 3020 1605 3058 militia
1635 3022 1677 3060 in
1705 3023 1922 3063 Germania

1038 3074 1238 3111 dicuntur.
1263 3074 1403 3122 Itaque
1420 3075 1627 3111 lectionem
1640 3076 1821 3113 Rhenani
1838 3088 1922 3113 ser-

1037 3127 1143 3173 vavi,
1174 3138 1381 3175 veramque
1415 3129 1586 3174 credam,
1615 3129 1709 3166 dum
1741 3131 1920 3178 exempla

1036 3181 1304 3230 proferantur,
1323 3180 1391 3217 ubi
1413 3183 1642 3222 Germanica
1662 3187 1734 3219 aut
1750 3184 1919 3232 Syriaca

1038 3235 1269 3283 simpliciter
1300 3247 1370 3282 pro
1386 3235 1526 3272 castris
1558 3235 1599 3272 in
1617 3237 1831 3273 Germania
1847 3241 1919 3275 aut

1039 3289 1151 3337 Syria
1168 3289 1253 3326 fixis
1271 3293 1311 3327 et
1329 3290 1530 3337 perpetuis
1548 3289 1748 3329 dicuntur.
1806 3292 1916 3328 ERN.

1035 3343 1161 3381 Rhen.
1181 3343 1365 3392 hyberna,
1390 3354 1461 3378 nec
1490 3343 1638 3379 indicat
1667 3356 1713 3380 ex
1732 3345 1835 3382 Bud.
1865 3355 1916 3380 an

1036 3407 1086 3434 ex
1113 3397 1285 3445 ingenio.
1340 3396 1446 3434 Illud
1474 3397 1691 3434 hariolatur
1722 3398 1816 3435 Ern.
1846 3396 1918 3431 hoc

1037 3452 1160 3488 Gron.
1190 3450 1257 3499 qui
1288 3461 1371 3485 rem
1403 3461 1476 3485 acu
1505 3451 1661 3498 tangit;
1694 3450 1784 3497 jure
1815 3453 1918 3486 cete-

1038 3515 1127 3543 rum
1146 3501 1403 3554 reprehensus
1421 3502 1470 3539 ab
1490 3504 1689 3543 Ernestiu.
