2190 3880
324 162 419 206 154
895 151 1536 206 -HISTORIARUM

186 303 237 341 A.
254 302 307 338 U.
323 277 641 333 donativum
672 287 727 330 et
752 278 937 331 deesse
976 279 1282 349 pecuniam,
1321 281 1507 333 omnia
1543 279 1649 337 alia
1686 281 1846 350 mjliti
1871 282 2140 366 largieba-

202 357 293 423 8‘233
327 363 430 403 tur.
509 350 715 402 Liberti
746 349 1087 420 Principum,
1113 349 1341 422 conferre
1373 370 1475 420 pro
1517 370 1726 404 numero
1754 372 2150 425 manc-zpzorum,

192 410 306 504 ‘³700'
326 434 387 474 ut
413 421 697 485 tributum,
718 419 878 488 jussi.
957 419 1101 490 Ipse,
1131 421 1243 472 sola
1283 422 1541 489 perdendi
1578 438 1725 488 cura,
1752 425 1966 478 stabula
1993 427 2151 480 auri-

325 494 410 564 gis
435 504 746 545 exstruere:
787 492 990 542 circum
1019 490 1384 560 gladiatorum
1432 491 1774 563 ferarumque
1811 498 2136 565 spectaculis

325 564 578 634 opplere:
633 574 908 630 tamquam
953 561 1008 612 in
1049 579 1262 612 summa
1307 562 1660 628 abundantia,
1704 566 1949 634 pecuniae
2002 567 2145 620 inlu-

240 645 308 697 95
327 635 468 688 dere.
547 634 698 692 Quin
739 645 795 682 et
822 631 1070 682 *natalem
1115 632 1319 683 Vitellii
1358 633 1502 684 diem
1552 633 1780 686 Caecina
1827 653 1891 688 ac
1921 635 2142 703 Valens,

325 706 487 758 editis
516 717 633 757 tota
671 703 803 754 urbe
831 701 1054 753 vicatim
1095 702 1490 772 gladiatoribus
1518 704 1889 760 celebravere:
1930 707 2140 778 ingenti

325 787 516 848 paratu
545 786 600 825 et
627 783 754 825 ante
782 771 933 823 illum
956 772 1100 823 diem
1130 773 1371 826 insolito·
1448 775 1664 827 Laetum
1694 775 2002 830 foedissimo
2025 781 2138 831 cui-

325 866 450 916 que,
487 845 630 915 apud
677 845 852 896 bonos
898 842 1120 895 invidiae
1166 843 1477 914 fuit‚*quod
1523 848 1821 899 exstructis
1851 847 1902 899 in
1945 855 2154 920 campo

324 917 537 969 Martio
563 916 687 979 ariS,
713 913 932 965 inferias
963 913 1171 964 Neroni
1200 913 1437 968 fecisset.
1473 935 1632 969 caesae
1659 918 1878 988 publice
1901 919 2140 973 victimae

323 1001 722 1056 cremataeque:
763 984 958 1036 facem·
982 982 1314 1054 Augustales
1356 986 1642 1039 subdidere
1664 986 1692 1041 ε’
1717 990 1863 1069 quod
1892 992 2143 1046 sacerdo-

326 1060 483 1120 tium,
512 1069 572 1109 ut
614 1055 883 1108 Romulus
929 1053 1092 1106 Tatio
1134 1054 1299 1126 Regi,
1340 1055 1419 1108 ita
1462 1056 1651 1110 Caesar
1687 1057 1939 1112 Tiberius
1972 1062 2140 1115 Juliae

325 1130 477 1200 genti
517 1129 770 1180 sacravit.
848 1126 1109 1178 Nondum
1148 1136 1372 1195 quartus
1399 1145 1433 1178 a
1459 1128 1691 1181 victoria
1729 1131 1948 1197 mensiS,
1987 1144 2044 1184 et
2081 1133 2142 1184 li-

328 1203 509 1253 bertus
551 1198 776 1262 Vitellii,
814 1196 1112 1261 Asiaticus,
1157 1197 1487 1267 PolycletoS,
1536 1199 1828 1253 Patrobios
1866 1215 1922 1254 et
1959 1209 2144 1256 vetera

323 1273 572 1324 odiorum
603 1269 830 1321 nomina
849 1268 1120 1337 aequabat.
1200 1268 1379 1320 Nemo
1408 1269 1463 1321 in
1491 1269 1582 1322 illa
1600 1270 1722 1323 aula
1746 1272 2019 1342 probitate
2045 1286 2142 1326 aut

323 1342 592 1396 industria
616 1339 878 1393 certavit:
920 1357 1086 1390 unum
1116 1338 1182 1390 ad
1213 1339 1517 1409 potentiam
1545 1341 1666 1405 iter,
1696 1343 1942 1411 prodiois
1968 1345 2142 1415 epulis

322 1427 378 1466 et
404 1424 625 1483 sumptu
665 1426 948 1482 ganeaque
985 1409 1180 1462 satiare
1217 1411 1574 1482 inexplebiles
1617 1413 1825 1466 Vitellii
1887 1414 2142 1468 ibidines.

319 1627 403 1655 sam
431 1617 660 1664 sequentem
694 1611 823 1649 traho.
873 1611 986 1649 Ln’s.
1032 1609 1206 1649 Pichena

272 1707 277 1710 t
319 1670 543 1719 suspicatur
559 1673 679 1705 morte
697 1669 836 1702 natum
855 1676 902 1702 ex
921 1666 1050 1702 inerti.
1095 1667 1205 1703 ERN.

1257 1613 1355 1661 Agr.
1370 1618 1411 1650 et
1421 1615 1520 1662 Reg.
1533 1613 1632 1652 Lau.
1646 1614 1836 1653 Pau-Alc.
1847 1616 2023 1654 subdite.
2041 1615 2145 1655 Bud.

1257 1667 1356 1715 Agr.
1375 1669 1546 1714 subdere,
1564 1669 1694 1706 Rhen.
1713 1668 1814 1706 b'eue
1830 1669 2042 1707 subditam.

316 1725 412 1773 Bip.
430 1734 614 1771 recepere
632 1723 753 1758 inerte
768 1720 912 1756 animo.
954 1719 1096 1756 Malim
1112 1730 1203 1757 cum

319 1777 496 1815 Pichena
512 1777 644 1813 inerti.
675 1773 736 1810 Sic
751 1773 836 1810 Cic.
854 1784 917 1821 ep.
936 1772 986 1809 ad
1003 1773 1113 1810 Fam.
1135 1779 1200 1820 12,

319 1836 386 1868 20.
407 1834 448 1867 et
464 1827 565 1874 alibi·
577 1828 723 1879 passim
737 1828 920 1881 iqaertiam
938 1830 980 1863 et
996 1827 1202 1875 ignaviam

310 1889 518 1975 'qngtiiuia
545 1935 630 1973 alia
657 1933 794 1984 militi]
829 1933 952 1971 Hune
974 1944 1129 1983 quoque
1145 1934 1204 1971 lo-

318 2003 407 2039 cmu
425 1991 593 2029 liberare
610 1990 744 2026 inusta
761 1992 858 2026 nota
874 1999 1096 2036 possumus.
1130 1988 1204 2025 Ait

318 2040 427 2083 enim
456 2046 553 2082 hoc:
599 2043 822 2087 Vitellium,
858 2042 954 2090 quia.
993 2042 1214 2089 pecuniam·

318 2101 413 2136 dare
431 2098 551 2136 militi
573 2109 652 2134 non
669 2099 840 2145 poterat,
857 2095 1137 2143 impunitatem
1160 2099 1202 2131 et

316 2154 519 2191 licentiam
547 2152 674 2188 omnis
705 2150 829 2198 culpae
857 2149 1034 2186 dedisse:
1063 2153 1112 2186 ut
1130 2149 1203 2185 hae

318 2207 459 2245 saltem
492 2205 689 2243 blanditia
723 2215 813 2241 eum
846 2203 1051 2241 retineret.
1117 2203 1202 2240 Nec

317 2261 434 2299 aliter
454 2272 548 2297 sane
566 2260 611 2296 fit
627 2260 670 2294 in
688 2269 861 2306 paupere
877 2257 1032 2293 militia.
1062 2257 1174 2294 prs.

371 2315 524 2352 Liberti
568 2309 819 2361 Principum]
860 2310 951 2348 Non
993 2314 1125 2347 muto:
1159 2315 1200 2346 et

315 2369 396 2405 scio
430 2367 575 2405 multos
605 2367 751 2409 Romae,
783 2374 926 2413 eosque
960 2364 1198 2411 praedivites‚

317 2424 494 2471 priorum
531 2420 759 2467 Principum
787 2417 964 2454 libertos.
1010 2418 1202 2454 Videatur

316 2480 453 2513 tamen
483 2479 524 2511 et
547 2474 663 2511 lectio
691 2476 731 2508 et
760 2472 900 2520 rapina
925 2471 1149 2519 proclivior,
1169 2472 1202 2508 si

315 2529 479 2567 libertos
510 2529 678 2566 Patr-um
711 2525 954 2563 substituas:
984 2529 1056 2561 aut
1079 2525 1126 2561 de
1153 2526 1202 2561 iis

311 2586 512 2633 principes
530 2583 592 2618 hic
608 2581 752 2628 capias.
782 2580 893 2616 ans.
934 2577 1023 2616 Hoc
1050 2590 1200 2615 verum.

326 2637 504 2686 Cmfferre
519 2648 599 2673 non
617 2639 704 2671 erat
729 2635 770 2670 in
788 2633 872 2671 MS.
891 2631 1082 2669 Budensi.
1126 2633 1202 2669 Ed.

318 2704 378 2741 pr.
413 2691 553 2727 vitiose
586 2689 766 2737 conferri.
817 2687 927 2724 ERN.
969 2685 1202 2735 Principum

319 2745 498 2792 intellige
505 2747 684 2793 priorum
701 2741 912 2781 Caesamm.

376 2800 530 2835 Coeciua
557 2810 604 2835 ac
635 2794 796 2843 Valens]
836 2795 899 2831 Sic
916 2793 1044 2832 Rhen.
1061 2804 1084 2829 e
1099 2793 1202 2831 Bud.

372 2852 607 2889 Esstmctis
616 2852 658 2887 in
672 2847 823 2898 campo]
843 2848 1016 2896 Scriptor
1029 2847 1202 2884 incertus

319 2907 426 2953 apud
443 2905 602 2943 Suidam
622 2906 662 2940 in
680 2914 773 2939 voce
792 2901 994 2947 Βιτίλλιοε,
1006 2901 1107 2938 hanc
1119 2912 1204 2937 rem

321 2961 375 2996 sic
403 2964 541 2996 uarat:
575 2958 646 2995 Καὶ
675 2955 735 2994 τὶν
763 2955 877 3007 νεκρὸν
901 2954 967 2992 τοῦ
992 2953 1142 3007 Νίςωνος
1170 2953 1203 2995 ἔς

321 3013 440 3050 κοιλόν
457 3028 537 3049 τινα
559 3011 625 3048 καὶ
652 3010 775 3059 ἀφανῆ
802 3009 918 3058 τάφον
940 3006 1204 3056 κατακείμινον

319 3065 551 3114 armipotens.
608 3065 719 3101 L1Ps.

377 3119 527 3155 Neroni
543 3116 718 3166 fecisset]
752 3113 928 3165 Reposui
943 3127 1016 3164 pro
1030 3114 1201 3163 jecisset.

322 3173 433 3210 Ln’s.
463 3171 742 3219 Veljecissent,
763 3175 808 3206 ut
833 3170 920 3207 edd.
938 3168 1090 3207 Puteal.
1107 3167 1200 3206 Ber.

324 3224 443 3277 (Alc.)
465 3225 625 3261 habent.
655 3223 749 3260 Mox
753 3223 888 3270 facem
910 3221 1013 3260 Flor.
1031 3226 1078 3260 ut
1090 3221 1201 3259 volu-

320 3285 407 3316 erat
419 3278 616 3321 Muretus,
630 3280 670 3312 et
684 3277 743 3313 vir
759 3276 895 3312 doctus
915 3276 958 3313 in
975 3277 1036 3313 ed.
1052 3275 1201 3324 Gryph.

319 3334 384 3371 lta
399 3332 555 3369 tollitur
571 3329 809 3376 ambiguitas
836 3328 949 3373 levis,
979 3341 1028 3367 ne
1055 3331 1200 3378 Augu·

317 3388 436 3425 states
462 3386 510 3421 ad
526 3386 642 3433 jaces
668 3387 713 3419 ut
740 3382 975 3430 adjectivum
991 3382 1199 3420 referatur.

320 3441 476 3484 Facem,
486 3437 677 3485 intellige,
688 3447 798 3473 suam
813 3437 991 3484 quisque,
1002 3447 1082 3473 suoe
1091 3437 1198 3485 quis-

321 3505 396 3541 que
409 3505 497 3530 arae.
511 3492 595 3530 MS.
606 3490 721 3528 Harl.
736 3489 889 3527 Arund.
899 3489 1076 3527 subditoe.
1090 3489 1201 3527 Eam.

318 3547 422 3586 Bud.
441 3546 610 3597 secta-set.
645 3544 749 3582 Dein
764 3544 892 3595 jaces.
911 3544 1059 3585 Contra
1062 3544 1199 3593 sac-em

1317 1722 1457 1759 Vetera
1511 1723 1685 1759 odiorum
1728 1724 1898 1761 vnovm'mz
1941 1723 2136 1774 aequabae]

1255 1775 1407 1823 Nempe
1425 1779 1473 1811 ut
1489 1775 1715 1822 insolentia,
1735 1777 1967 1825 rapacitate,
1990 1778 2145 1815 divitiis

1257 1829 1391 1874 etiam,
1411 1829 1468 1865 ita
1486 1829 1637 1866 invidia
1653 1834 1694 1865 et
1709 1829 1811 1867 odio.
1864 1832 1975 1868 ERN.

1309 1882 1511 1920 Probitate
1557 1889 1629 1919 aut
1672 1883 1771 1934 ind]
1821 1884 1924 1922 Bud.
1962 1884 2075 1934 prob.
2105 1890 2143 1922 et

1257 1937 1339 1973 ind.

1315 1990 1458 2026 Sumtu
1507 1990 1667 2026 Caianoe
1713 1989 1840 2040 aquae]
1898 1990 1960 2027 De
1995 1991 2145 2028 Gaiana

1258 2053 1378 2092 aqua,
1398 2044 1438 2079 id
1457 2047 1532 2088 est,
1550 2047 1597 2079 ut
1619 2044 1824 2092 (Lupanus
1837 2047 1879 2080 et
1889 2043 2139 2095 Vei-tranius)

1256 2098 1412 2143 volunt,
1430 2097 1665 2145 aquaeductu
1681 2097 1749 2134 illo
1761 2101 2006 2145 sumptuoso,
2024 2110 2141 2147 nugae

1255 2161 1421 2199 magnae.
1476 2151 1560 2187 Nec
1587 2151 1758 2187 Fen-etti
1782 2152 1937 2199 quidem
1956 2153 2138 2188 emenda-

1255 2205 1314 2241 tio
1331 2206 1379 2241 ad
1397 2204 1561 2252 genium
1579 2215 1710 2242 meum
1727 2208 1800 2241 aut
1823 2204 2030 2251 librorum,
2050 2207 2141 2243 Cai-

1257 2269 1343 2295 anoe
1374 2258 1489 2294 aulae.
1542 2257 1667 2294 Nobis
1695 2258 1871 2296 suboluit
1897 2261 2082 2296 mendum
2100 2264 2139 2297 et

1254 2311 1338 2358 ejus
1357 2322 1508 2356 caussa,
1529 2322 1549 2346 e
1568 2311 1800 2348 deductione
1824 2313 1992 2359 copuloe:
2013 2307 2139 2361 'quam

1252 2364 1450 2401 reddimus
1464 2364 1720 2413 leghnusque,
1732 2371 1890 2414 sumptu
1910 2369 2137 2416 sagiuaque.

1255 2417 1406 2466 Saginae
1442 2429 1516 2454 vox
1549 2422 1656 2465 apta,
1693 2420 1845 2467 quoties
1877 2419 1925 2455 de
1954 2421 2136 2457 helluone

1252 2471 1437 2508 Vitellio:
1473 2475 1513 2507 et
1543 2471 1683 2508 Tacito
1716 2472 1826 2510 velut
1859 2473 1907 2508 de
1941 2474 2138 2511 industria

1253 2529 1459 2574 usurpata.
1486 2525 1544 2562 Ut
1554 2536 1587 2561 c.
1603 2530 1669 2565 71.
1699 2527 1798 2563 luxu
1810 2532 1848 2563 et
1859 2528 2013 2575 sag-im
2023 2540 2138 2564 maza-

1255 2580 1409 2628 cipatus
1436 2584 1670 2628 emptasque.
1724 2580 1874 2616 Iterum
1907 2585 1943 2623 1,
1969 2584 2035 2618 62.
2063 2593 2142 2618 me-

1255 2632 1320 2670 dio
1339 2634 1402 2670 die
1417 2633 1647 2670 temulentus
1663 2635 1859 2682 ets-agina
1873 2635 2023 2682 gravis.
2051 2634 2137 2674 Nee

1256 2687 1373 2724 aliter
1391 2686 1528 2724 Cicero
1555 2697 1626 2734 pro
1645 2687 1783 2723 Flacco
1810 2692 1848 2727 7.
1905 2689 1985 2733 Qui
2001 2689 2138 2726 multi-

1257 2741 1430 2778 tudinem
1441 2740 1553 2777 illam
1570 2752 1645 2776 non
1658 2741 1901 2786 auctoritate,
1913 2743 1982 2778 sed
1992 2743 2136 2791 sagina

1256 2794 1418 2831 tenebat.
1460 2793 1555 2830 Haec
1588 2798 1683 2842 apta
1713 2797 1754 2830 et
1785 2793 1906 2832 bona.
1952 2795 2137 2832 Palmerii

1255 2851 1391 2884 tamen
1407 2848 1636 2894 conjectura
1656 2847 1713 2896 (in
1726 2848 1858 2895 Spicil.
1875 2859 1941 2897 ap.
1958 2849 2074 2886 Grut.
2093 2849 2136 2886 in
2151 2848 2155 2850 ⁷

1258 2900 1424 2949 lamp.t.
1443 2900 1499 2951 4.)
1520 2912 1598 2937 non
1616 2902 1748 2938 minus
1761 2906 1882 2947 recta,
1893 2908 2050 2951 sumptu
2059 2915 2136 2952 ga-

1258 2966 1416 3004 neaque.
1454 2955 1568 2992 Lxrs.
1615 2955 1701 2992 Hoc
1720 2956 1870 3003 recepit
1893 2956 2044 3003 primus
2071 2956 2136 2993 Pi-

1258 3009 1395 3046 chena.
1442 3008 1545 3045 Flor.
1593 3007 1651 3057 (et
1681 3006 1777 3056 neg.
1802 3007 1916 3057 Lau.)
1943 3011 2159 3058 gaianeoe,

1255 3075 1327 3112 que
1340 3077 1354 3102 .·
1385 3063 1487 3110 quod
1502 3061 1628 3098 voluit
1644 3063 1862 3111 exprimere
1881 3062 2076 3110 Spirensis
2093 3065 2135 3101 in

1255 3117 1316 3153 ed.
1347 3125 1408 3163 pr.
1433 3116 1579 3164 galune
1613 3127 1737 3164 aquare.
1781 3115 1828 3153 In
1860 3115 1992 3154 Guelf.
2026 3119 2133 3156 man.

1253 3181 1328 3206 see.
1354 3169 1448 3205 fecit
1481 3169 1628 3206 baiana
1662 3181 1800 3218 aquoe:
1838 3169 1985 3217 inepte.
2022 3172 2132 3208 ERN.

1256 3224 1397 3260 Ganeae
1422 3233 1514 3258 voce
1543 3221 1751 3269 aliquoties
1777 3223 1907 3260 utitur
1923 3228 2071 3271 noster,
2085 3228 2134 3262 ut

1252 3277 1303 3313 A.
1328 3281 1370 3320 3,
1405 3279 1470 3312 52.
1498 3278 1539 3320 6,
1568 3280 1607 3311 4,
1662 3275 1863 3312 Glossema
1881 3276 2001 3314 habet
2034 3279 2132 3327 Agr.

1251 3334 1380 3366 sumtu
1401 3328 1653 3378 luxuriaque.
1707 3329 1960 3367 Malherbius
1970 3342 2035 3380 ap.
2052 3333 2132 3369 Ge-

1254 3381 1425 3420 vartium
1473 3382 1514 3418 in
1556 3381 1690 3419 electis
1721 3388 1762 3427 3,
1793 3389 1832 3420 3.
1861 3383 1959 3433 legit
1996 3391 2128 3423 sumu

1248 3448 1388 3485 ganeoe
1406 3436 1585 3485 aleoeque,
1603 3435 1705 3484 quod
1729 3438 1915 3476 Gevartio
1942 3449 2003 3476 res
2029 3439 2151 3488 ipsa,-

1253 3501 1333 3528 non
1351 3489 1590 3541 conjectura,
1611 3500 1692 3526 esse
1713 3490 1879 3531 videtur.
