2190 3880
691 89 846 136 LIB.
892 88 969 134 11.
1024 89 1189 136 CAP.
1223 96 1304 137 49.
1791 97 1884 141 ΡΖ»

85 214 613 284 abeuntibusjub‘et:
637 212 846 264 libellos
871 211 1254 281 epistolasque,
1274 212 1454 265 studio
1480 231 1608 284 erga
1629 234 1685 270 se
1712 228 1803 270 aut
1825 219 1878 271 in
1895 239 2015 282 AM.

87 286 361 342 Vitellium
392 284 734 337 contumeliis
763 282 1020 352 insigneS,
1047 281 1258 335 abolet:
1303 284 1557 351 pecunias
1585 287 1880 353 distribuit,
1913 297 1988 333 823

84 373 371 425 parce,nec
388 367 446 406 ut
466 354 750 425 periturus,
773 353 912 408 Mox
934 352 1174 408 Salvium
1189 352 1574 417 Cocceianum,
1587 356 1763 408 fratris
1778 360 1880 411 fiii-
1894 346 1942 385 A.
1965 351 2012 387 Ο·

84 442 192 490 um,
214 425 384 496 prima
404 425 652 493 juventa,
668 423 937 494 trepidum
955 434 1010 474 et
1027 433 1358 488 maerentem,
1385 422 1526 475 ultro
1553 425 1754 477 solatus
1780 442 1879 492 est,
1947 405 1988 443 θ’

81 493 351 548 laudando
364 496 606 564 pietatem
622 494 757 563 erS,
769 492 1088 562 castigando
1096 492 1438 562 formidinem
1456 510 1475 545 .·
1517 513 1586 544 an
1619 493 1880 549 Vitellium

80 573 186 616 tam
207 565 401 617 inmitis
426 564 586 616 animi
593 564 740 635 jore,
755 572 828 625 ut,
845 581 937 633 pro
958 562 1199 615 incolumi
1219 571 1325 615 tota
1351 564 1515 627 dom0,
1531 583 1592 615 ue
1617 564 1745 617 hauc
1767 569 1882 635 qai-

81 633 189 686 dem
209 635 303 687 sibi
318 636 548 706 gratiam
565 633 788 686 redderet
804 632 832 684 {l
868 633 1047 685 mereri
1070 651 1118 684 se
1125 631 1377 712 jestitaeato
1404 635 1543 685 exitu
1567 634 1882 689 clemen-tiam

79 704 303 757 victoris,
365 705 487 757 Non
519 705 653 755 enim
692 703 873 755 ultima
900 703 1259 771 desperatione,
1279 703 1362 754 sed
1392 713 1622 772 poscente
1642 706 1883 774 proeliam

77 772 311 839 exercitu,
329 775 571 826 remisisse
595 773 910 842 Reipublicce
935 773 1255 824 novissimum
1276 791 1462 825 casum.
1504 775 1640 827 Satis
1668 776 1766 827 sibi
1790 796 1882 828 no-

78 845 245 910 minis,
267 845 395 896 satis
408 845 621 914 posteris
639 843 741 895 suis
763 842 1047 894 nobilitatis
1072 845 1353 912 quaesitam.
1371 853 1488 913 post
1514 844 1699 910 Jalios,
1719 845 1880 899 Clau-

78 912 212 978 dios,
229 914 445 979 Servios,
460 932 512 965 se
528 914 756 983 primum
781 915 835 965 in
844 911 1115 982 familiam
1139 931 1320 966 novam
1338 914 1616 983 imperium
1631 916 1891 969 intulisse.

67 984 285 1052 proinde
309 994 466 1036 erecto
492 985 659 1035 animo
685 992 956 1052 capesseret
979 983 1156 1046 vitam,
1182 1001 1296 1047 neu,
1314 993 1562 1052 patruum
1587 985 1682 1037 sibi
1715 986 1875 1038 Otho-

74 1071 187 1106 nem
206 1054 395 1124 fici-sse,
419 1064 509 1106 aut
534 1054 906 1106 oblivisceretur
929 1071 1171 1122 unquam,
1193 1063 1284 1104 aut
1311 1054 1524 1105 nimiam
1556 1057 1872 1109 meminisset.

77 1123 211 1176 Post
238 1143 380 1192 quse,
404 1125 623 1176 dimotis
643 1124 915 1186 omnibuS,
941 1123 1177 1192 paullum
1205 1124 1488 1193 requievit.
1515 1136 1677 1194 atque
1704 1127 1965 1200 illum,49‚

76 1213 352 1265 supremas
382 1194 502 1263 jam
546 1212 701 1246 curas
747 1195 929 1245 animo
985 1193 1336 1257 volutantem,
1382 1211 1574 1263 repens
1615 1198 1874 1248 tumultus

75 1266 290 1328 avertit,
319 1267 564 1316 nuntiata
596 1264 1034 1316 consternatione
1062 1281 1124 1314 ac
1150 1263 1370 1315 licentia
1399 1265 1650 1317 militurn.
1727 1285 1877 1319 nam-

74 1352 180 1404 que
205 1335 533 1387 abeuntibus
561 1335 790 1386 exitium
833 1333 1257 1399 minitabantur3
1297 1335 1634 1387 atrocissima
1662 1337 1715 1387 in
1744 1338 1879 1389 Ver-

73 1406 281 1474 ginium
324 1405 395 1467 vi,
435 1423 614 1473 quem,
654 1404 835 1456 clausa
872 1405 1054 1467 dom0,
1093 1403 1436 1456 obsidebant.
1477 1405 1757 1476 increpitis
1796 1426 1878 1459 se—

73 1475 296 1526 ditionis
322 1476 654 1536 auctoribuS,
681 1492 968 1543 regressus,
1000 1475 1212 1525 vacavit
1237 1476 1553 1527 abeuntium
1592 1477 1877 1546 adloquiiS,

73 1545 249 1597 donec
286 1562 474 1596 omnes
515 1545 759 1596 inviolati
805 1545 1234 1614 digrederentur.
1309 1545 1733 1615 Vesperascente
1769 1549 1876 1610 die,

70 1616 217 1681 sitim
247 1616 440 1667 haustu
465 1616 659 1686 gelidae
688 1632 843 1684 aquae
882 1614 1108 1666 sedavit.
1150 1627 1261 1665 tum
1307 1615 1498 1668 adialis
1543 1618 1876 1687 pugionibus

118 1798 205 1835 Aut
233 1798 275 1835 in
311 1796 534 1847 Vitellium]
585 1797 635 1834 In
663 1799 721 1832 est
758 1795 799 1832 in
839 1795 945 1834 Flor.
1002 1796 1205 1833 sententiae
1230 1807 1409 1834 acumen.
1463 1798 1608 1836 Totum
1641 1797 1678 1833 id
1707 1798 1811 1836 enim
1837 1798 1877 1835 in

68 1850 129 1900 (et
147 1849 259 1900 Agr.)
277 1850 472 1887 edd.'ante
489 1853 616 1887 Rhen.
630 1850 827 1886 omnibus.
869 1851 947 1886 Re·
1002 1861 1061 1886 eo.
1092 1850 1193 1886 sicut
1211 1854 1252 1886 et
1269 1851 1310 1886 in
1323 1850 1440 1887 Plinii
1456 1851 1540 1888 loco
1557 1853 1687 1888 fuerat
1704 1852 1818 1899 epist.
1836 1858 1878 1896 3,

67 1904 203 1940 stituit
234 1904 420 1951 Ryckius,
450 1915 566 1951 quem
595 1915 684 1940 cum
713 1904 799 1939 Jac.
824 1904 948 1939 Gron.
1007 1908 1068 1939 14.
1107 1914 1223 1950 quem
1255 1904 1545 1952 depravaruntt
1574 1905 1753 1951 Largius
1784 1906 1879 1941 Ma·

68 1957 193 1994 secuti
220 1969 369 1994 sumus.
421 1958 528 1994 ERN.
584 1958 690 1993 Male
719 1957 846 1993 Rheu.
881 1967 946 1992 su·
1003 1957 1105 1999 cedo,
1122 1957 1303 2004 superbas
1321 1958 1470 2006 alioqui
1485 1963 1520 1994 et
1539 1970 1663 1994 saevus
1686 1957 1878 2002 domiuus,

67 2011 252 2055 stulerat,
287 2013 446 2046 anctore
476 2010 578 2049 Bud.
638 2009 716 2046 llic
751 2020 860 2044 error
894 2021 943 2045 ex
995 2015 1032 2046 et
1055 2010 1138 2057 qui,
1156 2010 1313 2046 servisse
1330 2017 1484 2058 patrem
1501 2022 1629 2056 smcm,
1639 2023 1783 2058 parum
1799 2013 1876 2048 imo

67 2063 186 2100 simili
203 2064 331 2112 prima
346 2063 495 2111 syllaba
511 2063 616 2099 vocis
634 2073 715 2110 seq.
734 2067 858 2098 ortus.

120 2117 300 2154 Salvium
324 2117 590 2155 >Cocceianum
611 2117 761 2164 fratris
783 2113 938 2163 filium]

66 2169 210 2207 Melius
239 2171 312 2214 ita,
338 2181 454 2217 quam
488 2171 699 2214 Cocceium,
714 2169 831 2216 *quod
855 2168 947 2205 Plu-

64 2223 225 2260 tarchus
242 2223 400 2271 praefert
413 2234 448 2260 c.
471 2223 531 2260 16.
559 2223 662 2259 Nam
677 2226 715 2258 et
734 2221 946 2268 Tranquil—

65 2276 127 2313 lus
145 2277 202 2312 ita
218 2276 393 2324 appellat
408 2276 452 2313 in
464 2276 612 2312 Domit.
630 2280 692 2312 10.
721 2274 791 2311 ubi
811 2279 947 2311 narrat

65 2329 170 2366 huuc
202 2329 466 2366 interfectum.
531 2330 589 2365 At
621 2329 832 2365 Suetonius
866 2339 943 2364 non

63 2383 197 2420 fratris
225 2382 351 2419 solum
379 2382 519 2427 filium,
538 2382 605 2417 sed
629 2382 758 2430 ipsum
784 2381 845 2417 hic
863 2381 943 2417 fra-

64 2439 166 2472 trem
193 2440 423 2483 praesentem
451 2437 578 2471 facere
597 2436 774 2471 videtur:
804 2439 943 2471 contra

62 2489 192 2525 Taciti
219 2494 260 2524 et
283 2488 483 2525 Plutarchi
503 2488 768 2525 narrationem
792 2492 941 2536 aperte.

61 2542 165 2579 Nam
174 2542 240 2578 ine
254 2542 295 2577 in
306 2546 435 2577 castra
447 2546 624 2578 evaserat
636 2553 657 2576 e
667 2552 814 2588 pugna,
823 2550 941 2588 seque

66 2605 155 2630 cum
171 2595 260 2631 aliis
279 2594 439 2631 dedidit.
475 2595 653 2631 Suetonii
666 2598 799 2630 tamen
821 2594 942 2631 verba

64 2647 158 2685 Oth.
178 2652 241 2684 10.
281 2647 462 2684 Fratrem
484 2648 626 2695 igitur,
645 2648 868 2696 fratrisque
883 2649 941 2695 fi-

63 2701 163 2737 lium
195 2706 233 2736 et
260 2700 438 2748 singulos
467 2702 677 2737 amicorum
707 2700 940 2737 cohortatus.

61 2764 148 2801 quoe
163 2753 338 2801 profecto
356 2763 435 2789 non
453 2764 559 2798 vera,
576 2753 610 2789 si
629 2763 744 2790 verus
763 2753 939 2790 Tacitus.

64 2807 178 2844 ers.
527 2819 530 2822 ·

114 2856 650 2906 Laudando—formidinem]
685 2858 782 2894 Haec
807 2855 940 2893 delen-

60 2910 112 2948 da
145 2915 262 2959 putat
296 2911 491 2948 Mendoza
518 2922 581 2959 ep.
614 2911 664 2947 ad
700 2911 806 2958 Lips.
835 2915 868 2947 t.
897 2915 936 2947 2.

62 2964 161 3002 coll.
177 2965 314 3002 Burm.
333 2976 371 3013 p.
390 2969 455 3004 59.
483 2965 590 3001 Ειικ.

114 3017 290 3067 Servios}
324 3018 387 3055 Sic
403 3018 506 3054 Bud.
527 3018 582 3054 sic
598 3021 638 3053 et
654 3016 745 3053 Put.
765 3014 832 3052 sed
847 3015 935 3053 Alc.

59 3073 101 3108 et
112 3071 182 3108 alii
198 3072 372 3119 Sergios,
395 3071 498 3119 quod
509 3070 649 3107 falsum
665 3080 747 3106 esse
765 3070 936 3105 ostendit

61 3123 271 3172 Spanhem.
284 3126 331 3161 de
348 3125 434 3162 Usu
451 3128 492 3162 et
507 3124 570 3161 Pr.
587 3123 678 3160 NN.
697 3123 790 3159 diss.
811 3126 871 3159 10.
901 3134 936 3159 c.

114 3189 400 3280 {vamum
415 3229 492 3266 sibi
511 3225 712 3278 Othonem]
734 3228 839 3264 Plut.
854 3226 883 3266 l.
902 3239 937 3264 c.

55 3281 144 3330 puis-⁴
163 3281 425 3325 ὕωλιθέιθαι
454 3283 691 3325 ranan-aee,
719 3280 808 3330 μήτ’
837 3280 939 3329 ἄγαν

56 3333 290 3382 propemodm,
307 3333 366 3372 3¹2·-
387 3334 554 3386 Καίσαρα
567 3336 663 3373 θεῖον
676 3333 804 3383 ’ἔα-χες.
845 3335 937 3371 Non

59 3387 262 3424 audiemus
279 3387 464 3434 Beatum,
475 3388 543 3436 qui
559 3386 738 3431 verbum,
755 3388 934 3432 nimium,

61 3443 225 3484 auctore
247 3440 422 3478 Budensi
457 3442 588 3479 codice
622 3441 741 3485 delet,
778 3445 818 3477 et
853 3451 935 3478 una

996 2064 1200 2098 minimum
1235 2064 1480 2100 meminisset.
1524 2062 1591 2100 Tu
1627 2063 1777 2099 scribe:
1817 2066 1879 2100 ni·-

996 2116 1120 2151 mium
1152 2117 1396 2153 meminisset.
1435 2118 1550 2154 Lirs.
1600 2116 1762 2153 Habent
1796 2129 1879 2153 om-

1001 2179 1069 2204 nes
1089 2179 1159 2204 scr.
1179 2172 1220 2204 et
1242 2169 1327 2206 edd.
1345 2171 1527 2208 nimium.
1581 2170 1690 2208 ERN.
1747 2171 1875 2207 Rhen.

1002 2221 1122 2257 etiam
1140 2221 1180 2257 in
1197 2226 1310 2258 textu
1328 2223 1502 2270 reliquit.

1011 2302 1014 2303 γ
1054 2274 1151 2311 Post
1165 2274 1266 2325 quoe]
1301 2275 1494 2324 MS..Reg.
1510 2274 1644 2326 (Bud.)
1665 2276 1795 2314 Guelf.
1815 2276 1876 2313 ed.

999 2339 1059 2375 pr.
1086 2328 1180 2366 Put.
1209 2329 1302 2366 Ber.
1333 2327 1450 2378 (Alc.)
1489 2330 1714 2378 Postquam.
1736 2330 1795 2366 ed.
1817 2342 1877 2378 pr.

989 2385 1165 2429 postque.
1209 2382 1305 2418 Mox
1314 2388 1324 2394 ·“
1347 2383 1570 2418 Rhenanus
1608 2383 1744 2428 edidit,
1784 2383 1878 2430 jam

994 2444 1192 2482 supremas
1208 2447 1323 2472 curas
1341 2442 1534 2484 agentem,
1553 2446 1573 2469 c
1594 2436 1768 2472 Budensi
1791 2438 1877 2473 MS.

994 2482 1208 2534 Vu'lgatum
1218 2499 1352 2524 omnes
1365 2488 1504 2536 reliqui
1519 2500 1592 2525 scr.
1605 2488 1740 2538 (etiam
1753 2489 1872 2536 Flor.)

996 2543 1037 2576 et
1055 2540 1141 2576 edd.
1158 2545 1263 2578 ante.
1282 2542 1475 2578 Restituit
1491 2543 1671 2579 Pichena.
1728 2544 1878 2579 Contra.

995 2592 1096 2628 bene
1129 2594 1344 2631 Rhenanus
1378 2606 1469 2631 mox
1501 2596 1665 2631 exitium
1695 2595 1802 2630 dedit
1835 2597 1875 2644 (e

994 2643 1112 2693 Bud.)
1135 2658 1206 2695 pro
1224 2649 1374 2684 emitum
1387 2661 1398 2683 :
1429 2659 1513 2695 quae
1532 2647 1650 2683 verba
1668 2659 1767 2695 saepe
1783 2659 1876 2684 con-

994 2699 1229 2736 funduntur.
1258 2701 1449 2737 Exitium
1469 2701 1573 2737 Flor.
1592 2700 1723 2736 Guelf.
1737 2701 1798 2736 ed.
1814 2712 1874 2747 pr.

993 2751 1101 2789 ERN.
1129 2753 1189 2788 De
1219 2753 1333 2788 initio
1358 2753 1507 2800 periodi
1530 2753 1726 2788 contraria
1749 2765 1797 2789 ex
1815 2754 1884 2790 ed..

991 2814 1052 2851 pr.
1082 2804 1210 2840 adfert
1237 2807 1333 2842 Ern.
1378 2806 1517 2850 Doleo,
1547 2806 1642 2841 mihi
1676 2817 1755 2842 non
1789 2817 1872 2843 esse

992 2858 1108 2897 istam
1126 2858 1175 2893 ad
1193 2869 1346 2895 manus.
1364 2859 1548 2903 Videant,
1562 2856 1704 2905 quibus
1724 2860 1762 2895 id
1782 2871 1873 2896 con-

989 2911 1137 2958 tigerit.
1168 2911 1314 2948 Forsan
1331 2911 1423 2947 dare
1437 2912 1592 2948 volebat
1610 2912 1669 2949 ed.
1688 2913 1767 2949 Rlz.
1781 2920 1873 2961 post

991 2975 1090 3012 quae,
1108 2974 1200 2999 nam
1217 2965 1272 3000 sic
1291 2964 1372 3001 illa.

1048 3017 1341 3064 Vesperascente
1384 3016 1462 3067 die]
1522 3019 1762 3057 Farnesiano
1795 3024 1871 3067 est,

988 3076 1219 3118 vesperante.
1275 3070 1378 3118 quod
1430 3083 1566 3109 verum
1610 3073 1869 3112 arbitramur.

989 3122 1166 3170 Agellius
1206 3128 1269 3169 17,
1307 3129 1344 3160 8.
1379 3123 1454 3161 Ubi
1473 3125 1566 3173 jam
1595 3133 1871 3175 vesper-averot-

991 3176 1106 3212 L1rs.

1042 3228 1194 3265 Allatis
1226 3229 1482 3279 pugionibus]
1542 3229 1684 3267 Vocem
1720 3232 1872 3269 addunt

992 3280 1145 3329 aliquot
1171 3280 1277 3326 libri,
1303 3284 1543 3332 pugionibus
1567 3285 1725 3321 «Iacobus.
1751 3289 1870 3331 atque

992 3334 1050 3371 ita
1066 3335 1296 3372 Plutarchus
1318 3340 1380 3375 17.
1405 3333 1494 3372 δυοῖν
1511 3333 1616 3373 ὄντων
1633 3337 1737 3385 αὐτῷ
1750 3337 1868 3384 ξιφῶν.

990 3389 1102 3424 L1ps.
1128 3389 1263 3425 Recte.
1291 3388 1354 3425 Sic
1372 3388 1475 3425 Flor.
1493 3389 1624 3426 Guelf.
1642 3390 1702 3426 cd.
1714 3389 1866 3428 Puteol.

993 3440 1049 3491 (et
1067 3441 1177 3491 Alc.)
1201 3442 1305 3479 unde
1332 3440 1431 3478 bene
1457 3441 1606 3479 editum
1631 3455 1654 3479 a
1679 3442 1865 3486 Picheua,
