2190 3880
310 133 408 177 332
902 125 1501 179 HISTORIARUM

174 253 475 320 A.U.be110,
541 259 787 324 ostquam
829 253 884 307 in
918 254 1179 309 ditionem
1223 255 1310 308 M.
1337 256 1563 310 Antonii
1592 256 1900 328 *provineiae
1936 262 2114 312 cesse-*-

179 325 284 416 522ss
315 338 453 392 rant,
547 342 614 379 ex
645 324 970 379 Parthorum
1003 327 1239 380 Pacorus
1278 327 1475 381 Judaea
1503 329 1726 400 potitus,
1767 328 2110 383 interfectus·
2188 335 2190 345 ²

203 404 419 474 ‚7¹14'que
446 417 478 450 a
508 397 569 450 P.
595 397 870 462 Ventidio,
908 411 964 451 et
993 398 1179 451 Parthi
1209 411 1354 450 trans
1394 398 1708 471 Euphraten
1737 402 1969 455 redacti:
2007 400 2109 455 Ju-
2188 406 2190 410 ’

312 471 461 523 daeos
489 469 555 522 C.
584 468 769 521 Sosius
799 469 1034 540 subegit.
1087 469 1384 541 ·Regnum,
1412 471 1480 523 ab
1507 469 1751 524 Antonio
1777 472 1986 525 Herodi
2014 472 2109 524 da*

310 554 446 608 tum,
477 541 651 594 victor
687 540 967 610 Augustus
994 540 1167 592 auxit.
1244 540 1378 592 Post
1408 554 1645 593 >mortem
1688 541 1945 610 Herodis,
1971 543 2110 597 nihil

305 624 624 684 exspectato
653 611 888 676 Caesare,
911 611 1063 663 Simo
1090 610 1309 680 quidam
1334 611 1569 683 Regium
1589 607 1792 666 'nomen
1821 615 2109 668 invaserat.

307 685 371 739 Is·
404 705 436 739 a
465 682 769 744 Quinctilio
799 682 963 748 Varo,
993 683 1276 735 obtinente
1321 684 1552 754 Syriam,
1594 685 1846 756 punitus:
1884 698 1939 739 et
1977 705 2110 759 gen-

304 771 415 810 tem
442 756 735 809 coercitam
762 753 916 806 liberi
949 753 1184 807 Herodis
1213 755 1485 826 tripartito
1515 774 1719 810 rexere.
1795 758 1910 812 Sub
1941 757 2107 812 Tibe-

304 831 386 882 rio
412 828 582 899 quies.
620 826 743 878 dein
765 825 905 895 jussi
933 845 965 878 a
1003 826 1068 879 C.
1099 826 1334 892 Caesare,
1361 828 1569 900 effigiem
1603 829 1708 898 ejus
1730 829 1786 882 in
1823 829 2006 901 templo
2032 829 2110 883 lo-

302 919 435 965 care,
462 917 611 952 arma
639 898 818 968 potius
846 915 1113 951 sumsere:
1151 916 1311 968 quem
1354 912 1563 952 motum
1592 899 1823 953 Caesaris
1850 911 1995 955 mol-s
2024 902 2107 955 di·
2178 927 2180 930 ’

303 973 484 1025 remit.
558 969 838 1035 ClaudiuS,
865 969 1136 1022 defunctis
1188 969 1454 1042 Regibus,
1483 987 1576 1023 aut
1620 972 1685 1024 ad
1714 974 1984 1027 modicum
2027 992 2107 1026 re-

302 1044 496 1109 dactiS‚
521 1041 773 1097 Judaeam
805 1043 1137 1113 provinciam
1170 1041 1460 1113 Equitibus
1490 1043 1753 1097 Romanis
1779 1058 1873 1097 aut
1898 1046 2106 1099 libertis

301 1115 566 1189 permisit.
604 1115 858 1184 euquibus
877 1115 1150 1167 Antonius
1190 1115 1362 1179 Felix,
1391 1133 1484 1186 per
1507 1132 1723 1167 omnem
1749 1117 2014 1170 saevitia‘m
2041 1136 2106 1170 ac
2167 1111 2182 1140 ²

302 1190 603 1252 libidinem,
635 1186 730 1257 jus
771 1186 1009 1258 Regium
1052 1187 1229 1239 servili
1273 1187 1494 1257 ingenio
1539 1188 1802 1254 exercuit,
1849 1188 2104 1255 Drusilla,
2178 1210 2180 1216 ·

305 1261 612 1333 Cleopatrae
643 1272 699 1310 et
737 1258 966 1311 Antonii
996 1271 1173 1330 nepte,
1201 1259 1253 1311 in
1303 1260 1706 1311 matrimonium
1751 1273 2005 1331 accepta:
2044 1273 2106 1313 ut

303 1333 546 1403 ejusdem
605 1329 833 1382 Antonii
887 1330 1059 1382 Felix·
1096 1332 1376 1402 progener,
1430 1331 1688 1384 Claudius
1734 1349 1903 1404 nepos
1945 1342 2103 1388 esset.

225 1419 292 1465 10
309 1406 542 1458 Duravit
569 1414 749 1454 tamen
779 1402 1040 1474 patientia
1065 1402 1273 1456 Judaeis
1304 1421 1469 1473 usque
1491 1404 1556 1455 ad
1583 1403 1836 1456 Gessium
1868 1402 2104 1470 Florum,

307 1478 738 1530 Procuratorem.
815 1474 928 1526 Sub
967 1492 1033 1526 eo
1061 1474 1258 1541 bellum
1287 1487 1484 1527 ortum.
1522 1487 1576 1527 et
1602 1476 1959 1545 comprimere
1983 1494 2102 1530 coe-

302 1559 545 1624 ptantem
576 1547 822 1600 Cestium
862 1545 1099 1613 Gallum,
1129 1546 1302 1618 Syriae
1336 1546 1618 1618 Legatum,
1650 1549 1794 1600 varia
1819 1547 2015 1622 proelia
2039 1567 2114 1612 ac,

1226 1721 1372 1759 Sana-it
1395 1724 1454 1758 est
1480 1719 1530 1757 ab
1560 1719 1741 1758 Rhenani
1767 1719 1938 1770 ingenio.
1985 1707 2109 1773 (Bud.¹

299 1722 475 1772 geminat
513 1720 626 1760 civile
668 1724 710 1758 et
754 1719 991 1758 internum?
1045 1719 1173 1770 placet

1227 1774 1361 1824 ausit.)
1415 1777 1546 1813 Auxit
1587 1775 1763 1812 rest-ituit
1803 1775 1987 1812 Pit-hena.
2042 1776 2104 1813 De

299 1779 419 1815 immo
466 1777 644 1814 Romana
700 1775 876 1825 scriptio,
915 1775 1010 1813 bello
1065 1776 1175 1813 civili

299 1834 399 1870 inter
422 1844 505 1870 nos,
546 1833 658 1868 Ltrs.
700 1831 784 1868 MS.
814 1830 911 1879 Agr.
937 1830 1047 1867 civili
1075 1832 1174 1867 inter

297 1899 366 1925 nos
382 1887 500 1924 bello:
529 1885 771 1922 concinnius.
826 1885 900 1921 Per
922 1884 1171 1932 scriptionem

296 1943 412 1979 Rom.
443 1940 598 1989 Lipsius
615 1943 686 1977 aut
711 1951 790 1976 non
818 1938 1007 1987 intelligit
1034 1939 1172 1975 editio-

296 2007 386 2033 nem
404 1997 517 2034 Rom.
538 1995 564 2032 i.
583 2006 618 2032 e.
647 1993 856 2043 Spirensis,
875 1997 944 2029 aut
973 1993 1071 2030 falso
1086 1994 1172 2030 lau·

296 2051 375 2088 dat.
430 2051 532 2087 Nam
551 2050 591 2086 in
611 2060 697 2085 meo
715 2047 894 2096 exemplo
913 2051 973 2084 est
988 2049 1096 2085 civili
1112 2049 1172 2084 in-

295 2103 400 2143 terno
419 2105 526 2150 bello,
545 2107 589 2141 ut
618 2105 657 2140 in
677 2103 778 2140 Flor.
802 2134 805 2137 .
823 2103 878 2140 Et
894 2105 1026 2139 tamen
1054 2103 1170 2140 Rom.

296 2161 497 2209 scripturae
514 2159 670 2195 nomine
696 2157 789 2194 alibi
817 2157 918 2199 hanc
945 2158 1003 2194 ed.
1021 2156 1170 2194 laudat.

295 2215 427 2253 Etiam
461 2213 556 2250 alibi
590 2213 688 2249 falso
711 2212 863 2249 laudari
892 2213 996 2248 hunc
1021 2208 1167 2248 librum

294 2269 461 2305 vidimus
497 2279 520 2303 a
555 2267 699 2315 Lipsio.
755 2267 939 2303 Ceterum
975 2269 1074 2304 inter
1100 2278 1169 2303 nos

294 2324 447 2373 quidem
486 2321 730 2359 tolerabilius
762 2323 820 2356 est
856 2331 973 2368 quam
1004 2322 1169 2365 interno,

294 2379 359 2416 sed
378 2381 511 2414 tamen
527 2380 567 2413 et
584 2377 712 2426 ipsum
731 2385 1013 2424 supervacuum
1032 2377 1072 2411 et
1086 2386 1169 2410 cor-

293 2433 453 2470 rectoris
485 2442 645 2468 manum
675 2429 863 2466 redolens.
919 2428 1021 2465 Mihi
1050 2429 1170 2466 alter-

292 2491 427 2524 utrum
465 2487 574 2523 civili
605 2484 668 2524 vel
703 2485 851 2521 interno
885 2483 1066 2531 spurium
1111 2483 1169 2520 vi-

292 2544 418 2579 detur.
473 2541 580 2578 ERN.
634 2538 738 2576 Bud.
769 2537 870 2575 male
906 2538 1016 2574 civili
1048 2539 1164 2574 inter-

290 2611 354 2642 no,
373 2595 515 2633 omisso
533 2595 641 2632 bello.
695 2593 808 2630 Prius
828 2592 927 2629 idem
947 2592 1107 2642 dirupti.

346 2651 565 2687 Provincia:
581 2646 785 2696 cesserant]
807 2644 952 2684 Utrum
962 2646 1165 2695 provincia

290 2711 467 2750 cesserat,
480 2716 530 2740 an
548 2703 681 2741 Oriens
693 2708 869 2740 cesserat.
898 2702 1034 2738 GRON.
1065 2701 1166 2737 Pro-

288 2761 427 2797 oinciae
443 2769 594 2795 verum.
638 2757 712 2794 int.
734 2756 915 2801 Orientis,
934 2759 978 2793 ut
995 2755 1165 2804 Ryckius

282 2814 413 2863 jubet.
441 2814 550 2852 ERN.
586 2811 690 2849 Bud.
703 2811 929 2860 provincioe.
1106 2846 1111 2851 ,

344 2870 434 2906 Rex
465 2864 658 2914 Pacorus]
706 2865 867 2914 Proprie
896 2864 1014 2912 Regis
1045 2863 1164 2910 filius,

288 2924 371 2960 scil.
393 2922 547 2960 Orodis.
599 2920 672 2958 Sed
691 2920 744 2956 sic
765 2919 906 2964 solent,
923 2923 970 2957 ut
987 2929 1107 2966 supra
1125 2924 1163 2963 2,

288 2983 354 3015 25.
384 2979 472 3014 Rea¹
490 2974 731 3026 Epiphanes,
773 2974 857 3011 Nec
875 2984 1045 3020 necesse,
1063 2973 1174 3021 quod·

287 3030 521 3079 conjiciebat
547 3030 659 3067 Brot.
686 3029 736 3066 F.
758 3029 861 3077 Reg.
879 3028 1019 3065 Parth.
1040 3028 1164 3065 Paco—

286 3099 386 3178 mc.
404 3137 555 3187 Sosius]
592 3138 679 3180 Sive
698 3137 863 3174 Sossios.
882 3136 988 3172 Male
1007 3135 1163 3184 quidam

286 3194 395 3240 libri,
417 3192 579 3230 Sestius.
624 3193 734 3228 ers.
778 3192 913 3228 Sosius
930 3190 1013 3228 MS.
1032 3191 1163 3228 Gueif.

1228 1830 1421 1878 scriptura
1437 1831 1546 1869 Simo
1560 1831 1609 1866 ad
1621 1841 1655 1866 c.
1677 1834 1736 1866 12.
1752 1829 1799 1865 de
1818 1830 1919 1878 ipso,
1932 1829 2104 1867 Herodis

1228 1895 1352 1930 servo,
1370 1885 1453 1922 Jos.
1470 1885 1519 1922 A.
1542 1890 1605 1930 17,
1629 1889 1671 1921 11
1698 1877 1799 1934 (10).
1843 1882 1953 1921 ERN.
1994 1884 2102 1922 Idem

1226 1951 1379 1988 quoque
1413 1941 1460 1977 B.
1488 1939 1582 1976 Jud.
1610 1944 1645 1984 1,
1669 1941 1715 1975 15
1740 1935 1843 1988 (20).
1873 1942 2033 1976 auctum
2050 1938 2102 1976 ab

1225 1993 1409 2042 Augusto
1425 1996 1604 2043 Regnum
1624 1992 1774 2031 Herodi
1792 1996 1940 2031 narrat.
2108 2020 2110 2023 v

1273 2049 1489 2098 Triportito
1506 2047 1653 2098 rexere]
1677 2047 1893 2085 Archelaus
1908 2048 1934 2084 J
1937 2047 2101 2095 udaeam,

1227 2102 1403 2139 Herodes
1436 2104 1605 2152 Antipas
1639 2101 1855 2149 Galilaeam,
1897 2102 2101 2150 Philippus

1230 2155 1440 2208 (Herodes)
1492 2155 1829 2204 Trachonitidem,
1871 2160 1919 2194 ut
1958 2160 2102 2194 tetrar-

1224 2211 1318 2248 cbae.

1277 2266 1384 2303 Dein
1390 2264 1499 2314 jussi
1514 2265 1605 2316 etc]
1641 2266 1703 2302 De
1730 2277 1808 2314 quo
1832 2264 1996 2313 legenda
2012 2265 2102 2302 Phi-

1223 2320 1324 2356 lonis
1355 2321 1517 2368 Legatio
1542 2321 1592 2357 ad
1619 2320 1777 2367 Caium,
1806 2323 1846 2356 et
1878 2326 2012 2357 noster
2035 2325 2100 2366 12,

1224 2376 1288 2410 54.
1343 2374 1455 2410 ERN.

1276 2429 1402 2465 Arma
1429 2429 1559 2477 potins
1591 2426 1774 2478 sumsere]
1825 2427 1973 2465 Contra
2013 2428 2098 2466 Jos.

1222 2483 1319 2522 Ant.
1343 2487 1406 2527 18,
1429 2486 1476 2519 10
1500 2480 1576 2532 (8).
1604 2486 1646 2518 et
1672 2482 1719 2519 Β.
1753 2482 1847 2519 Jud.
1875 2487 1916 2527 2,
1945 2487 1969 2521 9
1993 2481 2098 2532 (10).

1219 2537 1346 2582 docet,
1375 2548 1456 2572 rem
1491 2537 1768 2573 intercessione
1804 2536 1978 2573 Petronii
2013 2547 2098 2572 esse

1219 2591 1472 2639 compositam
1491 2594 1532 2627 et
1549 2601 1641 2628 mox
1670 2590 1879 2629 Claudium
1907 2591 1990 2627 vita
2007 2590 2099 2628 fun-

1219 2650 1339 2683 ctum.
1567 2661 1573 2670 .,

1271 2700 1342 2737 Ad
1356 2700 1550 2738 modicum
1565 2697 1750 2748 redactis]
1781 2698 1895 2735 Unus
1907 2701 1993 2735 tum
2011 2698 2096 2736 He-

1218 2755 1346 2800 rodes,
1365 2755 1553 2802 Agrippae
1572 2755 1629 2792 M.
1647 2755 1784 2799 frater,
1796 2763 1961 2801 regnum
1979 2752 2098 2792 Chal-

1219 2809 1314 2846 cidis
1332 2808 1562 2858 occupabat.
1795 2834 1797 2837 ι

1271 2864 1467 2904 Antonius
1495 2860 1628 2910 Felix]
1663 2863 1935 2899 Antonianum
1961 2861 2094 2911 potius

1218 2918 1423 2955 dicendum
1441 2918 1616 2965 disputat
1633 2914 1808 2964 Canneg.
1838 2916 1885 2953 de
1904 2920 2003 2954 mut.
2021 2915 2096 2953 sub

1220 2970 1319 3021 Imp.
1339 2984 1442 3009 nom.
1461 2976 1538 3008 rat.
1571 2984 1608 3020 p.
1628 2975 1691 3008 54.
1747 2972 1784 3008 Is
1814 2974 1948 3007 autem
1973 2981 2093 3019 nepos

1218 3027 1296 3063 fuit
1316 3026 1484 3071 Claudii,
1503 3027 1571 3074 qui
1589 3037 1635 3062 ex
1651 3027 1782 3063 Druso
1922 3048 1936 3062 v.
1953 3027 1994 3061 et
2010 3025 2095 3062 An-

1217 3082 1329 3118 tonia
1345 3082 1442 3118 min.
1459 3080 1626 3118 Antonii
1644 3080 1726 3118 filia
1741 3083 1838 3116 natu
1875 3081 1975 3115 erat.

1275 3136 1529 3185 Comprimere
1547 3131 1788 3184 coeptmztem]
1821 3131 1883 3169 Sic
1896 3132 1994 3168 bene
2010 3132 2095 3169 'edi-

1217 3195 1302 3227 tum
1320 3203 1344 3227 a
1361 3190 1563 3227 Rhenano.
1592 3189 1677 3226 MS.
1703 3185 1805 3224 B'ud.
1822 3186 1882 3223 ed.
1905 3197 1964 3234 pr.
1991 3199 2092 3225 com-

287 3250 348 3287 ed.
382 3259 443 3297 pr.
476 3250 703 3293 ceteraeque.
747 3246 857 3282 Ean.
900 3246 961 3282 De
988 3246 1098 3282 Sosio
1126 3258 1163 3282 v.
1211 3247 1379 3294 primere
1411 3249 1690 3292 receptantmn:
1731 3246 1878 3278 temere
1921 3242 2094 3289 repetita

284 3305 368 3342 Jos.
387 3302 483 3340 Ant.
508 3306 570 3345 14,
591 3303 638 3335 16
663 3297 768 3347 (28).
788 3302 829 3335 et
846 3299 923 3335 Dio
940 3305 1008 3344 49,
1027 3304 1092 3336 22.
1112 3299 1162 3335 ad

284 3371 322 3397 a..
343 3362 436 3398 718.
463 3355 541 3392 Dio
569 3352 742 3391 Sossium
760 3358 885 3390 vocat.
913 3354 989 3400 Ap.
1011 3354 1161 3389 Murat.

285 3415 407 3451 Inscr.
426 3413 458 3447 t.
480 3414 514 3447 1.
531 3421 569 3458 p.
588 3412 680 3448 295.
699 3407 793 3443 item
814 3407 855 3443 in
870 3407 999 3443 numis
1018 3419 1162 3443 memo-

285 3473 398 3504 ratur
418 3465 461 3502 C.
483 3464 630 3501 Sosius.
667 3462 769 3499 Bud.
794 3462 840 3498 G.
855 3461 1002 3498 Sosius.

1215 3299 1357 3335 ultima
1372 3297 1511 3347 prioris
1523 3296 1630 3332 verbi
1649 3294 1811 3344 syllaba,
1823 3294 1927 3332 unde
1942 3295 2091 3333 sactum

1215 3365 1298 3390 reos
1316 3353 1358 3388 in
1393 3351 1481 3387 aliis
1517 3350 1627 3388 MSS.
1658 3354 1698 3387 et
1729 3349 1814 3386 edd.
1838 3350 1978 3386 ceteris
1996 3354 2091 3387 ante

1215 3407 1341 3444 Rhen.
1397 3406 1504 3442 ERN.

1273 3461 1441 3496 Cestium
1462 3456 1635 3507 Gallum]
1668 3457 1773 3495 Idem
1794 3458 1983 3495 Suetonio
1998 3469 2089 3496 nar-

344 3523 479 3559 Victor
508 3518 718 3566 Augustas
744 3513 897 3564 sanxit]
938 3514 1057 3551 Prisci
1089 3513 1159 3550 ali-
1211 3519 1325 3552 ratur
1339 3515 1499 3562 vespas.
1518 3517 1557 3550 4.
1581 3512 1718 3549 Judoei
1742 3512 1987 3556 rebellarunt,
2015 3525 2090 3550 εω-

285 3579 382 3626 quot
408 3573 516 3620 libri,
546 3573 675 3611 auxit.
715 3571 827 3609 lars.
863 3569 984 3618 quue
1008 3580 1158 3607 verum.

1213 3581 1326 3620 soque
1343 3567 1572 3619 Proeposito,
1587 3567 1782 3616 Legatum
1795 3568 1948 3618 insuper
1960 3567 2089 3616 Syriae
