2190 3880
716 131 882 181 1213.
910 129 979 181 11.
1031 132 1198 181 cAP.
1229 135 1313 185 75.

105 266 525 320 sacramentum,
549 263 607 309 et
632 253 817 309 fausta
838 255 1062 309 Vitellio
1085 257 1270 310 omnia
1288 264 1620 326 precantem,
1645 259 1920 329 perdsilen-
1936 271 2067 368 1382}

1829 136 1924 186 137

107 329 247 380 tium
272 326 562 392 audierint.
612 326 865 380 Muciani
887 328 1102 382 animus
1129 345 1230 380 nec
1257 327 1594 407 Vespasiano
1618 331 1844 396 alienuS,
1866 340 1922 383 et

105 398 162 451 in
187 394 376 451 Titum
402 398 644 470 pronior.
709 398 1013 453 Praefectus
1036 397 1292 470 AEgypti,
1318 397 1405 449 Ti.
1433 397 1762 465 Alexander,
1790 420 1923 454 con-

105 466 227 520 silia
252 469 570 522 sociaverat.
645 467 888 524 Tertiam
923 470 1216 540 legionem,
1254 467 1402 539 quod
1441 487 1471 520 e
1498 468 1659 538 Syria
1685 470 1740 521 in
1771 470 1926 525 Moe-

101 537 241 591 siam
283 540 579 605 transisset,
620 559 774 593 suam
813 542 1156 594 numerabat.
1198 552 1395 593 ceterae
1440 538 1647 620 Illyrici
1684 540 1927 610 legiones

109 611 375 665 secuturae
404 612 780 682 sperabantur.

857 611 1111 682 Namque
1148 628 1338 664 omnes
1376 622 1654 663 exercitus
1683 612 1931 664 flamma-

108 692 262 747 verat
289 681 612 752 adrogantia
636 683 969 735 venientium
1000 702 1032 735 a
1059 682 1280 734 Vitellio
1322 681 1590 747 militum;
1632 681 1778 751 quod
1816 694 1932 735 tru-

108 769 198 804 ces
223 770 470 823 corpore,
498 753 703 809 horridi
725 771 991 818 sermone,
1014 764 1242 819 ceterOS,
1264 765 1324 806 ut
1347 754 1580 823 inpareS‚
1600 753 1932 806 inridebant.

111 822 220 891 Sed
257 824 314 878 in
352 835 506 875 tanta
542 823 685 876 mole
713 823 838 876 belli
866 825 1184 894 plerumque
1209 823 1522 878 cunctatio:
1561 834 1618 876 et
1644 824 1933 894 Vespasia-

105 909 228 959 ῼυε,
264 893 432 962 niodo
470 893 526 946 in
564 913 715 964 spem
746 906 977 960 erectus,
1018 895 1312 965 aliquando
1346 895 1572 947 adversa
1608 895 1932 965 reputabat:

115 960 249 1019 Quis
273 962 363 1016 ille
386 962 492 1016 dies
494 963 664 1036 foret,
690 983 789 1035 quo
814 963 941 1018 LX.
969 967 1133 1018 aetatis
1157 984 1317 1018 annos
1342 973 1390 1018 et
1415 963 1696 1034 duosfilios
1713 967 1933 1035 juvenes

107 1032 240 1088 bello
267 1034 626 1105 permitteret?
664 1035 789 1088 Esse
815 1037 1041 1105 privatis
1065 1034 1460 1159 cogitationibus
1485 1054 1828 1107 progressum,
1864 1044 1932 1103 et,

98 1110 260 1178 prout
281 1104 459 1171 velint,
478 1105 596 1176 plus
625 1107 853 1159 minasve
875 1107 1008 1159 sumi
1032 1126 1091 1159 ex

1151 1105 1348 1160 'ortana
1363 1128 1379 1158 .-
1421 1106 1704 1175 Imperium
1725 1124 1931 1176 cupien-

107 1174 241 1248 tibus
283 1176 420 1228 nihil
457 1170 678 1229 medium
713 1178 849 1230 inter
887 1195 1082 1230 summa
1121 1187 1171 1230 et
1207 1175 1519 1248 praecipitia.
1595 1177 1931 1241 Versabatur
1944 1181 2014 1235 75

108 1257 236 1299 ante
251 1247 436 1300 oculos
460 1248 776 1301 Germanici
805 1248 1078 1301 exercitus
1102 1250 1286 1312 robur,
1315 1258 1509 1300 notum
1534 1247 1650 1299 viro
1675 1249 1896 1300 militari
1918 1269 1932 1302 :

116 1315 250 1382 Suus
273 1315 492 1389 legiones
516 1317 660 1372 civili
684 1318 810 1371 bello
834 1319 1152 1389 inexpertas3
1186 1317 1402 1383 Vitellii,
1435 1318 1694 1371 victrices.-
1727 1327 1775 1372 et
1796 1315 1939 1388 apud

110 1388 268 1440 victos
292 1390 408 1457 plus
431 1390 879 1459 querimoniarum,
906 1409 1060 1460 quam
1085 1390 1293 1443 virium.
1307 1389 1518 1458 fluxam
1536 1407 1634 1458 per
1657 1388 1937 1450 discordias

111 1457 522 1530 militumfidem,
547 1469 595 1513 et
610 1460 901 1531 periculum
927 1479 986 1512 εκ
1009 1461 1240 1531 singuli&
1310 1457 1454 1515 Quid
1477 1460 1610 1513 enim
1632 1458 1936 1531 profuturas

112 1529 338 1583 cohortes
359 1529 584 1601 alasque,
618 1532 663 1583 si
687 1550 818 1583 unus
845 1531 1074 1602 alterque
1091 1531 1330 1602 praesenti
1340 1529 1584 1602 facinori
1603 1539 1849 1600 paratum
1875 1548 1935 1583 ex

125 1740 127 1743 ’
165 1743 317 1782 Fausta
350 1745 509 1783 Vitellio
537 1746 667 1782 omnia
689 1744 769 1795 pn]
814 1745 994 1784 Freinsh.

104 1798 277 1846 ⁷corrigit
293 1800 436 1847 omina.
480 1798 656 1835 Verbum
673 1801 830 1848 precari
843 1811 906 1835 me
920 1800 993 1836 im-

115 1851 238 1899 pedit,
267 1862 346 1898 quo
378 1853 511 1889 miuus
543 1852 641 1889 satis
669 1851 846 1900 probem.
900 1855 994 1891 Pre-

112 1905 238 1941 cando
265 1905 364 1941 bene
393 1906 631 1951 ominamur,
662 1910 703 1942 et
737 1907 870 1943 omina
899 1906 993 1943 faci·

113 1970 226 1995 mus:
255 1959 323 1995 sed
346 1970 425 1996 non
450 1970 659 2008 precamur
679 1960 827 2005 omina,
845 1965 890 1998 ut
907 1961 994 2009 opi-

116 2023 203 2050 nor.
236 2011 345 2050 Eun.

166 2063 410 2116 Alea-ander]
432 2065 632 2113 Muretus,
650 2067 836 2112 Ursinus,
853 2064 996 2103 Acida-

114 2118 192 2156 lius
221 2119 426 2157 verisimili
454 2123 681 2168 conjectura
708 2124 869 2168 putant,
902 2121 996 2157 scri-

117 2176 229 2222 ptum
258 2183 284 2210 a
311 2172 454 2212 Tacito
484 2174 546 2212 Ti.
564 2176 685 2211 Alex.
706 2177 754 2211 ut
774 2186 838 2223 ap.
859 2172 998 2211 Sueto-

116 2228 230 2264 nium
246 2227 363 2275 Vesp.
381 2230 420 2264 6.
446 2238 610 2277 eamque
628 2227 766 2276 siglam
790 2228 998 2276 praenomi-

116 2281 179 2317 nis
197 2281 364 2318 indicem
385 2280 434 2317 ob
456 2282 639 2318 ultimam
657 2282 912 2330 praecedentis
931 2294 999 2319 vo-

113 2334 172 2371 cis
200 2334 388 2383 syllabam
416 2346 500 2372 esse
526 2336 724 2373 omissam.
760 2335 824 2374 cf.
850 2346 941 2373 mox
963 2349 998 2375 c.

127 2486 135 2491 ,
174 2442 315 2479 Omnes
345 2443 539 2480 exercitus
569 2444 852 2493 flamnaoerat
886 2456 996 2480 arro-

113 2494 278 2546 gantia]
300 2495 386 2534 MS.
403 2496 508 2534 Bud.
528 2499 652 2534 omnis
670 2499 863 2534 exercitus
876 2499 1001 2546 flani-

119 2555 294 2586 maverat
338 2549 396 2586 ad
437 2552 728 2599 arrogantiam,
763 2554 809 2587 ut
847 2550 1003 2588 volebat

119 2601 319 2641 Muretus.
376 2603 485 2640 ERN.
539 2604 668 2642 Rhen.
713 2616 793 2641 uon
836 2605 1001 2652 recepit.

119 2649 260 2747 §nullo
302 2659 396 2693 ante
435 2656 538 2694 Bud.
584 2658 674 2695 Put.
714 2658 803 2694 Alc.
846 2658 923 2695 Rh.
959 2658 1006 2695 de

201 2722 256 2746 za.

147 2721 255 2800 yged
282 2762 410 2800 inerat
434 2775 458 2800 a
482 2765 581 2801 mole
607 2763 714 2813 belli]
750 2765 798 2802 In
815 2764 920 2801 Flor.
935 2763 1005 2801 sed

118 2815 251 2854 iniant
274 2829 300 2853 a
327 2818 450 2854 mole.-
478 2829 527 2854 ex
555 2829 633 2866 quo
660 2819 845 2864 Pielienm
866 2819 934 2855 sed
959 2819 1000 2855 in

109 2871 234 2907 'tama
271 2871 383 2908 mole.
438 2871 550 2908 Ln’s.
605 2871 790 2920 Idemque
835 2872 878 2908 in
923 2871 1002 2907 alio

120 2924 208 2962 MS.
236 2923 340 2960 clare
372 2925 533 2973 reperit.
580 2923 643 2960 Sic
674 2929 714 2962 et
749 2925 834 2962 MS.
868 2925 1000 2962 Guelf.

120 2977 189 3016 sed
220 2989 247 3015 a
273 2989 396 3015 manu
430 2989 506 3016 sec.
542 2978 604 3015 ed.
638 2990 699 3026 pr.
756 2980 812 3016 At
848 2980 1000 3016 Puteol.

121 3026 246 3069 edidit
269 3033 338 3069 ved
359 3034 489 3069 ine-rat
517 3045 543 3068 a
567 3034 668 3069 mole
691 3033 793 3078 belli,
812 3034 915 3081 quod
933 3044 1001 3069 us-

119 3082 197 3136 que
215 3085 266 3122 ad
288 3086 499 3124 Pichenam
522 3085 617 3122 editi
636 3087 875 3133 praeferunt:
904 3087 1000 3124 fuit-

121 3136 198 3188 q‘uc
215 3139 408 3176 inGuelf.
426 3151 451 3176 a
470 3150 591 3176 manu
616 3151 678 3188 pr.
734 3141 842 3178 Ean.
895 3140 998 3177 Bud.

119 3193 190 3231 ced
205 3195 336 3231 inerat
354 3206 462 3231 amor
478 3194 582 3239 becci,
601 3194 706 3231 unde
729 3195 856 3232 Rhen.
877 3195 963 3242 conj
970 3197 1002 3230 i-

122 3243 253 3283 ciebat
268 3247 337 3284 sed
351 3246 480 3284 inerat
495 3249 614 3284 timor
630 3247 732 3286 belli.

115 3304 118 3306 ’
180 3300 267 3346 Quo
284 3301 380 3339 LX.
409 3302 541 3339 etatis
566 3314 689 3338 annos
715 3307 753 3338 et
774 3303 871 3340 duos
889 3301 1004 3350 filios

114 3353 292 3403 ,iuvene-c]
331 3354 502 3391 Pichena
529 3355 755 3403 suspicatur
779 3355 1002 3404 legendum,

124 3419 198 3455 qno
223 3410 465 3457 sea-agesimo
490 3410 623 3445 aetatis
647 3421 750 3446 anno
765 3422 806 3447 se
829 3416 866 3446 at
891 3410 1003 3446 dico-r.

124 3460 341 3551 {nugatum
398 3466 504 3500 recte
562 3462 736 3500 defendit
794 3464 1003 3502 Gruterus.

166 3524 236 3552 ms.

125 3560 131 3581 ι
161 3557 177 3566 .,

1102 1744 1203 1781 Esse
1233 1745 1405 1793 privatis
1444 1744 1745 1792 cogitationibus
1782 1755 1935 1793 regres-

1045 1798 1148 1847 sum]
1185 1798 1248 1834 Sic
1272 1799 1444 1834 correxit
1472 1797 1644 1845 Lipsius,
1663 1809 1830 1845 eamque
1850 1809 1937 1834 cor·

1046 1853 1261 1889 rectionem
1299 1852 1449 1899 recepit
1483 1850 1663 1888 Freinsh.
1698 1861 1787 1888 cum
1824 1862 1934 1900 seqq,

1047 1903 1133 1943 edd.
1149 1905 1274 1942 Bene.
1302 1905 1447 1943 Sensus
1466 1908 1548 1941 est:
1572 1904 1733 1954 privati,
1753 1916 1843 1942 cum
1861 1906 1938 1942 ali-

1049 1958 1144 2008 quid
1174 1958 1216 1997 in
1245 1959 1365 2001 rebus
1393 1958 1557 2007 privatis
1588 1958 1827 2006 suscipiunt,
1845 1970 1937 2007 pos·

1050 2016 1145 2049 sunt
1161 2011 1342 2061 progredi
1362 2011 1490 2060 quoad
1507 2011 1670 2049 volunt:
1703 2011 1773 2048 ubi
1791 2011 1938 2061 incipit

1051 2066 1256 2115 displicere
1293 2066 1516 2111 consilium,
1550 2064 1706 2114 regredi
1752 2070 1937 2114 possunt,

1050 2120 1299 2168 poenitentiae
1316 2120 1425 2156 locus
1443 2122 1514 2161 est.
1549 2120 1621 2164 At,
1641 2121 1709 2168 qui
1725 2119 1939 2168 imperium

1052 2173 1255 2220 affectant,
1282 2185 1372 2212 cum
1408 2172 1528 2210 semel
1560 2177 1769 2222 coeperunt
1791 2185 1939 2222 agere,

1053 2239 1134 2264 non
1153 2228 1247 2264 licet
1267 2227 1482 2265 subsistere
1501 2231 1572 2264 aut
1589 2227 1761 2280 regredi.
1816 2227 1939 2274 Nam,

1054 2281 1087 2318 si
1105 2281 1288 2318 desinant
1313 2282 1496 2329 persequi
1523 2285 1672 2328 coepta,
1693 2281 1942 2329 pereundum

1054 2340 1127 2373 est.
1182 2336 1263 2373 Hic
1282 2347 1419 2372 sensus
1450 2335 1507 2371 ita
1532 2335 1638 2370 clare
1666 2335 1863 2373 desiderat
1880 2347 1941 2373 re-

1053 2401 1248 2438 gressum,
1277 2393 1323 2426 ut
1354 2389 1489 2433 mirer,
1512 2389 1634 2425 etiam
1663 2389 1876 2426 Pichenam
1903 2389 1943 2426 ei

1056 2443 1321 2488 emendationi
1374 2442 1603 2490 oblocutum
1658 2454 1755 2479 esse.
1828 2442 1941 2479 Bene

1055 2497 1235 2534 Freinsh.
1261 2486 1400 2533 laudat
1431 2508 1478 2532 ex
1506 2494 1555 2533 A.
1584 2501 1627 2541 4,
1649 2500 1711 2532 11.
1754 2497 1863 2532 nullo
1888 2497 1943 2533 ad

1051 2550 1315 2600 paenitendum
1348 2562 1541 2598 regressu.
1600 2550 1787 2586 Ceterum
1825 2549 1941 2587 MSS.

1059 2607 1099 2640 et
1117 2604 1204 2641 edd.
1216 2607 1311 2641 ante
1328 2603 1508 2641 Freinsh.
1526 2614 1660 2640 omnes
1673 2614 1941 2652 progressum.

1060 2657 1155 2694 Mox
1173 2657 1260 2695 MS.
1278 2658 1378 2706 Reg.
1404 2657 1465 2694 ed.
1485 2667 1544 2703 pr.
1564 2662 1602 2692 et
1625 2657 1850 2704 proecipitia
1867 2668 1942 2706 pro

1053 2710 1223 2758 vulgato,
1244 2717 1314 2747 aut
1336 2722 1403 2759 pr.
1432 2709 1536 2758 quod
1554 2708 1725 2760 probant
1751 2708 1880 2747 Rhen.
1898 2715 1942 2747 et.

1056 2765 1286 2810 Gruterus3
1335 2763 1451 2812 idque
1498 2762 1739 2810 sequendum
1783 2763 1940 2810 putavi.

1055 2818 1164 2856 ERN.
1221 2818 1260 2854 A
1284 2817 1460 2854 codicum
1491 2816 1658 2853 lectione
1683 2816 1805 2855 nolim
1832 2827 1941 2853 rece·

1055 2870 1161 2916 dere,
1179 2870 1338 2908 restitui
1355 2881 1448 2919 ergo
1461 2882 1725 2919 progressum.
1766 2870 1940 2910 Pichena

1055 2923 1176 2961 bene:
1208 2925 1250 2962 in
1273 2925 1347 2961 hac
1373 2924 1614 2973 privatorum
1634 2923 1939 2972 Principumque

1054 2978 1347 3026 comparatione
1377 2977 1478 3015 nihil
1504 2978 1553 3014 de
1582 2989 1760 3027 regressu
1788 2978 1939 3028 agitur.

1055 3034 1223 3069 Sensus:
1255 3033 1429 3080 privatos
1459 3031 1653 3077 homines,
1673 3042 1764 3068 cum
1791 3032 1939 3080 cogita-

1053 3085 1203 3122 tionem
1253 3085 1492 3134 suscipiunt,
1538 3088 1703 3123 eatenus
1749 3086 1939 3134 progredi

1055 3151 1184 3188 posse,
1208 3143 1406 3188 quatenus
1441 3139 1537 3188 ipsis
1567 3138 1763 3177 videatur.
1819 3139 1938 3180 Quod

1056 3193 1149 3243 Bip.
1173 3193 1344 3239 addunt,
1368 3192 1400 3230 si
1432 3204 1650 3241 regressum
1677 3203 1816 3243 ponas,
1844 3192 1938 3229 scri·

1057 3246 1230 3285 bendum
1247 3247 1367 3284 fuisse
1386 3259 1414 3283 (ι
1441 3247 1608 3295 cogitat.
1631 3246 1727 3283 mihi
1748 3257 1861 3283 secus
1880 3247 1938 3283 vi·

1057 3301 1202 3348 derum
1231 3301 1351 3338 dandi
1378 3310 1491 3338 casus
1518 3300 1583 3336 hic
1608 3299 1706 3338 scite
1726 3300 1937 3337 locaretur.

1058 3354 1154 3392 Mox
1167 3355 1272 3393 Bia.
1292 3367 1339 3392 ac
1352 3354 1587 3403 praecipitia.

1112 3410 1308 3446 Proesenti
1329 3406 1532 3457 facinore]
1575 3406 1638 3444 Sic
1669 3406 1884 3445 Rhenanus
1914 3417 1935 3443 e

1055 3463 1159 3500 Bud.
1190 3463 1328 3506 edidit,
1358 3462 1476 3508 idque
1506 3471 1641 3498 omnes
1676 3459 1799 3495 secuti
1830 3463 1937 3495 sunt.

1057 3516 1132 3555 Sed
1175 3517 1301 3554 alteru
1336 3518 1449 3552 vetus
1493 3514 1611 3551 rectio
1642 3512 1823 3561 facinori
1857 3522 1938 3549 non

1936 381 1987 420 A.
2007 356 2064 421 c‘.

1962 436 2033 478 70.
