2190 3880
680 125 834 183 LIB.
880 129 970 176 IV.
1027 128 1191 183 CAP.
1225 135 1274 177 4.
1806 131 1902 178 241

92 260 313 333 cipibus
355 258 519 314 solita
567 256 904 328 Vespasiano
951 254 1218 319 decernit,
1254 253 1412 306 laetus
1450 264 1505 307 et
1556 254 1670 327 spei
1706 263 2049 309 certuS.A.U.

95 335 300 406 quippe
324 343 542 402 sumpta
565 346 658 400 per
681 327 886 385 Gallias
906 326 1313 397 Hispaniasque
1339 326 1522 379 civilia
1550 344 1717 392 arma,
1743 326 1906 380 motis
1920 321 2034 416 Affig-

96 406 165 458 ad
203 403 402 458 bellum
449 402 756 466 Germanis,
802 418 932 459 mox
976 398 1215 470 Illyrico,
1253 409 1541 469 postquam
1579 398 1907 470 AEgyptum‚
1938 401 2043 471 7'04’

93 475 345 530 Judaeam
371 473 767 545 Syriamqueet
788 472 964 532 omnis
986 470 1292 542 provincias
1312 469 1691 539 exercitusque
1714 470 1907 523 lustra·

94 559 303 612 verant,
329 546 478 600 velut
502 546 728 617 expiato
755 555 1017 603 terrarum
1043 542 1194 607 orbe,
1220 543 1428 613 cepisse
1455 541 1619 605 finem
1645 540 1907 594 videban-

95 631 203 675 tur.
251 618 526 672 Addidere
553 618 886 674 alacritatem
913 614 1233 686 Vespasiani
1254 614 1472 678 litterae,
1493 626 1770 683 tamquam
1793 632 1908 665 ma-

93 703 258 744 neme
298 689 438 749 bello
477 690 716 761 scriptae.
756 706 838 753 ea,
879 687 1055 758 prima
1092 686 1289 757 specie,
1327 685 1530 750 forma:
1570 696 1810 749 ceterum
1848 697 1910 738 ut

11 780 18 784 ‘
95 762 360 834 Princeps
396 761 739 832 loquebatur,
771 760 956 817 civilia
993 758 1060 812 de
1097 777 1154 819 se
1190 770 1246 810 et
1286 757 1629 829 Reipublicae
1666 757 1909 828 egregia.

0 841 5 848 “
93 854 196 890 nec
222 836 454 896 Senatus
480 832 801 901 obsequium
825 831 1028 890 deerat.
1064 829 1193 901 >Ipsi
1231 828 1535 893 Consulatus
1560 847 1673 881 cum
1703 827 1911 898 Tzftofi·

91 907 183 973 lio,
209 906 455 960 Praetura
483 901 788 959 Domitiano
814 912 861 956 et
900 901 1188 964 Consulum
1223 901 1490 972 imperium
1526 901 1908 967 decernuntur.

93 978 329 1032 Miserat
353 986 410 1030 et
432 976 728 1030 Mucianus
757 974 1012 1047 epistolas
1046 974 1116 1034 ad
1155 974 1436 1038 Senatum,
1462 992 1587 1044 quae
1623 973 1958 1037 materiam4

93 1051 436 1104 sermonibus
452 1049 756 1121 praebuere:
790 1047 839 1103 ,εἰ
844 1047 1082 1117 privatus
1103 1053 1244 1110 esset,
1264 1063 1355 1108 cm·
1358 1045 1567 1115 publice
1585 1042 1909 1116 loqueretur?

29 1184 33 1187 ,
84 1122 310 1194 potuisse
344 1119 533 1186 eadem,
543 1138 736 1190 paucos
762 1128 878 1188 post
913 1117 1034 1184 dies,
1060 1117 1167 1169 loco
1194 1117 1446 1169 sententies
1480 1116 1602 1169 dici.
1629 1118 1747 1188 ipsa
1773 1136 1910 1188 quo-

91 1212 199 1267 que
238 1193 524 1255 insectatio
562 1194 620 1246 in
647 1190 929 1244 Vitellium
965 1207 1083 1243 sera
1108 1199 1163 1240 et
1190 1188 1306 1240 sine
1341 1189 1610 1241 libertate.
1685 1189 1751 1242 Id
1780 1207 1910 1243 vero

1022 1358 1220 1407 Recepcre
1232 1357 1344 1396 Brot.
1363 1347 1520 1396 etLall.
1700 1379 1705 1382 -

1085 1412 1292 1451 Consulare
1327 1410 1550 1462 imperium]
1592 1411 1796 1462 Intellegit
1823 1418 1913 1463 pot·

1023 1472 1184 1504 estatem
1204 1466 1473 1515 Consularem,
1488 1472 1535 1504 ut
1551 1467 1765 1505 Suetonius
1783 1467 1913 1517 loqui-

143 1363 356 1417 Euprima
372 1359 656 1414 specie-somna]
677 1371 731 1398 sc.
749 1358 969 1397 literarum.

90 1418 173 1458 haec
191 1422 278 1456 erat
303 1417 430 1456 forma
446 1415 620 1466 epistolae
638 1415 809 1464 primum
827 1418 870 1451 et
887 1413 971 1451 obi-

89 1478 154 1518 ter
168 1471 339 1526 legenti:
361 1472 442 1519 sed,
462 1472 494 1509 si
512 1471 734 1508 accuratius
751 1469 973 1506 considera-

88 1519 525 1577 batnr‚*rcperiebatnr
547 1525 670 1574 loqui,
699 1527 746 1560 ut
766 1524 850 1572 jam
879 1535 972 1562 con-

89 1583 193 1620 fecto
210 1581 325 1626 bello,
344 1585 386 1619 et
408 1580 680 1630 Principatum
692 1579 776 1627 Jam
794 1578 974 1628 adeptus}

90 1630 239 1685 Omnes
253 1636 347 1674 libri
362 1637 406 1674 in
426 1636 500 1680 hac
520 1634 688 1675 lectione
704 1634 972 1680 consentiunt,

87 1685 232 1744 praeter
258 1690 345 1729 MS.
366 1691 465 1741 Agr.
493 1691 561 1739 qui
587 1688 708 1726 habet
723 1688 973 1738 formidata.-

90 1746 196 1797 quod
222 1745 353 1796 placet
373 1745 536 1794 Ryckio,
565 1755 645 1781 non
660 1741 773 1789 mihi,
793 1743 860 1792 qui
885 1753 974 1780 sen-

92 1802 180 1851 snm
196 1800 442 1840 commodum
470 1799 589 1847 hujus
615 1797 794 1835 lectionis
820 1797 974 1835 nullum

89 1857 216 1895 viden.
262 1855 372 1899 Quid
398 1855 503 1893 enim
520 1850 765 1891 formidabile
789 1851 829 1888 in
859 1863 921 1898 eo,
940 1852 975 1890 si

90 1911 151 1949 ita
177 1909 330 1960 scribit,
346 1908 538 1960 tanquam
561 1907 735 1946 nondum
751 1907 865 1944 finito
891 1906 975 1944 bel-

91 1965 147 2017 lo,
175 1963 352 2005 nondum
379 1968 502 2012 certo,
530 1967 623 2002 uter
649 1962 796 2000 victor:
824 1961 868 1998 in
896 1973 975 2010 quo

91 2030 172 2058 non
197 2023 354 2073 poterat
370 2031 452 2058 non
475 2019 651 2057 modeste
669 2015 854 2062 scribere,
873 2016 974 2053 nihil

91 2074 168 2115 sibi
182 2084 384 2124 arrogans.
432 2075 636 2120 Ceterum,
655 2070 731 2108 etsi
750 2081 830 2120 non
846 2069 974 2108 dicam

89 2140 178 2168 cum
196 2129 359 2179 Ryckio,
374 2130 419 2166 in
444 2128 608 2177 vulgata
633 2126 789 2164 nullum
817 2135 975 2162 sensum

91 2195 191 2230 esse,
209 2195 327 2235 quem
342 2183 440 2230 ‘satis
461 2186 555 2220 ante
582 2180 822 2218 declaratum
849 2182 971 2228 puto:

90 2242 226 2276 tamen
261 2248 349 2287 eam
392 2249 473 2275 non
511 2235 720 2284 admodum
754 2233 974 2287 elegantem

91 2293 221 2340 credo,
241 2295 281 2330 et
303 2290 424 2340 verba
437 2291 506 2329 illa
523 2299 791 2340 supervacua3
820 2299 921 2340 quae,
939 2289 975 2328 si

89 2347 289 2394 abessent,
301 2357 418 2384 nemo
434 2345 685 2384 desideraret.
710 2344 851 2393 Neque
867 2343 972 2381 enim

90 2402 200 2451 aliud
225 2402 286 2440 his
305 2401 434 2440 verbis
452 2402 570 2447 inest,
587 2410 706 2450 quam
723 2398 827 2449 quod
843 2398 885 2435 in
904 2409 974 2436 an-

89 2455 362 2498 tecedentibus
390 2459 472 2495 est:
502 2461 548 2493 ut
570 2461 747 2493 manente
768 2452 862 2491 bello
878 2454 975 2490 scri-

86 2517 184 2563 pta.
236 2511 354 2551 Unde
381 2510 480 2549 mihi
508 2509 677 2559 suspicio
705 2509 801 2550 nata
828 2510 904 2554 est,
927 2518 975 2545 ea.

92 2564 215 2604 verba
230 2576 314 2611 esse
331 2577 358 2602 a
383 2565 612 2615 glossatore,
630 2564 699 2614 qui
714 2562 975 2615 praecedentia

92 2619 148 2658 sic
166 2618 451 2671 interpretatus
473 2619 546 2656 sitz
577 2615 706 2669 prima
731 2617 860 2668 specie
886 2627 973 2654 eam

92 2675 260 2712 formam
281 2673 489 2712 literarum
516 2673 653 2719 fuisse,
675 2676 877 2722 tamquam
907 2672 976 2708 ad-

93 2729 172 2767 huc
193 2728 335 2766 durare
358 2727 505 2766 bellum
531 2728 720 2775 crederet,
742 2739 786 2765 re
810 2736 905 2762 vera
928 2729 976 2762 ut

92 2782 331 2846 Principem,
347 2782 458 2831 velut
478 2782 563 2831 jam
591 2777 974 2832 parto'Principatu,

94 2837 308 2887 scripsisse.
344 2837 477 2876 Tanto
506 2836 662 2876 facilius
692 2835 815 2886 recipi
847 2834 977 2883 glossa

94 2893 263 2947 poterat,
288 2890 392 2942 quod
419 2902 510 2929 cum
539 2902 587 2928 ea
614 2891 754 2930 melius
781 2889 884 2927 coire
915 2901 975 2925 se-

95 2946 260 2997 quentia
283 2945 534 2993 videbantur,
559 2957 678 2996 quam
702 2956 793 2984 cum
820 2949 865 2982 ut
891 2956 976 2981 ma-

93 3008 205 3042 nento
222 3001 318 3039 bello
329 3001 500 3051 scriptoe.
544 3001 653 3039 ERN.

152 3055 296 3104 Civilia
313 3055 359 3094 de
374 3068 414 3093 se
428 3061 467 3093 et
479 3055 538 3092 Re
567 3083 575 3092 .
593 3052 775 3107 egregia]
795 3051 859 3092 Sic
877 3055 974 3090 vett.

95 3109 181 3148 edd.
200 3121 334 3149 omnes
351 3112 393 3147 et
409 3109 495 3147 MS.
558 3109 653 3149 uelf.
697 3108 773 3146 Sed
792 3108 975 3147 Muretus

95 3163 345 3211 emendabat,
371 3177 406 3203 c.
436 3164 476 3202 d.
512 3176 567 3216 se,
593 3164 640 3215 de
674 3164 774 3213 Rep.
805 3176 838 3201 e.
873 3161 976 3210 quod

94 3217 276 3269 placebat
290 3221 335 3257 et
360 3217 572 3267 Groslotio,
588 3220 815 3268 recepitque
840 3216 977 3253 Piche·

95 3282 163 3320 na,
181 3273 326 3312 secutis
352 3271 519 3325 posteris
541 3272 756 3313 editoribus
779 3269 985 3315 omnibus„

96 3325 154 3364 At
170 3326 210 3365 J.
221 3327 442 3375 Gronovius
468 3331 586 3376 putat
612 3327 846 3377 scripturam
870 3326 973 3364 Flor.

98 3385 136 3418 et
154 3379 214 3419 12.-
224 3379 276 3419 P.
293 3381 499 3432 legendam
520 3388 558 3420 et
577 3383 842 3434 Reipublicoe:
871 3380 974 3430 quod

96 3444 179 3472 non
221 3436 496 3488 spernendum.
539 3437 648 3484 ERN.
691 3437 817 3475 Immo
858 3436 974 3472 unice

96 3499 246 3538 verum.
286 3489 350 3538 Sic
383 3493 425 3527 et
455 3490 561 3530 Bud.
591 3498 630 3540 pt
661 3503 695 3530 r.
723 3503 768 3544 p.
798 3491 975 3543 egregia.

169 3557 310 3595 vo1..
338 3559 409 3596 11.
437 3559 492 3596 P.
522 3560 561 3598 1.

1025 1523 1092 1557 tur
1110 1522 1260 1559 Domit.
1280 1532 1313 1558 c.
1338 1527 1370 1559 l.
1396 1523 1528 1559 Cesar
1545 1523 1827 1568 consalutatus,
1844 1523 1914 1560 ho-

1025 1587 1154 1613 norem
1183 1576 1379 1613 Praeturoe
1409 1577 1582 1622 urbanae,
1610 1589 1698 1613 cum
1722 1582 1914 1626 potestate

1031 1628 1237 1668 Consectari
1257 1631 1424 1680 suscepit
1441 1634 1515 1668 etc.
1535 1631 1646 1668 Lri‘s.
1665 1630 1766 1667 Add.
1782 1632 1913 1670 Graev.

1026 1685 1077 1721 ad
1089 1683 1250 1722 Sueton.
1262 1684 1289 1722 l.
1305 1697 1338 1722 c.
1356 1686 1497 1734 Pagius
1511 1686 1559 1722 ad
1574 1694 1615 1722 a.
1628 1685 1674 1722 C.
1688 1689 1755 1725 69.
1770 1686 1839 1734 qui
1852 1686 1916 1724 in-
1962 1710 1967 1721 1

1027 1738 1155 1788 telligi
1167 1742 1312 1789 putant
1329 1744 1564 1788 potestatem
1576 1740 1913 1788 proconsularem,

1028 1804 1108 1843 qua
1134 1798 1266 1843 posset
1281 1795 1389 1832 mitti
1405 1795 1447 1833 in
1472 1794 1694 1844 provincias
1718 1805 1916 1844 quascun-

1027 1858 1120 1897 que.
1166 1849 1243 1886 Dio
1271 1853 1339 1895 54,
1372 1855 1434 1888 10.
1463 1861 1504 1899 p.
1523 1854 1615 1889 527.
1637 1860 1717 1887 non
1732 1850 1916 1887 adversa-

1027 1905 1111 1950 tur,
1132 1904 1200 1940 sed
1220 1906 1355 1941 tamen
1381 1904 1501 1942 latius
1523 1902 1699 1954 patuisse
1724 1904 1914 1952 ostendit,

1027 1956 1175 2004 dicens,
1204 1959 1361 2007 imperii
1391 1960 1508 1997 Cous.
1540 1959 1676 2003 fuisse,
1703 1962 1752 1996 ut
1779 1963 1915 2008 posset

1028 2013 1115 2059 quis
1133 2024 1286 2062 semper
1303 2016 1343 2050 et
1361 2013 1509 2064 ubique
1533 2013 1738 2050 duodecim
1764 2013 1915 2052 lictori-⁴

1027 2065 1102 2103 bus
1132 2069 1211 2114 uti,
1240 2071 1280 2105 et
1313 2079 1467 2118 semper
1495 2068 1594 2106 sella
1619 2068 1749 2105 curuli
1778 2068 1915 2107 sedere

1028 2121 1133 2158 inter
1180 2122 1386 2161 Consules.
1435 2123 1545 2161 Ean.
1592 2123 1764 2172 Egregie
1806 2123 1914 2162 hunc

1026 2174 1156 2213 locu-m
1182 2175 1357 2214 illustrat
1372 2188 1533 2225 numus,
1551 2178 1595 2215 in
1611 2188 1690 2227 quo
1707 2177 1801 2215 hinc
1820 2187 1914 2217 [ΜΡ.

1029 2241 1188 2269 CAESAR.
1213 2241 1514 2273 VESPASIANUS.
1543 2242 1649 2271 AUG.
1678 2235 1800 2282 caput
1826 2233 1914 2270 lau-

1026 2288 1208 2332 reatum;
1236 2286 1347 2324 illinc
1373 2298 1415 2324 Τ.
1445 2297 1547 2325 cass.
1575 2297 1679 2324 Avo.
1698 2297 1735 2324 r.
1755 2297 1845 2324 cos.
1867 2298 1911 2325 n.

1028 2350 1188 2379 cusan.
1206 2350 1311 2379 auo.
1329 2352 1366 2380 r.
1385 2351 1449 2380 1³12.
1482 2341 1624 2392 Capita
1642 2342 1806 2379 adversa
1826 2341 1914 2380 Titi

1027 2401 1069 2432 et
1081 2396 1316 2434 Domitiani.
1345 2398 1407 2434 Le
1422 2408 1499 2448 quo
1509 2396 1658 2435 Eckhel
1674 2397 1810 2435 Doctr.
1821 2397 1914 2435 NN.

1027 2453 1106 2488 vet.
1123 2454 1155 2489 t.
1174 2453 1214 2487 6.
1232 2462 1271 2499 p.
1289 2453 1384 2489 368.
1426 2466 1434 2474 ⁴

1088 2504 1166 2544 Cur
1175 2505 1330 2555 publice
1346 2505 1580 2557 loqueretur]
1607 2506 1716 2543 Idem
1734 2505 1816 2543 fere
1835 2507 1913 2551 est,

1027 2560 1131 2609 quod
1150 2571 1212 2609 ap.
1232 2560 1314 2597 Cic.
1331 2560 1408 2609 Ep.
1434 2565 1499 2607 15,
1523 2566 1539 2598 l
1565 2564 1606 2598 et
1622 2566 1662 2600 9.
1697 2563 1738 2596 et
1755 2559 1915 2598 Livium

1031 2619 1069 2660 1,
1088 2619 1154 2652 45.
1176 2618 1198 2650 5
1203 2640 1217 2660 ,
1238 2618 1301 2651 50.
1313 2615 1467 2663 publice
1484 2615 1645 2653 scribere
1659 2629 1671 2651 :
1695 2614 1763 2651 sed
1779 2617 1914 2651 tamen

1027 2668 1177 2718 aliquid
1193 2668 1376 2717 amplius.
1420 2669 1522 2706 Nam
1539 2668 1636 2707 illud
1655 2679 1825 2718 quoque,
1844 2669 1914 2718 qui

1028 2734 1109 2761 non
1125 2722 1326 2771 Principes
1345 2727 1489 2770 essent,
1506 2724 1648 2770 fecere,
1666 2723 1713 2759 de
1741 2722 1858 2760 rebus
1887 2734 1914 2760 a

1029 2789 1070 2814 se
1097 2778 1217 2827 gestis
1241 2776 1458 2815 scribentes
1484 2778 1533 2815 ad
1561 2778 1765 2823 Senatum,
1794 2789 1818 2814 a
1834 2789 1915 2828 quo

1028 2832 1136 2870 missi
1171 2835 1314 2873 essent.
1375 2832 1449 2869 Sed
1483 2832 1709 2878 Mucianus,
1744 2842 1826 2870 non
1865 2835 1914 2871 ut

1029 2887 1288 2937 Magistratus
1326 2887 1583 2934 provinciales
1636 2886 1830 2933 solebant,
1864 2887 1914 2925 de

1029 2941 1147 2979 rebus
1165 2953 1190 2978 a
1212 2951 1253 2977 se
1270 2941 1392 2989 gestis
1420 2942 1643 2990 scripserat,
1662 2941 1729 2979 sed
1755 2940 1836 2978 alia
1862 2942 1914 2980 ad

1030 2995 1169 3045 Remp.
1188 2995 1430 3045 pertinentia
1438 2996 1564 3033 literis
1575 2996 1800 3045 complexus
1810 3000 1912 3043 erat,

1030 3062 1116 3098 quas
1146 3063 1216 3099 pro
1245 3050 1444 3087 sententia
1469 3062 1599 3088 coram
1627 3051 1757 3089 dicere
1786 3051 1912 3089 cuivis

1031 3105 1211 3142 Senatori
1239 3104 1400 3151 licebat,
1427 3105 1597 3143 scribere
1625 3106 1675 3143 ad
1706 3105 1912 3153 Senatum,

1030 3170 1109 3196 non
1127 3161 1202 3198 nisi
1218 3159 1418 3209 Principes
1434 3159 1627 3198 solebant.
1683 3161 1793 3198 Ean.

1083 3212 1180 3252 Sera'
1203 3220 1240 3253 et
1256 3214 1338 3251 sine
1365 3213 1556 3265 libertate]
1590 3214 1697 3260 Sera,
1715 3215 1808 3264 quia
1826 3214 1911 3261 jam

1028 3267 1162 3306 afflicti
1179 3271 1249 3306 aut
1268 3267 1367 3307 nulli
1389 3272 1522 3306 erantz
1553 3281 1633 3306 non
1661 3268 1797 3312 libera,
1815 3268 1911 3317 quia

1027 3324 1112 3360 sine
1130 3323 1305 3374 periculo
1322 3325 1487 3360 mortuis
1504 3324 1566 3361 vel
1584 3324 1765 3360 invalidis
1785 3322 1910 3359 insul-

1025 3377 1200 3416 tabatur.
1255 3379 1366 3416 L11’s.
1422 3379 1516 3415 Sine
1560 3378 1734 3416 libertate
1770 3378 1906 3424 capio:

1028 3433 1094 3469 sed
1118 3445 1166 3470 ea
1191 3433 1398 3475 insectatio
1417 3433 1507 3479 jam·
1529 3442 1607 3469 non
1630 3430 1844 3475 indicabat,
1859 3430 1921 3465 li-··

1027 3486 1167 3526 berum
1184 3499 1267 3539 esse
1284 3487 1530 3535 Mucianum,
1542 3487 1584 3527 h.
1597 3498 1633 3525 e.
1649 3487 1806 3532 audere,
1821 3494 1907 3540 quae

1058 3556 1098 3594 R
