<?xml version="1.0" encoding="UTF-8"?>
<!DOCTYPE html PUBLIC "-//W3C//DTD XHTML 1.0 Transitional//EN"
    "http://www.w3.org/TR/xhtml1/DTD/xhtml1-transitional.dtd">
<html xmlns="http://www.w3.org/1999/xhtml" xml:lang="en" lang="en">
 <head>
  <title>
</title>
<meta http-equiv="Content-Type" content="text/html;charset=utf-8" />
  <meta name='ocr-system' content='tesseract 3.04.00' />
  <meta name='ocr-capabilities' content='ocr_page ocr_carea ocr_par ocr_line ocrx_word'/>
</head>
<body>
  <div class='ocr_page' id='page_1' title='image "./p1operaexrecensi02taciuoft_0012.png"; bbox 0 0 2190 3880; ppageno 0'>
   <div class='ocr_carea' id='block_1_1' title="bbox 264 133 1461 206">
    <p class='ocr_par' dir='ltr' id='par_1_1' title="bbox 264 133 1461 206">
     <span class='ocr_line' id='line_1_1' title="bbox 264 133 1461 206; baseline 0.008 -12"><span class='ocrx_word' id='word_1_1' title='bbox 264 133 330 195; x_wconf 81' lang='lat' dir='ltr'>iv</span> <span class='ocrx_word' id='word_1_2' title='bbox 898 135 1461 206; x_wconf 83' lang='lat' dir='ltr'>PRAEFATIO.</span> 
     </span>
    </p>
   </div>
   <div class='ocr_carea' id='block_1_2' title="bbox 267 310 2159 3073">
    <p class='ocr_par' dir='ltr' id='par_1_2' title="bbox 267 310 2159 3073">
     <span class='ocr_line' id='line_1_2' title="bbox 268 310 2159 395; baseline 0.006 -21"><span class='ocrx_word' id='word_1_3' title='bbox 268 313 474 374; x_wconf 90' lang='lat' dir='ltr'>dicem</span> <span class='ocrx_word' id='word_1_4' title='bbox 502 310 792 395; x_wconf 86' lang='lat' dir='ltr'>Longolii</span> <span class='ocrx_word' id='word_1_5' title='bbox 836 317 1182 380; x_wconf 84' lang='lat' dir='ltr'><strong>nominasse</strong></span> <span class='ocrx_word' id='word_1_6' title='bbox 1231 320 1511 382; x_wconf 74' lang='lat' dir='ltr'>deberet.</span> <span class='ocrx_word' id='word_1_7' title='bbox 1594 321 1754 384; x_wconf 91' lang='lat' dir='ltr'>Rem</span> <span class='ocrx_word' id='word_1_8' title='bbox 1805 319 1891 383; x_wconf 84' lang='lat' dir='ltr'>sic</span> <span class='ocrx_word' id='word_1_9' title='bbox 1935 340 2075 386; x_wconf 77' lang='lat' dir='ltr'>sese</span> <span class='ocrx_word' id='word_1_10' title='bbox 2151 385 2159 392; x_wconf 75' lang='grc'><strong>,</strong></span> 
     </span>
     <span class='ocr_line' id='line_1_3' title="bbox 267 407 2075 500; baseline 0.007 -30"><span class='ocrx_word' id='word_1_11' title='bbox 267 407 522 484; x_wconf 84' lang='lat' dir='ltr'>habere,</span> <span class='ocrx_word' id='word_1_12' title='bbox 553 419 616 471; x_wconf 88' lang='lat' dir='ltr'>et</span> <span class='ocrx_word' id='word_1_13' title='bbox 645 411 925 472; x_wconf 86' lang='lat' dir='ltr'>codicem</span> <span class='ocrx_word' id='word_1_14' title='bbox 953 411 1109 473; x_wconf 85' lang='lat' dir='ltr'>falso</span> <span class='ocrx_word' id='word_1_15' title='bbox 1144 414 1231 474; x_wconf 92' lang='lat' dir='ltr'>sic</span> <span class='ocrx_word' id='word_1_16' title='bbox 1260 416 1495 476; x_wconf 87' lang='lat' dir='ltr'>dictum</span> <span class='ocrx_word' id='word_1_17' title='bbox 1529 416 1755 500; x_wconf 88' lang='lat' dir='ltr'>Kappii</span> <span class='ocrx_word' id='word_1_18' title='bbox 1802 441 1931 481; x_wconf 90' lang='lat' dir='ltr'>esse</span> <span class='ocrx_word' id='word_1_19' title='bbox 1975 441 2075 482; x_wconf 71' lang='lat' dir='ltr'>re-</span> 
     </span>
     <span class='ocr_line' id='line_1_4' title="bbox 270 504 2075 592; baseline 0.005 -26"><span class='ocrx_word' id='word_1_20' title='bbox 270 522 417 591; x_wconf 83' lang='lat' dir='ltr'>vera</span> <span class='ocrx_word' id='word_1_21' title='bbox 460 506 638 566; x_wconf 85' lang='lat' dir='ltr'>istam</span> <span class='ocrx_word' id='word_1_22' title='bbox 686 506 1022 568; x_wconf 83' lang='lat' dir='ltr'>editionem</span> <span class='ocrx_word' id='word_1_23' title='bbox 1071 504 1682 592; x_wconf 83' lang='lat' dir='ltr'>Norimbergensem‚</span> <span class='ocrx_word' id='word_1_24' title='bbox 1725 534 1802 574; x_wconf 85' lang='lat' dir='ltr'>ex</span> <span class='ocrx_word' id='word_1_25' title='bbox 1842 513 2075 575; x_wconf 69' lang='lat' dir='ltr'>notatis</span> 
     </span>
     <span class='ocr_line' id='line_1_5' title="bbox 270 601 2069 687; baseline 0.004 -26"><span class='ocrx_word' id='word_1_26' title='bbox 270 601 495 662; x_wconf 88' lang='lat' dir='ltr'>nostris</span> <span class='ocrx_word' id='word_1_27' title='bbox 523 602 768 687; x_wconf 83' lang='lat' dir='ltr'>abunde</span> <span class='ocrx_word' id='word_1_28' title='bbox 796 604 1053 683; x_wconf 89' lang='lat' dir='ltr'>patebit.</span> <span class='ocrx_word' id='word_1_29' title='bbox 1141 605 1235 666; x_wconf 88' lang='lat' dir='ltr'>Cf.</span> <span class='ocrx_word' id='word_1_30' title='bbox 1260 607 1475 672; x_wconf 75' lang='lat' dir='ltr'>saltem</span> <span class='ocrx_word' id='word_1_31' title='bbox 1506 630 1572 669; x_wconf 75' lang='lat' dir='ltr'>c..v</span> <span class='ocrx_word' id='word_1_32' title='bbox 1599 620 1670 668; x_wconf 81' lang='grc'>13</span> <span class='ocrx_word' id='word_1_33' title='bbox 1701 618 1763 669; x_wconf 89' lang='lat' dir='ltr'>et</span> <span class='ocrx_word' id='word_1_34' title='bbox 1793 620 1889 668; x_wconf 82' lang='lat'>20.</span> <span class='ocrx_word' id='word_1_35' title='bbox 1957 609 2069 669; x_wconf 90' lang='lat' dir='ltr'>Pa·-</span> 
     </span>
     <span class='ocr_line' id='line_1_6' title="bbox 270 696 2067 784; baseline 0.003 -27"><span class='ocrx_word' id='word_1_36' title='bbox 270 696 430 757; x_wconf 81' lang='lat' dir='ltr'>tebit</span> <span class='ocrx_word' id='word_1_37' title='bbox 447 716 525 756; x_wconf 83' lang='lat' dir='ltr'>ex</span> <span class='ocrx_word' id='word_1_38' title='bbox 546 696 787 771; x_wconf 86' lang='lat' dir='ltr'>iisdem,</span> <span class='ocrx_word' id='word_1_39' title='bbox 810 698 968 760; x_wconf 85' lang='lat' dir='ltr'>hanc</span> <span class='ocrx_word' id='word_1_40' title='bbox 991 700 1183 781; x_wconf 84' lang='lat' dir='ltr'>ipsam</span> <span class='ocrx_word' id='word_1_41' title='bbox 1205 723 1334 763; x_wconf 81' lang='lat' dir='ltr'>esse</span> <span class='ocrx_word' id='word_1_42' title='bbox 1357 723 1602 784; x_wconf 80' lang='lat' dir='ltr'>quoque</span> <span class='ocrx_word' id='word_1_43' title='bbox 1634 705 1893 764; x_wconf 88' lang='lat' dir='ltr'>eandem</span> <span class='ocrx_word' id='word_1_44' title='bbox 1924 723 2067 764; x_wconf 87' lang='lat' dir='ltr'>cum</span> 
     </span>
     <span class='ocr_line' id='line_1_7' title="bbox 271 792 2071 879; baseline 0.004 -29"><span class='ocrx_word' id='word_1_45' title='bbox 271 792 630 857; x_wconf 62' lang='lat' dir='ltr'>‹bevBocodice</span> <span class='ocrx_word' id='word_1_46' title='bbox 677 792 985 876; x_wconf 85' lang='lat' dir='ltr'>Artolphi.</span> <span class='ocrx_word' id='word_1_47' title='bbox 1077 797 1340 859; x_wconf 88' lang='lat' dir='ltr'>Obstare</span> <span class='ocrx_word' id='word_1_48' title='bbox 1369 809 1576 860; x_wconf 90' lang='lat' dir='ltr'>tamen</span> <span class='ocrx_word' id='word_1_49' title='bbox 1618 799 1756 859; x_wconf 90' lang='lat' dir='ltr'>loca</span> <span class='ocrx_word' id='word_1_50' title='bbox 1785 800 2071 879; x_wconf 88' lang='lat' dir='ltr'>quaedam</span> 
     </span>
     <span class='ocr_line' id='line_1_8' title="bbox 270 885 2070 976; baseline 0.005 -31"><span class='ocrx_word' id='word_1_51' title='bbox 270 885 581 961; x_wconf 83' lang='lat' dir='ltr'>videntur,</span> <span class='ocrx_word' id='word_1_52' title='bbox 611 887 673 948; x_wconf 89' lang='lat' dir='ltr'>in</span> <span class='ocrx_word' id='word_1_53' title='bbox 704 890 924 969; x_wconf 88' lang='lat' dir='ltr'>quibus</span> <span class='ocrx_word' id='word_1_54' title='bbox 967 891 1303 953; x_wconf 81' lang='lat' dir='ltr'>Rhenanus</span> <span class='ocrx_word' id='word_1_55' title='bbox 1354 894 1555 955; x_wconf 91' lang='lat' dir='ltr'>codici</span> <span class='ocrx_word' id='word_1_56' title='bbox 1604 893 1893 976; x_wconf 89' lang='lat' dir='ltr'>Artolphi</span> <span class='ocrx_word' id='word_1_57' title='bbox 1923 914 2070 956; x_wconf 89' lang='lat' dir='ltr'>con-</span> 
     </span>
     <span class='ocr_line' id='line_1_9' title="bbox 270 981 2068 1069; baseline 0.006 -31"><span class='ocrx_word' id='word_1_58' title='bbox 270 981 456 1039; x_wconf 87' lang='lat' dir='ltr'>traria</span> <span class='ocrx_word' id='word_1_59' title='bbox 483 982 777 1047; x_wconf 75' lang='lat' dir='ltr'>adscribit</span> <span class='ocrx_word' id='word_1_60' title='bbox 818 985 913 1058; x_wconf 75' lang='lat' dir='ltr'>iis,</span> <span class='ocrx_word' id='word_1_61' title='bbox 944 1007 1083 1065; x_wconf 83' lang='lat' dir='ltr'>quae</span> <span class='ocrx_word' id='word_1_62' title='bbox 1111 987 1174 1046; x_wconf 88' lang='lat' dir='ltr'>in</span> <span class='ocrx_word' id='word_1_63' title='bbox 1219 988 1334 1048; x_wconf 88' lang='lat' dir='ltr'>ista</span> <span class='ocrx_word' id='word_1_64' title='bbox 1383 988 1654 1048; x_wconf 84' lang='lat' dir='ltr'>editione</span> <span class='ocrx_word' id='word_1_65' title='bbox 1686 997 2068 1069; x_wconf 84' lang='lat' dir='ltr'>comparent.</span> 
     </span>
     <span class='ocr_line' id='line_1_10' title="bbox 271 1075 2073 1157; baseline 0.004 -21"><span class='ocrx_word' id='word_1_66' title='bbox 271 1075 508 1137; x_wconf 90' lang='lat' dir='ltr'>Verum</span> <span class='ocrx_word' id='word_1_67' title='bbox 550 1078 652 1139; x_wconf 83' lang='lat' dir='ltr'>hic</span> <span class='ocrx_word' id='word_1_68' title='bbox 704 1084 1109 1157; x_wconf 86' lang='lat' dir='ltr'>noscendum,</span> <span class='ocrx_word' id='word_1_69' title='bbox 1142 1084 1512 1146; x_wconf 86' lang='lat' dir='ltr'>Rhenanum</span> <span class='ocrx_word' id='word_1_70' title='bbox 1547 1084 1612 1144; x_wconf 92' lang='lat' dir='ltr'>in</span> <span class='ocrx_word' id='word_1_71' title='bbox 1654 1084 1940 1144; x_wconf 83' lang='lat' dir='ltr'>notandis</span> <span class='ocrx_word' id='word_1_72' title='bbox 1966 1103 2073 1143; x_wconf 86' lang='lat' dir='ltr'>va-</span> 
     </span>
     <span class='ocr_line' id='line_1_11' title="bbox 272 1166 2069 1261; baseline 0.003 -27"><span class='ocrx_word' id='word_1_73' title='bbox 272 1174 569 1236; x_wconf 82' lang='lat' dir='ltr'>riantibus</span> <span class='ocrx_word' id='word_1_74' title='bbox 612 1175 764 1236; x_wconf 90' lang='lat' dir='ltr'>locis</span> <span class='ocrx_word' id='word_1_75' title='bbox 815 1166 1102 1239; x_wconf 87' lang='lat' dir='ltr'>editionis</span> <span class='ocrx_word' id='word_1_76' title='bbox 1151 1179 1420 1261; x_wconf 84' lang='lat' dir='ltr'>antiquae</span> <span class='ocrx_word' id='word_1_77' title='bbox 1470 1182 1800 1241; x_wconf 88' lang='lat' dir='ltr'>admodum</span> <span class='ocrx_word' id='word_1_78' title='bbox 1841 1178 2069 1261; x_wconf 80' lang='lat' dir='ltr'>supine</span> 
     </span>
     <span class='ocr_line' id='line_1_12' title="bbox 274 1274 2071 1356; baseline 0.002 -25"><span class='ocrx_word' id='word_1_79' title='bbox 274 1292 408 1332; x_wconf 90' lang='lat' dir='ltr'>esse</span> <span class='ocrx_word' id='word_1_80' title='bbox 436 1281 766 1345; x_wconf 85' lang='lat' dir='ltr'>versatum,</span> <span class='ocrx_word' id='word_1_81' title='bbox 797 1275 962 1354; x_wconf 89' lang='lat' dir='ltr'>quod</span> <span class='ocrx_word' id='word_1_82' title='bbox 1003 1295 1083 1335; x_wconf 84' lang='lat' dir='ltr'>ex</span> <span class='ocrx_word' id='word_1_83' title='bbox 1110 1274 1203 1334; x_wconf 89' lang='lat' dir='ltr'>his</span> <span class='ocrx_word' id='word_1_84' title='bbox 1247 1275 1376 1355; x_wconf 80' lang='lat' dir='ltr'>ejus</span> <span class='ocrx_word' id='word_1_85' title='bbox 1403 1276 1604 1356; x_wconf 81' lang='lat' dir='ltr'>verbis</span> <span class='ocrx_word' id='word_1_86' title='bbox 1633 1277 1712 1335; x_wconf 88' lang='lat' dir='ltr'>ad</span> <span class='ocrx_word' id='word_1_87' title='bbox 1755 1283 1942 1356; x_wconf 87' lang='lat' dir='ltr'>caput</span> <span class='ocrx_word' id='word_1_88' title='bbox 1975 1283 2071 1334; x_wconf 88' lang='lat'>15.</span> 
     </span>
     <span class='ocr_line' id='line_1_13' title="bbox 276 1369 2072 1452; baseline 0.003 -24"><span class='ocrx_word' id='word_1_89' title='bbox 276 1377 537 1429; x_wconf 89' lang='lat' dir='ltr'>constat.</span> <span class='ocrx_word' id='word_1_90' title='bbox 626 1375 667 1403; x_wconf 74' lang='lat'>‘⁶</span> <span class='ocrx_word' id='word_1_91' title='bbox 701 1369 820 1430; x_wconf 91' lang='lat' dir='ltr'>Pro</span> <span class='ocrx_word' id='word_1_92' title='bbox 869 1391 937 1430; x_wconf 80' lang='lat' dir='ltr'>ac·</span> <span class='ocrx_word' id='word_1_93' title='bbox 984 1371 1204 1431; x_wconf 82' lang='lat' dir='ltr'>viritim</span> <span class='ocrx_word' id='word_1_94' title='bbox 1253 1391 1332 1431; x_wconf 80' lang='lat' dir='ltr'>ex</span> <span class='ocrx_word' id='word_1_95' title='bbox 1371 1371 1560 1452; x_wconf 83' lang='lat' dir='ltr'>priori</span> <span class='ocrx_word' id='word_1_96' title='bbox 1607 1371 1934 1432; x_wconf 82' lang='lat' dir='ltr'>collatione</span> <span class='ocrx_word' id='word_1_97' title='bbox 1978 1391 2072 1433; x_wconf 81' lang='lat' dir='ltr'>r-e-</span> 
     </span>
     <span class='ocr_line' id='line_1_14' title="bbox 274 1464 2070 1548; baseline 0.001 -22"><span class='ocrx_word' id='word_1_98' title='bbox 274 1472 316 1499; x_wconf 89' lang='lat'><strong>“</strong></span> <span class='ocrx_word' id='word_1_99' title='bbox 346 1465 479 1546; x_wconf 87' lang='lat' dir='ltr'>peri</span> <span class='ocrx_word' id='word_1_100' title='bbox 510 1464 804 1546; x_wconf 88' lang='lat' dir='ltr'>scriptum</span> <span class='ocrx_word' id='word_1_101' title='bbox 832 1466 898 1525; x_wconf 94' lang='lat' dir='ltr'>in</span> <span class='ocrx_word' id='word_1_102' title='bbox 941 1466 1218 1548; x_wconf 82' lang='lat' dir='ltr'>margine</span> <span class='ocrx_word' id='word_1_103' title='bbox 1243 1465 1569 1547; x_wconf 73' lang='lat' dir='ltr'>voluminis</span> <span class='ocrx_word' id='word_1_104' title='bbox 1597 1467 1742 1541; x_wconf 84' lang='lat' dir='ltr'>mei,</span> <span class='ocrx_word' id='word_1_105' title='bbox 1771 1469 1880 1528; x_wconf 87' lang='lat' dir='ltr'>sed</span> <span class='ocrx_word' id='word_1_106' title='bbox 1906 1466 2070 1529; x_wconf 87' lang='lat' dir='ltr'>litte-</span> 
     </span>
     <span class='ocr_line' id='line_1_15' title="bbox 268 1561 2069 1644; baseline 0.001 -22"><span class='ocrx_word' id='word_1_107' title='bbox 268 1569 316 1636; x_wconf 70' lang='lat'>}‘</span> <span class='ocrx_word' id='word_1_108' title='bbox 346 1563 427 1622; x_wconf 89' lang='lat' dir='ltr'>ris</span> <span class='ocrx_word' id='word_1_109' title='bbox 455 1583 615 1643; x_wconf 91' lang='lat' dir='ltr'>pene</span> <span class='ocrx_word' id='word_1_110' title='bbox 656 1561 1036 1643; x_wconf 85' lang='lat' dir='ltr'>fugientibus</span> <span class='ocrx_word' id='word_1_111' title='bbox 1080 1561 1720 1644; x_wconf 81' lang='lat' dir='ltr'>exolescentibusque‚</span> <span class='ocrx_word' id='word_1_112' title='bbox 1747 1583 1817 1624; x_wconf 84' lang='lat' dir='ltr'>ac</span> <span class='ocrx_word' id='word_1_113' title='bbox 1857 1564 2069 1624; x_wconf 77' lang='lat' dir='ltr'>virium</span> 
     </span>
     <span class='ocr_line' id='line_1_16' title="bbox 270 1657 2072 1732; baseline 0.001 -14"><span class='ocrx_word' id='word_1_114' title='bbox 270 1664 313 1692; x_wconf 78' lang='lat'>‘⁶</span> <span class='ocrx_word' id='word_1_115' title='bbox 345 1657 471 1719; x_wconf 89' lang='lat' dir='ltr'>sive</span> <span class='ocrx_word' id='word_1_116' title='bbox 499 1678 563 1718; x_wconf 79' lang='lat' dir='ltr'>ec</span> <span class='ocrx_word' id='word_1_117' title='bbox 589 1658 866 1718; x_wconf 77' lang='lat' dir='ltr'>virium..”</span> <span class='ocrx_word' id='word_1_118' title='bbox 927 1659 1182 1719; x_wconf 90' lang='lat' dir='ltr'>Docent</span> <span class='ocrx_word' id='word_1_119' title='bbox 1208 1658 1367 1732; x_wconf 77' lang='lat' dir='ltr'>haee,</span> <span class='ocrx_word' id='word_1_120' title='bbox 1398 1657 1770 1719; x_wconf 84' lang='lat' dir='ltr'>Rhenanum</span> <span class='ocrx_word' id='word_1_121' title='bbox 1799 1681 1853 1721; x_wconf 87' lang='lat' dir='ltr'>a.</span> <span class='ocrx_word' id='word_1_122' title='bbox 1892 1668 2072 1722; x_wconf 79' lang='lat'>1533.</span> 
     </span>
     <span class='ocr_line' id='line_1_17' title="bbox 271 1753 2071 1836; baseline 0.001 -22"><span class='ocrx_word' id='word_1_123' title='bbox 271 1774 399 1814; x_wconf 92' lang='lat' dir='ltr'>non</span> <span class='ocrx_word' id='word_1_124' title='bbox 428 1753 686 1836; x_wconf 84' lang='lat' dir='ltr'>amplius</span> <span class='ocrx_word' id='word_1_125' title='bbox 715 1757 795 1816; x_wconf 88' lang='lat' dir='ltr'>ad</span> <span class='ocrx_word' id='word_1_126' title='bbox 816 1776 1065 1816; x_wconf 90' lang='lat' dir='ltr'>manum</span> <span class='ocrx_word' id='word_1_127' title='bbox 1094 1755 1379 1826; x_wconf 85' lang='lat' dir='ltr'>habuisse</span> <span class='ocrx_word' id='word_1_128' title='bbox 1400 1755 1738 1817; x_wconf 84' lang='lat' dir='ltr'>editionem</span> <span class='ocrx_word' id='word_1_129' title='bbox 1766 1755 1944 1816; x_wconf 84' lang='lat' dir='ltr'>istam</span> <span class='ocrx_word' id='word_1_130' title='bbox 1965 1774 2071 1816; x_wconf 82' lang='lat' dir='ltr'>ve-</span> 
     </span>
     <span class='ocr_line' id='line_1_18' title="bbox 271 1850 2073 1934; baseline 0.001 -23"><span class='ocrx_word' id='word_1_131' title='bbox 271 1860 490 1924; x_wconf 88' lang='lat' dir='ltr'>terem,</span> <span class='ocrx_word' id='word_1_132' title='bbox 536 1870 718 1932; x_wconf 88' lang='lat' dir='ltr'>quam</span> <span class='ocrx_word' id='word_1_133' title='bbox 771 1872 914 1913; x_wconf 89' lang='lat' dir='ltr'>cum</span> <span class='ocrx_word' id='word_1_134' title='bbox 965 1871 1041 1913; x_wconf 91' lang='lat' dir='ltr'>eo</span> <span class='ocrx_word' id='word_1_135' title='bbox 1086 1851 1569 1923; x_wconf 86' lang='lat' dir='ltr'>communicarat</span> <span class='ocrx_word' id='word_1_136' title='bbox 1617 1873 1670 1912; x_wconf 92' lang='lat' dir='ltr'>a.</span> <span class='ocrx_word' id='word_1_137' title='bbox 1730 1859 1910 1934; x_wconf 66' lang='lat'>1519..</span> <span class='ocrx_word' id='word_1_138' title='bbox 1950 1850 2073 1931; x_wconf 81' lang='lat' dir='ltr'>Ar-</span> 
     </span>
     <span class='ocr_line' id='line_1_19' title="bbox 272 1946 2070 2028; baseline 0.001 -21"><span class='ocrx_word' id='word_1_139' title='bbox 272 1947 543 2028; x_wconf 88' lang='lat' dir='ltr'>tolphus‚</span> <span class='ocrx_word' id='word_1_140' title='bbox 569 1949 683 2008; x_wconf 84' lang='lat' dir='ltr'>sed</span> <span class='ocrx_word' id='word_1_141' title='bbox 726 1968 804 2008; x_wconf 85' lang='lat' dir='ltr'>ex</span> <span class='ocrx_word' id='word_1_142' title='bbox 833 1947 949 2008; x_wconf 90' lang='lat' dir='ltr'>hac</span> <span class='ocrx_word' id='word_1_143' title='bbox 995 1946 1255 2027; x_wconf 85' lang='lat' dir='ltr'>margini</span> <span class='ocrx_word' id='word_1_144' title='bbox 1302 1946 1663 2028; x_wconf 84' lang='lat' dir='ltr'>exemplaris</span> <span class='ocrx_word' id='word_1_145' title='bbox 1709 1947 1801 2008; x_wconf 90' lang='lat' dir='ltr'>sui</span> <span class='ocrx_word' id='word_1_146' title='bbox 1850 1947 2070 2028; x_wconf 84' lang='lat' dir='ltr'>adlitas</span> 
     </span>
     <span class='ocr_line' id='line_1_20' title="bbox 273 2043 2069 2126; baseline -0.002 -20"><span class='ocrx_word' id='word_1_147' title='bbox 273 2044 536 2107; x_wconf 86' lang='lat' dir='ltr'>antehac</span> <span class='ocrx_word' id='word_1_148' title='bbox 565 2044 832 2118; x_wconf 81' lang='lat' dir='ltr'>notulaS,</span> <span class='ocrx_word' id='word_1_149' title='bbox 853 2054 916 2105; x_wconf 89' lang='lat' dir='ltr'>et</span> <span class='ocrx_word' id='word_1_150' title='bbox 945 2043 1195 2126; x_wconf 81' lang='lat' dir='ltr'>quidem</span> <span class='ocrx_word' id='word_1_151' title='bbox 1224 2043 1611 2124; x_wconf 79' lang='lat' dir='ltr'>negligenter</span> <span class='ocrx_word' id='word_1_152' title='bbox 1639 2044 1796 2104; x_wconf 87' lang='lat' dir='ltr'>adeo</span> <span class='ocrx_word' id='word_1_153' title='bbox 1819 2044 2069 2124; x_wconf 18' lang='lat' dir='ltr'>‘adsper-</span> 
     </span>
     <span class='ocr_line' id='line_1_21' title="bbox 273 2139 2071 2222; baseline -0.001 -22"><span class='ocrx_word' id='word_1_154' title='bbox 273 2140 789 2219; x_wconf 14' lang='lat' dir='ltr'>sam-consuluisse</span> <span class='ocrx_word' id='word_1_155' title='bbox 818 2162 871 2202; x_wconf 89' lang='lat' dir='ltr'>a.</span> <span class='ocrx_word' id='word_1_156' title='bbox 904 2152 1089 2203; x_wconf 57' lang='lat'>153&amp;</span> <span class='ocrx_word' id='word_1_157' title='bbox 1100 2151 1170 2202; x_wconf 90' lang='lat' dir='ltr'>ut</span> <span class='ocrx_word' id='word_1_158' title='bbox 1190 2141 1500 2222; x_wconf 86' lang='lat' dir='ltr'>fugientes</span> <span class='ocrx_word' id='word_1_159' title='bbox 1527 2140 1759 2218; x_wconf 84' lang='lat' dir='ltr'>litteras</span> <span class='ocrx_word' id='word_1_160' title='bbox 1787 2139 1918 2218; x_wconf 83' lang='lat' dir='ltr'>ipse</span> <span class='ocrx_word' id='word_1_161' title='bbox 1940 2158 2071 2200; x_wconf 86' lang='lat' dir='ltr'>non</span> 
     </span>
     <span class='ocr_line' id='line_1_22' title="bbox 270 2235 2070 2318; baseline 0.001 -21"><span class='ocrx_word' id='word_1_162' title='bbox 270 2237 390 2298; x_wconf 87' lang='lat' dir='ltr'>nisi</span> <span class='ocrx_word' id='word_1_163' title='bbox 419 2236 745 2298; x_wconf 85' lang='lat' dir='ltr'>difficulter</span> <span class='ocrx_word' id='word_1_164' title='bbox 773 2237 1189 2318; x_wconf 83' lang='lat' dir='ltr'>dignosceret,</span> <span class='ocrx_word' id='word_1_165' title='bbox 1217 2236 1400 2317; x_wconf 81' lang='lat' dir='ltr'>cujus</span> <span class='ocrx_word' id='word_1_166' title='bbox 1419 2237 1508 2298; x_wconf 92' lang='lat' dir='ltr'>rei</span> <span class='ocrx_word' id='word_1_167' title='bbox 1538 2236 1875 2318; x_wconf 89' lang='lat' dir='ltr'>specimina</span> <span class='ocrx_word' id='word_1_168' title='bbox 1899 2235 2070 2298; x_wconf 87' lang='lat' dir='ltr'>vide-</span> 
     </span>
     <span class='ocr_line' id='line_1_23' title="bbox 273 2330 2074 2412; baseline -0.001 -21"><span class='ocrx_word' id='word_1_169' title='bbox 273 2331 354 2391; x_wconf 88' lang='lat' dir='ltr'>sis</span> <span class='ocrx_word' id='word_1_170' title='bbox 383 2331 638 2412; x_wconf 83' lang='lat' dir='ltr'>adcap.</span> <span class='ocrx_word' id='word_1_171' title='bbox 678 2342 735 2389; x_wconf 79' lang='lat'>1.</span> <span class='ocrx_word' id='word_1_172' title='bbox 772 2330 839 2391; x_wconf 81' lang='lat' dir='ltr'>in</span> <span class='ocrx_word' id='word_1_173' title='bbox 886 2351 1041 2392; x_wconf 78' lang='lat' dir='ltr'>voce</span> <span class='ocrx_word' id='word_1_174' title='bbox 1071 2333 1354 2392; x_wconf 75' lang='lat' dir='ltr'>Abnoboe.</span> <span class='ocrx_word' id='word_1_175' title='bbox 1412 2351 1470 2391; x_wconf 93' lang='lat' dir='ltr'>c.</span> <span class='ocrx_word' id='word_1_176' title='bbox 1507 2342 1605 2390; x_wconf 87' lang='grc'><strong>11..</strong></span> <span class='ocrx_word' id='word_1_177' title='bbox 1627 2331 1692 2391; x_wconf 91' lang='lat' dir='ltr'>in</span> <span class='ocrx_word' id='word_1_178' title='bbox 1736 2339 1872 2390; x_wconf 85' lang='lat' dir='ltr'>tum.</span> <span class='ocrx_word' id='word_1_179' title='bbox 1932 2349 2074 2411; x_wconf 80' lang='lat' dir='ltr'>cap.</span> 
     </span>
     <span class='ocr_line' id='line_1_24' title="bbox 275 2424 2069 2508; baseline 0 -21"><span class='ocrx_word' id='word_1_180' title='bbox 275 2437 394 2500; x_wconf 78' lang='lat'>26.</span> <span class='ocrx_word' id='word_1_181' title='bbox 430 2427 496 2505; x_wconf 89' lang='lat' dir='ltr'>in</span> <span class='ocrx_word' id='word_1_182' title='bbox 537 2427 782 2508; x_wconf 76' lang='lat' dir='ltr'>sepiant.</span> <span class='ocrx_word' id='word_1_183' title='bbox 843 2447 905 2487; x_wconf 84' lang='lat' dir='ltr'>e..</span> <span class='ocrx_word' id='word_1_184' title='bbox 937 2438 1042 2486; x_wconf 81' lang='grc'>40..</span> <span class='ocrx_word' id='word_1_185' title='bbox 1083 2427 1147 2487; x_wconf 90' lang='lat' dir='ltr'>in</span> <span class='ocrx_word' id='word_1_186' title='bbox 1190 2427 1513 2505; x_wconf 77' lang='lat' dir='ltr'>Reudigni.</span> <span class='ocrx_word' id='word_1_187' title='bbox 1600 2425 1833 2487; x_wconf 85' lang='lat' dir='ltr'>Contra</span> <span class='ocrx_word' id='word_1_188' title='bbox 1876 2424 2069 2487; x_wconf 87' lang='lat' dir='ltr'>editio</span> 
     </span>
     <span class='ocr_line' id='line_1_25' title="bbox 275 2518 2070 2606; baseline -0.002 -24"><span class='ocrx_word' id='word_1_189' title='bbox 275 2523 560 2606; x_wconf 84' lang='lat' dir='ltr'>Romana</span> <span class='ocrx_word' id='word_1_190' title='bbox 586 2533 762 2601; x_wconf 86' lang='lat' dir='ltr'>vetus</span> <span class='ocrx_word' id='word_1_191' title='bbox 808 2524 1010 2585; x_wconf 88' lang='lat' dir='ltr'>differt</span> <span class='ocrx_word' id='word_1_192' title='bbox 1054 2524 1130 2584; x_wconf 89' lang='lat' dir='ltr'>ab</span> <span class='ocrx_word' id='word_1_193' title='bbox 1181 2544 1275 2596; x_wconf 78' lang='lat' dir='ltr'>ea,</span> <span class='ocrx_word' id='word_1_194' title='bbox 1306 2544 1488 2603; x_wconf 88' lang='lat' dir='ltr'>quam</span> <span class='ocrx_word' id='word_1_195' title='bbox 1528 2521 1808 2583; x_wconf 83' lang='lat' dir='ltr'>codicem</span> <span class='ocrx_word' id='word_1_196' title='bbox 1861 2518 2070 2583; x_wconf 66' lang='lat' dir='ltr'>Artol-</span> 
     </span>
     <span class='ocr_line' id='line_1_26' title="bbox 274 2618 2073 2702; baseline -0.001 -21"><span class='ocrx_word' id='word_1_197' title='bbox 274 2619 381 2702; x_wconf 89' lang='lat' dir='ltr'>phi</span> <span class='ocrx_word' id='word_1_198' title='bbox 411 2619 633 2680; x_wconf 86' lang='lat' dir='ltr'>salutat</span> <span class='ocrx_word' id='word_1_199' title='bbox 656 2619 1016 2693; x_wconf 62' lang='lat' dir='ltr'>Rhenanam,</span> <span class='ocrx_word' id='word_1_200' title='bbox 1040 2618 1155 2698; x_wconf 81' lang='lat' dir='ltr'>etsi</span> <span class='ocrx_word' id='word_1_201' title='bbox 1182 2618 1540 2700; x_wconf 85' lang='lat' dir='ltr'>frequenter</span> <span class='ocrx_word' id='word_1_202' title='bbox 1569 2619 1753 2680; x_wconf 86' lang='lat' dir='ltr'>etiam</span> <span class='ocrx_word' id='word_1_203' title='bbox 1778 2639 1919 2679; x_wconf 91' lang='lat' dir='ltr'>cum</span> <span class='ocrx_word' id='word_1_204' title='bbox 1941 2618 2073 2691; x_wconf 85' lang='lat' dir='ltr'>No-</span> 
     </span>
     <span class='ocr_line' id='line_1_27' title="bbox 275 2699 2072 2798; baseline -0.001 -24"><span class='ocrx_word' id='word_1_205' title='bbox 275 2699 680 2797; x_wconf 66' lang='lat' dir='ltr'>rimbergensi</span> <span class='ocrx_word' id='word_1_206' title='bbox 723 2717 1061 2798; x_wconf 76' lang='lat' dir='ltr'>conspiret.</span> <span class='ocrx_word' id='word_1_207' title='bbox 1140 2714 1470 2775; x_wconf 85' lang='lat' dir='ltr'>Dissensus</span> <span class='ocrx_word' id='word_1_208' title='bbox 1513 2713 1794 2795; x_wconf 82' lang='lat' dir='ltr'>exempla</span> <span class='ocrx_word' id='word_1_209' title='bbox 1835 2715 1999 2775; x_wconf 88' lang='lat' dir='ltr'>dabu</span> <span class='ocrx_word' id='word_1_210' title='bbox 2044 2723 2072 2773; x_wconf 87' lang='lat' dir='ltr'>t</span> 
     </span>
     <span class='ocr_line' id='line_1_28' title="bbox 278 2729 2051 2890; baseline 0 -18"><span class='ocrx_word' id='word_1_211' title='bbox 278 2832 333 2872; x_wconf 78' lang='lat' dir='ltr'>c,</span> <span class='ocrx_word' id='word_1_212' title='bbox 367 2821 426 2871; x_wconf 82' lang='lat'>2.</span> <span class='ocrx_word' id='word_1_213' title='bbox 457 2832 526 2872; x_wconf 83' lang='lat' dir='ltr'>ac</span> <span class='ocrx_word' id='word_1_214' title='bbox 551 2821 905 2886; x_wconf 67' lang='lat' dir='ltr'>numentum.</span> <span class='ocrx_word' id='word_1_215' title='bbox 933 2833 1014 2871; x_wconf 85' lang='lat' dir='ltr'>c.</span> <span class='ocrx_word' id='word_1_216' title='bbox 1036 2822 1091 2871; x_wconf 81' lang='lat'>3.</span> <span class='ocrx_word' id='word_1_217' title='bbox 1120 2811 1343 2871; x_wconf 90' lang='lat' dir='ltr'>lacuna</span> <span class='ocrx_word' id='word_1_218' title='bbox 1364 2809 1594 2872; x_wconf 89' lang='lat' dir='ltr'>relicta.</span> <span class='ocrx_word' id='word_1_219' title='bbox 1642 2830 1695 2870; x_wconf 86' lang='lat' dir='ltr'>e.</span> <span class='ocrx_word' id='word_1_220' title='bbox 1722 2820 1778 2870; x_wconf 84' lang='lat'>5.</span> <span class='ocrx_word' id='word_1_221' title='bbox 1798 2729 2051 2890; x_wconf 54' lang='lat' dir='ltr'>periniie</span> 
     </span>
     <span class='ocr_line' id='line_1_29' title="bbox 276 2905 2076 2986; baseline -0.001 -19"><span class='ocrx_word' id='word_1_222' title='bbox 276 2928 332 2967; x_wconf 90' lang='lat' dir='ltr'>c.</span> <span class='ocrx_word' id='word_1_223' title='bbox 366 2916 456 2965; x_wconf 91' lang='grc'>10.</span> <span class='ocrx_word' id='word_1_224' title='bbox 487 2908 830 2966; x_wconf 75' lang='lat' dir='ltr'>consoletur.</span> <span class='ocrx_word' id='word_1_225' title='bbox 864 2927 921 2968; x_wconf 91' lang='lat' dir='ltr'>c.</span> <span class='ocrx_word' id='word_1_226' title='bbox 950 2919 973 2965; x_wconf 93' lang='lat'>1</span> <span class='ocrx_word' id='word_1_227' title='bbox 991 2918 1045 2966; x_wconf 90' lang='lat'>1.</span> <span class='ocrx_word' id='word_1_228' title='bbox 1073 2907 1605 2986; x_wconf 77' lang='lat' dir='ltr'>auspicatissimum.</span> <span class='ocrx_word' id='word_1_229' title='bbox 1638 2926 1701 2964; x_wconf 88' lang='lat' dir='ltr'>e..</span> <span class='ocrx_word' id='word_1_230' title='bbox 1722 2914 1820 2965; x_wconf 88' lang='lat'>15.</span> <span class='ocrx_word' id='word_1_231' title='bbox 1847 2925 1916 2966; x_wconf 80' lang='lat' dir='ltr'>ac</span> <span class='ocrx_word' id='word_1_232' title='bbox 1935 2905 2076 2966; x_wconf 81' lang='lat' dir='ltr'>viri-</span> 
     </span>
     <span class='ocr_line' id='line_1_30' title="bbox 278 2998 2073 3073; baseline -0.002 -14"><span class='ocrx_word' id='word_1_233' title='bbox 278 3000 398 3059; x_wconf 83' lang='lat' dir='ltr'>tim.</span> <span class='ocrx_word' id='word_1_234' title='bbox 446 3020 506 3060; x_wconf 85' lang='lat' dir='ltr'>c.</span> <span class='ocrx_word' id='word_1_235' title='bbox 538 3007 630 3059; x_wconf 89' lang='lat'>19.</span> <span class='ocrx_word' id='word_1_236' title='bbox 661 3010 920 3060; x_wconf 85' lang='lat' dir='ltr'>vocatur.</span> <span class='ocrx_word' id='word_1_237' title='bbox 973 3022 1026 3061; x_wconf 91' lang='lat' dir='ltr'>c.</span> <span class='ocrx_word' id='word_1_238' title='bbox 1074 3010 1180 3059; x_wconf 78' lang='lat'>20..</span> <span class='ocrx_word' id='word_1_239' title='bbox 1210 3019 1431 3059; x_wconf 77' lang='lat' dir='ltr'>noscas,</span> <span class='ocrx_word' id='word_1_240' title='bbox 1479 3019 1540 3058; x_wconf 75' lang='lat' dir='ltr'>c.</span> <span class='ocrx_word' id='word_1_241' title='bbox 1580 3009 1675 3057; x_wconf 82' lang='lat'>21.</span> <span class='ocrx_word' id='word_1_242' title='bbox 1707 2998 1944 3073; x_wconf 76' lang='lat' dir='ltr'>utiliter.</span> <span class='ocrx_word' id='word_1_243' title='bbox 2017 3017 2073 3057; x_wconf 91' lang='lat' dir='ltr'>c.</span> 
     </span>
    </p>
   </div>
   <div class='ocr_carea' id='block_1_3' title="bbox 283 3096 2079 3251">
    <p class='ocr_par' dir='ltr' id='par_1_3' title="bbox 283 3096 2079 3251">
     <span class='ocr_line' id='line_1_31' title="bbox 284 3096 2079 3175; baseline -0.001 -19"><span class='ocrx_word' id='word_1_244' title='bbox 284 3109 380 3156; x_wconf 79' lang='lat'>31.</span> <span class='ocrx_word' id='word_1_245' title='bbox 411 3117 582 3157; x_wconf 70' lang='lat' dir='ltr'>rar-0.</span> <span class='ocrx_word' id='word_1_246' title='bbox 634 3117 694 3156; x_wconf 91' lang='lat' dir='ltr'>c..</span> <span class='ocrx_word' id='word_1_247' title='bbox 721 3107 818 3157; x_wconf 92' lang='grc'>40.</span> <span class='ocrx_word' id='word_1_248' title='bbox 869 3097 1192 3175; x_wconf 81' lang='lat' dir='ltr'>Reudigni.</span> <span class='ocrx_word' id='word_1_249' title='bbox 1246 3117 1303 3156; x_wconf 88' lang='lat' dir='ltr'>c.</span> <span class='ocrx_word' id='word_1_250' title='bbox 1332 3107 1431 3155; x_wconf 83' lang='grc'>44..</span> <span class='ocrx_word' id='word_1_251' title='bbox 1477 3096 1607 3156; x_wconf 78' lang='lat' dir='ltr'>hinc</span> <span class='ocrx_word' id='word_1_252' title='bbox 1654 3096 1749 3155; x_wconf 86' lang='lat' dir='ltr'>vel</span> <span class='ocrx_word' id='word_1_253' title='bbox 1783 3096 1962 3159; x_wconf 77' lang='lat' dir='ltr'>illinc.</span> <span class='ocrx_word' id='word_1_254' title='bbox 2020 3115 2079 3156; x_wconf 84' lang='lat' dir='ltr'>e.</span> 
     </span>
     <span class='ocr_line' id='line_1_32' title="bbox 283 3191 1240 3251; baseline 0.002 -2"><span class='ocrx_word' id='word_1_255' title='bbox 283 3200 382 3250; x_wconf 84' lang='lat'>45.</span> <span class='ocrx_word' id='word_1_256' title='bbox 412 3191 694 3251; x_wconf 63' lang='lat' dir='ltr'>cadentia.</span> <span class='ocrx_word' id='word_1_257' title='bbox 755 3211 814 3251; x_wconf 81' lang='lat' dir='ltr'>c.</span> <span class='ocrx_word' id='word_1_258' title='bbox 841 3199 939 3250; x_wconf 85' lang='lat'>46.</span> <span class='ocrx_word' id='word_1_259' title='bbox 971 3192 1081 3251; x_wconf 79' lang='lat' dir='ltr'>huc</span> <span class='ocrx_word' id='word_1_260' title='bbox 1111 3199 1240 3251; x_wconf 85' lang='lat' dir='ltr'>etc.-</span> 
     </span>
    </p>
   </div>
   <div class='ocr_carea' id='block_1_4' title="bbox 276 3283 2090 3564">
    <p class='ocr_par' dir='ltr' id='par_1_4' title="bbox 276 3283 2090 3564">
     <span class='ocr_line' id='line_1_33' title="bbox 366 3283 2087 3366; baseline -0.004 -18"><span class='ocrx_word' id='word_1_261' title='bbox 366 3288 538 3349; x_wconf 88' lang='lat' dir='ltr'>Sitne</span> <span class='ocrx_word' id='word_1_262' title='bbox 578 3289 779 3348; x_wconf 85' lang='lat' dir='ltr'>codex</span> <span class='ocrx_word' id='word_1_263' title='bbox 821 3287 946 3361; x_wconf 86' lang='lat' dir='ltr'>ille,</span> <span class='ocrx_word' id='word_1_264' title='bbox 977 3307 1056 3348; x_wconf 85' lang='lat' dir='ltr'>ex</span> <span class='ocrx_word' id='word_1_265' title='bbox 1104 3307 1228 3366; x_wconf 93' lang='lat' dir='ltr'>quo</span> <span class='ocrx_word' id='word_1_266' title='bbox 1279 3283 1626 3355; x_wconf 86' lang='lat' dir='ltr'>Groslotius</span> <span class='ocrx_word' id='word_1_267' title='bbox 1665 3304 1719 3344; x_wconf 89' lang='lat' dir='ltr'>c.</span> <span class='ocrx_word' id='word_1_268' title='bbox 1761 3293 1865 3342; x_wconf 75' lang='lat'>22..</span> <span class='ocrx_word' id='word_1_269' title='bbox 1903 3283 2087 3344; x_wconf 88' lang='lat' dir='ltr'>dedit.</span> 
     </span>
     <span class='ocr_line' id='line_1_34' title="bbox 276 3381 2083 3465; baseline -0.002 -19"><span class='ocrx_word' id='word_1_270' title='bbox 276 3405 427 3465; x_wconf 78' lang='lat' dir='ltr'>gens</span> <span class='ocrx_word' id='word_1_271' title='bbox 454 3405 570 3444; x_wconf 81' lang='lat' dir='ltr'>non</span> <span class='ocrx_word' id='word_1_272' title='bbox 598 3393 790 3444; x_wconf 86' lang='lat' dir='ltr'>astuta</span> <span class='ocrx_word' id='word_1_273' title='bbox 817 3391 920 3443; x_wconf 80' lang='lat' dir='ltr'>aut</span> <span class='ocrx_word' id='word_1_274' title='bbox 953 3383 1186 3455; x_wconf 83' lang='lat' dir='ltr'>callida,</span> <span class='ocrx_word' id='word_1_275' title='bbox 1214 3402 1399 3441; x_wconf 90' lang='lat' dir='ltr'>manu</span> <span class='ocrx_word' id='word_1_276' title='bbox 1445 3390 1747 3454; x_wconf 88' lang='lat' dir='ltr'>exaratus,</span> <span class='ocrx_word' id='word_1_277' title='bbox 1778 3400 1855 3441; x_wconf 87' lang='lat' dir='ltr'>an</span> <span class='ocrx_word' id='word_1_278' title='bbox 1885 3381 2083 3442; x_wconf 88' lang='lat' dir='ltr'>editio</span> 
     </span>
     <span class='ocr_line' id='line_1_35' title="bbox 287 3475 2090 3564; baseline -0.005 -19"><span class='ocrx_word' id='word_1_279' title='bbox 287 3484 568 3564; x_wconf 82' lang='lat' dir='ltr'>quaedam</span> <span class='ocrx_word' id='word_1_280' title='bbox 597 3490 796 3553; x_wconf 77' lang='lat' dir='ltr'>vetu8,</span> <span class='ocrx_word' id='word_1_281' title='bbox 824 3478 1107 3540; x_wconf 84' lang='lat' dir='ltr'>hariolari</span> <span class='ocrx_word' id='word_1_282' title='bbox 1137 3478 1284 3537; x_wconf 90' lang='lat' dir='ltr'>mihi</span> <span class='ocrx_word' id='word_1_283' title='bbox 1324 3497 1448 3538; x_wconf 92' lang='lat' dir='ltr'>non</span> <span class='ocrx_word' id='word_1_284' title='bbox 1476 3475 1670 3537; x_wconf 87' lang='lat' dir='ltr'>licuit.</span> <span class='ocrx_word' id='word_1_285' title='bbox 1756 3476 2090 3537; x_wconf 82' lang='lat' dir='ltr'>Editiones</span> 
     </span>
    </p>
   </div>
  </div>
 </body>
</html>
