2190 3880
260 166 354 210 138
880 143 1480 211 HISTORIARUM

128 305 182 343 A.
201 303 253 340 U.
267 283 460 335 diverso
477 279 747 354 praemium
772 283 956 353 petat?
994 284 1082 338 Sic
1112 285 1509 340 Scribonianum
1542 285 1634 340 su‘b
1665 285 1888 341 Claudio
1921 286 2081 343 inter-

144 355 456 425 82³³·fiectum
471 377 486 408 .·
512 355 582 407 sic
601 373 941 425 percussorem
966 357 1088 426 ejus,
1110 355 1460 436 Volaginium,
1482 375 1508 409 e
1527 359 1771 430 gregario
1793 361 1865 412 ad
1881 378 2077 414 summa

137 410 467 503 ‘'illoqmilitiae
493 434 809 496 provectam.
885 425 1113 479 Facilius
1139 443 1395 478 universos
1433 426 1629 509 inpelli,
1665 446 1821 499 quam
1855 430 2080 502 singulos

181 517 253 569 76
269 496 444 549 vitari.
521 496 631 553 His
666 496 960 568 pavoribus
1004 508 1307 562 nutantem,
1348 509 1406 550 et
1439 497 1531 550 ahi
1574 498 1769 570 Legati
1809 501 2080 572 amicique

264 567 576 633 firmabant,
598 579 655 620 et
682 566 997 630 Mucianae,
1027 579 1153 639 post
1179 567 1378 619 multos
1406 571 1750 639 secretosque
1785 587 2078 637 sermoneS,

252 637 374 708 jam
398 652 458 691 et
483 656 666 692 coram
697 637 774 688 ita
799 636 1046 692 locutus:
1070 636 1274 690 ‘Omnes
1300 639 1391 709 qui
1415 656 1721 710 magnarum
1757 658 1927 694 rerum
1960 660 2079 694 con-

259 709 379 762 silia
421 709 720 778 suscipiunt,
768 707 1015 760 aestimare
1057 708 1252 772 debent,
1299 727 1386 774 an,
1434 709 1572 780 quod
1616 709 1903 777 inchoatur,
1948 711 2078 768 Rei-

251 780 475 850 publicae
499 779 644 843 utile,
681 777 803 846 ipsis
819 777 1117 900 gloriosum,
1153 788 1246 832 aut
1272 789 1568 860 prompt-um
1594 780 1786 850 effectu,
1823 790 1917 835 aut
1947 792 2086 839 certe*

262 869 364 903 uon
381 907 384 910 ,
403 850 622 901 arduum
660 849 744 900 sit.

863 848 992 900 imul
1027 849 1149 919 ipse,
1191 867 1281 920 qui
1319 850 1514 916 suadet,
1560 852 1950 906 considerandus
1991 861 2080 920 est,

260 921 541 992 adjiciatne
567 918 772 973 consilio
803 918 1091 990 periculum
1116 937 1292 972 suum:
1330 929 1395 986 et,
1431 921 1476 972 si
1506 921 1738 975 Fortuna
1775 924 1947 994 coeptis
1984 923 2079 977 ad-

243 991 438 1063 suerit,
460 991 542 1043 cui
566 1009 811 1043 summum
837 989 984 1043 decus
1009 989 1335 1061 adquiratur.

1411 991 1529 1063 Ego
1555 1001 1621 1058 te,
1665 991 1719 1045 V
1711 1012 1737 1046 e
1793 995 1983 1062 asiane,
2010 990 2083 1048 ad

263 1062 545 1132 Imperium
581 1079 720 1124 voc0,
750 1069 857 1113 tam
891 1060 1117 1113 salutare
1154 1059 1489 1130 Reipublicae,
1529 1081 1683 1134 quam
1708 1064 1752 1116 ti
1785 1065 1806 1118 i
1840 1065 2079 1136 magnifi-

258 1151 394 1185 cum.
467 1133 636 1185 Juxta
679 1131 837 1198 Deos,
883 1132 938 1183 iu
983 1140 1074 1183 tua
1111 1149 1268 1183 manu
1298 1131 1524 1202 positum
1559 1142 1650 1187 est.
1725 1133 1841 1188 Nec=
1871 1137 2081 1208 speciem

261 1203 523 1256 adulantis
545 1204 820 1273 expaveris.
844 1220 878 1254 a
902 1201 1225 1267 contumelia,
1249 1221 1402 1273 quam
1422 1221 1457 1256 a
1479 1203 1629 1256 laude
1658 1206 1870 1276 propius
1885 1206 2079 1280 fuerit,

207 1331 210 1333 Α
250 1283 370 1345 post
412 1273 678 1327 Vitellium
719 1273 859 1345 eligi.
936 1271 1060 1325 Non
1108 1272 1347 1326 adversus
1392 1272 1471 1326 D.
1512 1274 1742 1348 Augusti
1780 1277 2082 1332 acerrimam

260 1355 491 1411 mentem,
517 1364 606 1398 uec
646 1344 883 1397 adversus
918 1344 1261 1396 cautissimam
1299 1344 1495 1397 Tiberii
1522 1354 1838 1413 senectutem,
1873 1367 1936 1402 ne
1960 1367 2080 1402 cou-

262 1426 345 1468 tra
389 1415 511 1469 Caii
529 1415 773 1538 davidem,
814 1424 905 1467 aut
944 1413 1176 1480 Claudii,
1214 1414 1299 1466 vel
1334 1414 1577 1481 NeroniS,
1602 1416 1894 1490 fundatam
1927 1418 2079 1492 longo

565 1506 611 1538 οφ

265 1487 492 1557 Imperio

612 1505 730 1538 num
769 1485 1103 1556 exsurgimus.
1139 1485 1323 1538 cessisti
1355 1487 1508 1540 etiam
1537 1485 1725 1541 Galbae
1752 1489 2079 1562 imaginibus.

261 1567 456 1628 torpere
479 1557 643 1622 ultra,
668 1566 716 1609 et
734 1556 1066 1626 polluendam
1081 1556 1491 1627 perdendamque
1508 1556 1896 1629 Rempublicam
1921 1561 2079 1614 relin-

261 1647 428 1699 quere,
453 1647 602 1698 sopor
626 1637 674 1680 et
701 1627 914 1698 ignavia
941 1627 1213 1692 videretur,
1238 1627 1393 1679 etiam
1417 1627 1461 1679 si
1486 1628 1601 1693 tibi,
1621 1648 1774 1700 quam
1798 1631 2079 1699 inhonesta,

258 1709 368 1752 tam
394 1708 507 1752 tuta
528 1699 745 1752 servitus
771 1707 905 1751 esset.
977 1698 1133 1751 Abiit
1154 1699 1278 1769 jam
1313 1707 1362 1751 et
1396 1706 1734 1753 transvectum
1769 1710 1839 1755 est
1870 1711 2078 1774 tempus,

261 1882 393 1920 minus
409 1881 515 1919 bona
530 1887 605 1928 est,
623 1881 696 1920 hoc
714 1892 831 1919 sensu
847 1893 856 1916 ι
887 1881 919 1917 si
938 1880 1026 1929 quis
1046 1891 1144 1930 prae-

263 1937 387 1973 mium
403 1940 515 1985 petat
532 1935 582 1973 ab
599 1936 762 1972 adversa
778 1939 906 1983 parte,
926 1935 1030 1984 quod
1046 1947 1145 1984 prae—

262 1991 366 2028 senti
379 1990 544 2027 facinori
572 2001 726 2037 semper
743 1992 924 2039 paratum
955 1993 1028 2026 est.
1073 1989 1145 2026 Et-

260 2045 339 2082 iam
355 2046 396 2081 in
411 2044 537 2080 altera
552 2044 720 2080 lectione
731 2049 920 2092 paratum
936 2047 1072 2080 tamen
1089 2043 1146 2079 sic

262 2098 564 2147 intelligendum
589 2110 603 2144 3
646 2097 750 2146 quod
791 2107 944 2144 semper
985 2107 1143 2147 sperare

261 2156 394 2200 potest
410 2152 508 2189 talia
525 2163 660 2196 ausuS‚
679 2151 783 2200 quod
802 2151 839 2187 ei
858 2161 1013 2199 semper
1029 2161 1145 2199 para-

259 2211 348 2243 tum
383 2210 455 2242 est.
510 2206 692 2242 Praesens
712 2204 881 2252 facinus
914 2208 975 2241 est
1012 2205 1144 2243 audax

258 2264 386 2299 atrox.
434 2261 543 2298 ERN.
596 2259 699 2296 Cum
728 2258 820 2307 Bip.
849 2269 998 2306 repono
1028 2258 1144 2306 faci·

259 2326 360 2351 mori.

320 2363 596 2416 Volaginium]
639 2364 812 2405 Quidam
843 2363 938 2401 libri
977 2365 1144 2413 Volagi-

260 2434 369 2467 num,
390 2424 436 2457 ut
455 2420 549 2468 Agr.
572 2418 631 2455 ed.
649 2430 709 2468 pr.
747 2418 945 2456 Indictum
966 2418 1055 2455 aliis
1074 2430 1144 2454 no-

261 2486 366 2513 men.
410 2474 552 2511 Vim-1.
571 2475 743 2511 Gronov.
787 2473 896 2511 ERN.
928 2472 1042 2510 .Bud.
1067 2473 1144 2510 Vo-

263 2529 472 2580 laginium.
716 2557 727 2561 -

316 2583 413 2619 Post
431 2581 574 2618 multos
594 2586 828 2631 secretosque
846 2592 1035 2617 sermones
1047 2579 1145 2628 jam

261 2643 299 2674 et
317 2633 464 2682 coram]
488 2633 610 2671 Multi
628 2633 686 2670 illi
705 2638 745 2670 et
769 2634 909 2671 secreti
927 2645 1141 2680 sermones,

263 2691 408 2739 partim
423 2699 556 2725 coram
581 2687 722 2735 habiti,
738 2688 881 2737 partim
909 2699 980 2735 per
1004 2687 1142 2726 Titum

262 2745 373 2789 facti,
392 2756 429 2781 v.
451 2754 484 2778 c.
508 2747 574 2782 79.
604 2745 705 2780 extr.
734 2741 882 2780 Multis
906 2742 1145 2779 set-omnibns

266 2799 333 2847 qui
357 2797 407 2833 ab
433 2795 663 2833 absentibus
689 2807 759 2843 per
777 2794 918 2833 Titum
946 2795 1055 2842 facti,
1073 2806 1143 2844 op-

264 2853 427 2902 pon'rtur
444 2849 613 2887 maxime
643 2862 785 2886 coram.
837 2849 1004 2886 Secretis
1027 2860 1144 2898 porro

265 2904 511 2942 sermonibus
528 2904 757 2952 opponitur,
774 2903 868 2951 quia
884 2902 1143 2952 praesentibus

266 2959 425 3006 Legatis
451 2964 492 2993 et
519 2957 654 2994 amicis
683 2957 826 3001 factus,
845 2960 893 2994 ut
918 2960 1031 3004 patet
1059 2967 1080 2993 e
1108 2969 1142 2994 c.

263 3017 333 3052 78.
366 3012 455 3047 init.
507 3011 599 3047 Non
636 3011 759 3059 igitur
793 3014 892 3056 erat,
921 3021 1043 3058 quare
1078 3010 1142 3046 hic

264 3065 446 3105 Freinsh.
483 3066 664 3109 haereret,
699 3068 740 3100 et
775 3063 926 3112 aliquid
956 3063 1144 3101 excidisse

265 3122 441 3169 putaret.
485 3118 673 3156 Ceterum
704 3118 789 3155 MS.
821 3118 926 3155 Flor.
959 3117 1080 3154 habet
1108 3123 1145 3154 et

266 3175 456 3216 ioronam,
483 3171 587 3207 unde
617 3171 656 3207 J.
687 3172 811 3207 Gron.
843 3171 1002 3218 conjicit
1031 3177 1070 3208 et
1093 3172 1147 3208 ad

267 3237 460 3263 coronam.
515 3224 573 3261 At
603 3235 742 3260 corona
772 3225 818 3260 de
844 3225 917 3261 tali
944 3228 1143 3262 conventu

268 3292 348 3317 non
378 3278 538 3315 dicitur.
593 3277 698 3314 Nam
732 3281 773 3313 et
804 3278 942 3314 Cicero
971 3278 1067 3314 dicit
1095 3278 1142 3313 de

265 3334 339 3371 tali
357 3334 552 3368 conventu
570 3331 645 3367 sibi
661 3342 840 3367 coronam
857 3330 1037 3379 doeficisse,
1054 3342 1144 3367 cum

268 3400 339 3437 pro
365 3386 553 3423 Deiotaro
582 3384 741 3426 diceret,
770 3384 864 3433 quia
886 3384 1081 3430 judicium
1102 3384 1143 3420 in

266 3440 448 3478 cubiculo
467 3439 630 3476 Caesaris
647 3437 827 3476 habitum
846 3437 989 3475 fuerat.
1028 3438 1138 3475 ERN.

266 3495 370 3532 Bud.
385 3494 477 3542 jam
494 3499 531 3530 et
549 3503 690 3528 coram.

1198 1881 1404 1927 extimare,
1424 1881 1451 1917 i.
1471 1893 1507 1919 e.
1525 1881 1765 1928 eoeistimare‚
1783 1886 1830 1919 ut
1852 1886 1913 1921 est
1931 1883 1974 1921 in
1991 1882 2078 1923 MS.

1198 1935 1296 1983 Reg.
1316 1935 1426 1983 quod.
1436 1936 1577 1973 melius
1597 1940 1710 1983 puto.
1746 1937 1855 1974 ERN.

1251 1989 1338 2025 Aut
1354 1995 1451 2027 certe
1466 1989 1559 2039 mn]
1595 1989 1643 2026 In
1667 1989 1753 2027 MS.
1772 1989 1879 2027 Flor.
1905 1996 1976 2029 aut
2001 2003 2079 2029 non

1199 2048 1298 2079 certe
1317 2054 1394 2079 uon
1413 2055 1451 2081 a.
1486 2045 1528 2081 J.
1548 2045 1671 2082 Gron.
1696 2047 1814 2091 putat
1840 2054 1977 2082 verum
1995 2052 2079 2082 esse

1199 2101 1270 2132 aut
1298 2107 1388 2142 non,
1417 2101 1516 2134 certe
1548 2109 1624 2134 uon
1652 2097 1819 2134 arduum
1832 2111 1845 2134 .·
1873 2108 1954 2134 non
1988 2109 2076 2147 ego.

1199 2149 1382 2197 Oppositi
1417 2156 1489 2188 aut
1518 2163 1594 2187 uon
1625 2149 1735 2188 nulla
1764 2161 1835 2187 nec
1856 2151 2076 2200 elegantia,

1198 2213 1271 2239 nec
1299 2205 1523 2241 necessitas.
1579 2205 1688 2243 ERN.
1744 2204 1847 2242 Bud.
1879 2211 1952 2243 aut
1978 2211 2078 2245 certe

1197 2269 1274 2293 uon
1289 2257 1469 2295 arduum.

1252 2308 1533 2359 Magnificum.
1589 2311 1723 2349 Juxta
1749 2312 1859 2350 Deos
1885 2310 1976 2365 etc-J
2014 2311 2078 2351 Sic

1200 2364 1574 2412 interpungendum,
1593 2365 1625 2402 si
1649 2376 1786 2403 sensus
1813 2369 1992 2403 constare
2011 2366 2078 2403 de-

1198 2417 1281 2463 bet,
1300 2421 1349 2454 ut
1376 2421 1435 2454 est
1464 2418 1506 2455 in
1533 2419 1616 2456 MS.
1652 2419 1784 2457 Guerf.
1807 2419 1894 2458 edd.
1922 2419 2077 2457 Puteol.

1198 2471 1386 2508 Beroaldi
1405 2475 1479 2509 etc.
1509 2471 1636 2509 Possis
1653 2473 1860 2522 suspicari,
1879 2485 1996 2524 quam
2011 2486 2076 2511 sa-

1196 2526 1325 2563 lutare
1343 2525 1461 2575 Reip.
1478 2536 1596 2575 quam
1607 2526 1680 2564 tibi
1698 2526 2078 2576 magnificum,qu

1198 2585 1242 2616 ta
1267 2577 1392 2624 Deos,
1418 2580 1446 2616 i.
1478 2585 1508 2616 t.
1537 2593 1591 2618 m.
1615 2591 1660 2628 p.
1688 2593 1721 2618 e.
1775 2580 1850 2618 Sed
1877 2581 2076 2618 sententia

1196 2631 1294 2669 illud
1324 2633 1456 2681 potius
1491 2633 1699 2671 desiderat.
1754 2633 1803 2671 In
1831 2634 1917 2682 ejm
1951 2644 2074 2672 mann

1197 2697 1296 2731 esse,
1342 2686 1452 2732 dicit,
1496 2698 1548 2724 an
1592 2686 1687 2723 velit
1731 2687 1941 2738 imperium
1978 2687 2077 2726 illud

1195 2739 1355 2778 habere.
1411 2742 1521 2779 ERN.
1588 2740 1692 2778 Bud.
1750 2741 1918 2790 pessime
1971 2741 2074 2780 vta-u

1196 2794 1318 2839 Deos,
1353 2793 1423 2832 ubi
1458 2795 1588 2832 Rhen.
1622 2794 1878 2842 conjectando
1913 2805 2075 2844 operam

1198 2848 1311 2886 ludit.
1332 2859 1404 2884 nec
1421 2848 1560 2886 melior
1575 2849 1803 2895 conjectura
1818 2848 1992 2887 Ernesti.

1251 2903 1385 2939 Juxta
1401 2901 1526 2951 Deos]
1550 2902 1613 2940 Cf.
1631 2913 1666 2938 c.
1682 2907 1753 2942 ⁴78.

1247 2956 1293 2992 A
1307 2957 1539 2994 contumelia
1555 2961 1592 2992 et
1609 2956 1725 2994 laude
1742 2956 1906 3006 propius
1919 2953 2070 3007 fuerit]

1195 3009 1270 3047 Ed.
1295 3020 1356 3056 pr.
1385 3015 1469 3046 tam
1487 3009 1704 3058 a—suer-iS.
1735 3008 1839 3058 quod
1867 3015 1929 3046 est
1952 3007 2074 3048 etiam

1199 3064 1242 3100 in
1260 3062 1391 3100 Guelf.
1409 3074 1433 3099 a
1448 3074 1502 3101 m.
1519 3074 1552 3100 S.
1592 3062 1712 3100 Male.
1751 3061 1890 3100 Paullo
1904 3061 2076 3100 insolen-

1198 3117 1280 3155 tius
1298 3117 1445 3153 dictum
1462 3119 1538 3162 est,
1556 3126 1629 3164 pro
1647 3116 1887 3154 contumetn'ae
1907 3117 2074 3166 propius

1199 3182 1318 3221 quam
1342 3170 1455 3207 laudi
1465 3169 1610 3218 fixerit.
1661 3169 1758 3206 Mox
1783 3181 1832 3206 ne
1858 3181 1893 3206 c.
1925 3170 1970 3207 C.
1988 3170 2075 3218 qui·

1196 3226 1281 3262 dem
1307 3222 1408 3259 edidi
1434 3234 1522 3259 cum
1553 3222 1673 3270 Ryck.
1702 3226 1745 3258 et.
1769 3216 1892 3260 (ξι-οη.
1917 3234 1939 3259 e
1967 3222 2073 3260 rior.

1196 3289 1268 3326 pro
1303 3276 1589 3326 neo—quidem.
1616 3276 1664 3314 V.
1698 3275 1748 3312 ad
1774 3280 1816 3321 4,
1847 3280 1918 3314 35.
1961 3276 2073 3315 ERN.

1198 3331 1302 3369 Bud.
1331 3330 1452 3367 etiam
1467 3341 1516 3366 ne
1532 3342 1564 3367 c.
1585 3331 1627 3367 G.
1646 3342 1682 3380 q.
1703 3330 1830 3378 prius,
1849 3327 2074 3379 tam—sue·

1198 3385 1266 3421 rit.

1248 3437 1362 3474 Abiit
1369 3435 1461 3484 jam
1474 3442 1511 3474 et
1523 3435 1795 3487 transvectum]
1817 3436 1996 3475 Obscura
2011 3440 2074 3477 est

1195 3490 1408 3536 sententia,
1426 3494 1466 3527 et
1483 3501 1576 3539 ergo
1601 3494 1732 3527 acuta.
1788 3491 1855 3528 An
1875 3491 1950 3529 hoe
1967 3490 2070 3536 vult,

323 3545 556 3596 Ais-limare]
581 3545 664 3584 MS.
681 3544 813 3583 Guelf.
843 3542 977 3596 (Eud.)
1004 3543 1064 3583 ed.
1079 3555 1140 3594 pr.
1191 3546 1277 3592 jam
1303 3555 1433 3582 senem
1455 3555 1538 3581 csse
1555 3543 1856 3593 Vespasianum,
1876 3546 1977 3584 etin
1994 3545 2068 3582 hae
