2190 3880
731 119 1292 192 122113.1'..CAP‘.*16'.
1840 133 1905 178 23

109 260 276 316 eadem
317 259 597 314 constantia
638 258 899 311 retinebis.-
935 256 1021 310 sed
1053 256 1149 309 a'l'ii
1177 274 1274 326 per
1299 252 1582 324 obsequium
1606 252 1969 309 inminuent.A.
1990 267 2045 307 U.

40 356 43 359 ’
109 333 373 402 Inrumpet
412 330 661 396 adulatio,-
685 319 972 394 blanditiaeJ
983 329 1250 399 pessimum
1274 326 1382 378 veri
1403 324 1630 396 adfectus
1650 323 2028 414 venenunbffssfj

105 411 197 456 sua
223 403 399 474 cuique
437 402 651 455 utilitass
727 400 862 472 Ege,
888 419 948 453 ac
973 409 1047 464 tu,
1072 397 1431 468 simplicissime
1474 396 1608 447 inter
1647 414 1736 447 nos
1762 395 1908 448 hodie
1946 403 2042 470 520⁶·

107 473 396 544 loquimurt'
435 474 581 526 ce'teri
607 472 841 524 libentius
867 488 976 524 cum
984 469 1211 542 fortuna
1235 478 1428 532 nostra,
1456 485 1609 538 quam
1635 466 1913 520 nobiscum.-

110 544 252 598 Nam
276 545 480 598 suadere
504 543 761 613 Principi‚
784 543 919 614 quod
941 550 1184 612 oporteat,
1204 540 1352 592 multi
1374 538 1590 591 laboris:
1627 537 1907 590 adsentatio

106 633 227 689 erga
257 616 552 685 Principem
578 621 913 685 quemcunque
933 614 1039 665 sine
1063 611 1264 693 adjectu
1284 610 1569 682 peragitur.
1646 607 1844 674 Etiam,
1867 611 1909 661 si
1933 603 1996 655 16

105 687 380 740 inmensum
407 686 620 757 Imperii
644 703 819 755 corpus
842 690 976 737 stare
1000 703 1058 736 ac
1085 683 1269 735 librari
1293 683 1398 734 sine
1418 690 1605 733 rectore
1621 689 1802 750 posset,
1828 681 1910 733 di-

105 776 238 829 gnus
262 767 416 822 eram,
443 777 475 809 a
501 776 597 828 quo
627 755 780 826 Resp.¹
807 756 1042 825 inciperet
1063 777 1079 807 .·
1115 773 1245 806 nunc
1267 772 1321 805 eo
1348 751 1643 805 necessitatis
1653 752 1776 821 jam
1794 755 1910 821 pri-

109 829 219 882 dem
244 838 441 882 ventum
466 837 550 891 est,
580 837 634 878 ut
659 846 743 879 nec
769 846 876 879 mea
901 835 1115 878 senectus
1142 825 1364 898 conferre
1380 824 1499 894 plus
1524 822 1727 892 Populo
1755 821 1909 877 Rom.

99 900 276 970 possit,
319 916 468 972 qaam
510 900 690 952 bonum
726 905 1058 962 successorem,
1095 916 1182 949 nec
1223 906 1310 949 tua
1340 896 1457 966 plus
1479 895 1717 965 juventa,
1759 914 1913 966 quam

103 970 290 1024 *bonum
333 971 643 1040 Principem.-
718 969 825 1022 Sub
881 969 1078 1021 Tiberio
1125 977 1172 1020 et
1225 966 1352 1019 Caio
1405 975 1451 1019 et
1499 965 1717 1018 Claudio
1762 968 1912 1019 unius

90 1040 318 1113 familiae
355 1037 513 1114 quasi
540 1042 782 1095 hereditas
805 1040 1009 1113 fuimus
1029 1061 1044 1091 .-
1083 1039 1187 1091 loco
1213 1039 1458 1106 libertatis
1483 1038 1595 1102 erit,
1621 1037 1756 1108 quod
1789 1039 1912 1109 eligi

107 1114 356 1184 ecepimus.
418 1113 510 1179 Et,-
517 1113 680 1182 finita
708 1112 968 1164 Juliorum
1012 1109 1439 1180 Claudiorumque
1476 1109 1640 1173 domo,
1668 1109 1912 1179 optimum

109 1203 348 1256 quemque
395 1185 595 1254 adoptio
633 1184 866 1235 inveniet.
950 1180 1089 1234 Nam
1125 1183 1359 1252 generari
1407 1189 1454 1233 et
1496 1181 1635 1232 nasci
1671 1198 1703 1231 a
1747 1180 1911 1234 Prin-

107 1256 317 1324 cipibus,
324 1254 623 1327 fortuitum,
649 1273 734 1306 nec
756 1254 894 1306 ultra
920 1254 1192 1306 (estimatur
1211 1274 1226 1305 .·
1264 1252 1540 1321 adoptandi
1547 1251 1806 1322 judicium
1830 1253 1915 1304 in-

107 1335 301 1398 tegrum
323 1348 340 1390 ,-
376 1336 439 1391 et,
464 1327 507 1378 si
532 1326 651 1378 velis
675 1325 869 1396 eligere,
896 1342 1127 1377 consensu
1150 1333 1471 1376 monstratur.
1546 1323 1628 1374 Sit
1652 1332 1767 1375 ante
1790 1342 1909 1375 ocu-

109 1396 182 1454 los
220 1396 375 1462 Ner0,
413 1416 572 1468 quem,
610 1397 760 1467 longa
801 1395 1054 1448 Caesarum
1108 1396 1230 1447 serie
1265 1403 1544 1459 tumentem,
1576 1411 1676 1446 non
1717 1392 1769 1445 V
1763 1395 1913 1447 index

49 1463 55 1467 ’
108 1486 220 1520 cum
243 1469 422 1535 inermi
437 1469 722 1538 provincia,
745 1477 832 1519 ant
857 1485 944 1538 ego
971 1485 1079 1519 cum
1106 1484 1209 1518 una
1235 1465 1443 1537 legione,
1469 1465 1554 1517 sed
1575 1484 1666 1517 sua
1689 1464 1911 1518 inmani·
1952 1526 1967 1532 Ν

108 1548 204 1603 tas,
228 1559 319 1593 sua
345 1539 864 1604 luxuria,cervicibus
876 1538 1098 1607 publicis
1124 1537 1380 1607 depulere:
1417 1555 1571 1607 neque
1589 1545 1716 1588 >erat
1746 1538 1910 1589 adlzuc

107 1610 339 1663 damnati
367 1610 631 1680 Principis
654 1610 944 1680 exemplu-m.
986 1608 1095 1662 Nos
1121 1609 1247 1661 bello
1269 1618 1317 1660 et
1341 1609 1407 1660 ab
1434 1609 1792 1660 aestimantibus
1816 1610 1911 1660 ad-

107 1681 241 1747 sciti,
267 1701 378 1735 cum
406 1682 620 1746 invidia,
647 1682 876 1752 quamvis
911 1681 1117 1752 egregii,
1141 1681 1341 1732 erimus.
1418 1678 1500 1731 Ne
1519 1688 1683 1730 tamen
1708 1681 1911 1733 territus

90 1751 286 1824 fiteris,
309 1754 353 1805 si
378 1753 488 1805 duce
523 1753 736 1824 legiones
770 1753 825 1804 in
850 1752 940 1804 lzoc
967 1751 1187 1805 concussi
1212 1751 1346 1803 orbis
1369 1759 1507 1803 motu
1541 1750 1758 1802 nondum
1794 1753 1910 1822 qui-

107 1833 293 1877 escunt.
370 1824 453 1877 Ne
470 1825 574 1894 ipse
609 1824 807 1895 quidem
833 1823 918 1881 ad*
938 1842 1133 1876 securas
1173 1841 1248 1875 res
1271 1823 1480 1874 accessi:
1517 1831 1580 1886 et,
1608 1822 1789 1874 audita
1813 1824 1910 1876 ad·

109 1896 325 1965 optione,
350 1895 574 1947 desinam
609 1895 769 1947 videri
791 1913 967 1961 senex3
1005 1894 1139 1966 quod
1160 1913 1291 1946 nunc
1317 1893 1445 1946 milii
1470 1912 1622 1945 unmn
1649 1893 1906 1964 objicitur.
1941 1894 1943 1896 ’

110 1965 251 2019 Nero
275 1986 308 2018 a
325 1967 535 2036 pessimo
564 1964 755 2038 quoque
783 1984 967 2035 semper
1005 1965 1400 2018 desiderabitur.-
1436 1965 1567 2025 milii
1586 1965 1768 2017 acxtz‘bz'
1784 1986 1909 2035 pro-

106 2037 374 2090 videndum
421 2046 508 2102 est,
532 2055 594 2090 ne
629 2038 782 2090 etiam
807 2057 838 2089 a
878 2037 1020 2089 bonis
1065 2036 1384 2089 desideretur.
1426 2041 1431 2053 “
1459 2035 1676 2089 ΙῑΙΟηενε
1698 2037 1908 2102 diutius,

107 2125 262 2179 neque
283 2109 517 2179 temporis
536 2109 714 2180 leujns;
753 2118 798 2162 et
822 2108 1064 2179 inpletum
1091 2118 1160 2162 est
1186 2127 1326 2161 omne
1355 2108 1637 2172 consilium,
1656 2108 1766 2161 site
1783 2109 1911 2190 pene

1033 2241 1106 2279 sub
1134 2241 1294 2280 Tiberio
1323 2246 1456 2279 noster
1482 2241 1531 2280 A.
1552 2246 1592 2288 4,
1619 2246 1658 2279 5.
1685 2243 1909 2292 Hispanioe,

161 2243 241 2280 Per
250 2234 466 2293 obsequium
482 2242 726 2293 imminuent]
758 2244 820 2281 Ita
836 2243 978 2280 diserte

1036 2297 1180 2345 inquit,
1200 2309 1327 2334 recens
1339 2291 1564 2345 pen-domita²
1582 2298 1705 2334 tribus
1723 2298 1910 2334 habeba-n-

103 2296 234 2334 vatic.
252 2301 294 2334 et
317 2298 515 2334 Venetus=
550 2309 622 2333 nec
652 2298 863 2346 quidquam
888 2303 979 2345 pote

111 2350 207 2402 (non
235 2362 298 2388 me
327 2351 483 2399 quidem
511 2352 676 2401 arbitro)
709 2351 873 2388 lectione
906 2352 979 2388 hac

107 2405 262 2443 melius.
315 2405 527 2442 Rhenanus
555 2409 688 2442 tamen
714 2405 864 2450 turbat,
892 2417 979 2442 mu-

89 2463 182 2505 .tat,
201 2463 242 2495 et
257 2459 493 2507 exemplaria
508 2465 555 2496 ut
580 2459 768 2496 haberent
785 2460 891 2506 fecit,
907 2460 982 2496 alii

107 2513 196 2550 licet
206 2524 280 2562 per
297 2513 514 2562 obsequium
540 2520 727 2551 ιιηηααηί.
756 2515 865 2550 Ltps.
895 2514 981 2550 Fir-

107 2571 219 2604 mant
235 2567 358 2614 Lipsii
374 2567 579 2604 lectionem
596 2567 707 2604 MSS.
726 2567 828 2604 Flor.
847 2568 976 2604 Guelf.

108 2621 172 2659 ed.
191 2631 252 2668 pr.
267 2620 494 2658 Beroaldus..
509 2620 594 2659 Alc.
622 2622 728 2659 ERN.
754 2622 880 2659 Rhen.
902 2622 977 2658 ista

108 2685 187 2711 non
203 2685 252 2710 ex
271 2674 442 2724 ingenio,
461 2675 528 2711 sed
543 2686 591 2711 ex
607 2672 710 2712 Bud.

160 2728 302 2765 Etiam
318 2728 409 2778 ego]
429 2728 662 2775 conjunctio
679 2731 756 2766 ista
772 2739 975 2776 perperam

107 2780 171 2818 hic
187 2783 326 2830 posita.
368 2782 537 2819 Pichena
551 2783 678 2829 rejicit
696 2783 744 2819 ad
762 2783 979 2829 praeceden-

106 2836 177 2872 tia.
229 2835 432 2873 Acidalius
462 2837 684 2884 transponit
715 2840 756 2872 et
783 2836 903 2873 refert
929 2837 978 2881 ad

106 2891 144 2928 si
161 2891 400 2935 immensum,
418 2890 520 2937 quod
538 2890 674 2937 probo,
691 2890 724 2925 si
750 2890 901 2938 virgula
918 2902 978 2926 se-

108 2951 269 2991 paretur
277 2956 297 2991 ’ς
336 2955 408 2980 nec
439 2943 577 2980 dubito
606 2945 663 2981 ita
693 2944 878 2991 recipere.
932 2945 978 2980 In

108 2998 283 3046 margine
312 2997 442 3034 forsan
472 2998 563 3034 olim
592 2999 783 3046 adposita,
807 2998 979 3034 alienum

107 3050 198 3088 dein
215 3052 341 3088 locum
351 3052 555 3099 occupavit
571 3060 699 3088 errore
713 3051 876 3088 librarii.
888 3052 979 3100 Bip.

107 3105 152 3144 «ni
169 3106 286 3142 etiam
302 3105 344 3142 in
361 3107 461 3142 enim
477 3107 707 3143 vertendum
725 3110 880 3154 putant.
905 3107 979 3143 Re-

107 3159 217 3196 ctius·
228 3160 323 3207 Agr.
340 3161 477 3196 etenim
493 3172 578 3207 ego.

163 3214 384 3249 Inmensum
405 3214 506 3261 Imp.
537 3211 691 3263 corpus]
721 3213 820 3250 Vide
840 3214 981 3251 Heius.

109 3265 158 3302 ad
174 3266 274 3303 Vell.
289 3271 329 3313 2,
353 3271 441 3305 109.
716 3287 719 3291 ν

165 3321 263 3356 Cum
279 3332 358 3357 una
375 3319 541 3369 legione]
573 3320 665 3357 Una
680 3320 866 3358 tantum?
906 3319 978 3357 At-

110 3373 178 3421 qui
195 3378 311 3410 antea
324 3379 420 3419 tres,
436 3372 479 3410 in
492 3373 563 3410 illa
578 3379 689 3423 parte
707 3375 925 3422 Hispaniae,
938 3378 978 3411 et

110 3424 196 3477 τρία
212 3424 418 3475 τάγματα,
434 3434 512 3464 tres
538 3428 706 3476 legiones
727 3427 801 3477 (ita
831 3435 980 3466 vertere

110 3478 300 3528 interpres
325 3480 475 3526 debuit,
504 3492 583 3518 non
610 3480 794 3529 cohortes)
822 3482 982 3521 collocat

112 3531 184 3569 sub
203 3533 381 3582 Augusto
399 3534 538 3572 Strabo
554 3535 581 3574 l.
597 3541 637 3575 3.
658 3547 697 3583 p.
722 3538 809 3574 156.
848 3537 981 3574 Etiam

1032 2357 1110 2387 tur.
1165 2352 1239 2388 Sed
1270 2350 1318 2386 iis
1353 2351 1445 2398 ipsis
1486 2350 1613 2387 verbis
1650 2352 1907 2399 adsignificat,

1033 2405 1073 2441 id
1090 2405 1360 2450 mutatum‚'et
1377 2405 1603 2441 imminutas
1620 2405 1806 2452 legiones,
1823 2408 1910 2442 ani-

1034 2459 1106 2495 mis
1133 2460 1218 2506 ejus
1256 2459 1383 2506 gentis
1411 2463 1586 2507 tempore
1615 2459 1833 2497 imminutis
1868 2464 1909 2495 et

1033 2513 1181 2550 fractis.
1236 2514 1373 2561 Itaque
1418 2514 1458 2548 in
1504 2513 1802 2561 Tarraconensi,
1843 2516 1908 2552 cui

1033 2566 1159 2604 Galba
1177 2567 1346 2614 praefuit,
1358 2578 1438 2604 una
1454 2571 1550 2603 tunc
1564 2567 1678 2615 legio.
1697 2567 1908 2605 Suetonius

1032 2621 1073 2657 in
1092 2621 1218 2657 Galba
1251 2626 1311 2658 10.
1340 2622 1526 2666 ostendit,
1545 2621 1758 2658 exercitum
1785 2623 1907 2659 fuisse

1030 2676 1196 2723 legionis
1227 2677 1356 2717 unius,
1388 2677 1543 2711 alaram
1570 2675 1751 2720 duarum,
1784 2677 1907 2713 trium

1029 2730 1254 2769 cohortium.
1270 2730 1379 2765 Lirs.
1403 2728 1561 2765 Sextam
1577 2728 1766 2777 legionem
1786 2731 1906 2766 fuisse

1032 2782 1212 2818 docemur
1232 2783 1284 2818 H.
1307 2788 1344 2827 5,
1367 2785 1427 2818 16.
1455 2782 1549 2818 Mox
1567 2795 1614 2819 ne
1630 2789 1758 2820 tamen
1775 2785 1911 2822 Guelf.·

1031 2837 1090 2872 ed.
1109 2847 1167 2884 pr.
1183 2836 1308 2872 Rhen.
1339 2836 1376 2886 (e
1402 2834 1521 2885 Eud.)
1541 2840 1582 2873 at
1601 2849 1669 2873 nec
1684 2842 1813 2875 tamen
1828 2839 1907 2875 Pu-

1031 2890 1121 2926 teol.
1138 2889 1229 2926 Ber.
1258 2891 1423 2935 Deinde,
1443 2891 1475 2926 si
1506 2890 1707 2937 vellemus,
1722 2895 1768 2929 ut
1794 2893 1908 2940 quid-

1031 2955 1106 2991 que
1124 2946 1319 2983 commode
1337 2950 1377 2980 et
1395 2944 1594 2992 eleganter
1609 2943 1742 2981 abesse
1759 2951 1905 2996 potest,

1034 2998 1090 3034 ita
1117 2998 1269 3043 tollere,
1304 3001 1479 3036 concussi
1509 3002 1765 3038 tentaremus.
1830 3001 1904 3038 Sed

1032 3052 1224 3089 credimus
1242 3053 1369 3098 facile,
1389 3063 1471 3089 esse
1499 3064 1524 3089 a
1550 3052 1703 3091 Tacito.
1758 3054 1904 3092 Simili-

1031 3109 1093 3142 ter
1149 3118 1238 3143 mox
1281 3107 1428 3144 frustra
1481 3107 1726 3152 desideretur,
1770 3109 1903 3146 eadem

1034 3171 1184 3204 caussa,
1215 3160 1257 3196 in
1285 3160 1542 3210 suspicionem
1572 3161 1730 3199 adducit
1760 3163 1905 3200 Grute-

1034 3224 1115 3250 rus.
1142 3214 1250 3251 Emv.
1575 3231 1578 3235 ·

1085 3265 1297 3317 Depulere]
1328 3268 1422 3306 Cod.
1448 3268 1551 3306 Bud.
1573 3269 1774 3320 depulerit.
1807 3271 1903 3307 Mox

1029 3320 1132 3358 Bud.
1150 3322 1442 3367 estimantibus,
1462 3324 1526 3360 »sic
1550 3328 1591 3360 et
1619 3325 1769 3363 Puteol.
1798 3324 1903 3360 Dein

1029 3375 1132 3412 Bud.
1150 3379 1190 3412 et
1203 3376 1353 3413 Puteol.
1370 3388 1446 3413 non
1462 3377 1672 3426 quiescunt.
1726 3379 1843 3415 Porro
1861 3378 1902 3413 in

1034 3429 1136 3466 Bud.
1154 3430 1256 3478 qnod
1280 3429 1377 3466 mihi
1394 3443 1529 3474 mmm,
1549 3433 1689 3470 omisso
1705 3443 1831 3477 πιιπος
1862 3434 1904 3467 et

1035 3481 1229 3531 officitur,
1248 3486 1294 3521 ut
1310 3494 1409 3532 saepe
1427 3484 1535 3521 alias.

1103 3595 1189 3639 04
