2190 3880
186 259 235 297 A.
253 257 304 294 U.

199 316 290 353 8223.

191 368 241 404 A.
258 368 302 403 C.

213 423 279 462 70.

322 121 414 166 124
903 115 1525 168 HISTORIARUM

320 252 375 292 et
402 239 618 294 initium
646 241 810 294 caedis
838 245 1188 314 quaerebant:
1228 262 1352 296 cum
1394 245 1529 296 alius
1572 245 1790 316 iusuper
1825 255 1999 299 metus
2028 247 2122 300 Se-

323 313 600 365 natoribus
628 313 870 379 instaret,
898 331 985 378 ne,
1007 313 1315 385 praevalidis
1333 313 1453 383 jam
1477 315 1678 368 Vitellii
1707 318 1969 385 partibuS,
1993 336 2127 370 cun·

320 394 530 435 ctanter
578 384 859 454 excepisse
924 384 1211 436 victoriam
1268 383 1632 437 crederentur.
1690 385 1769 437 ita
1819 387 2025 457 trepidi·
2058 398 2122 440 ‘et

321 454 592 522 utrimque
620 454 770 506 anxii
801 465 1032 507 coeunt:
1073 471 1232 506 nemo
1277 454 1530 524 privatim
1568 455 1828 524 expedito
1873 457 2121 522 consiliu,

320 522 462 575 inter
491 525 688 576 multos
722 524 982 575 societate
1023 523 1200 594 culpae
1235 523 1423 576 tutior.
1499 523 1780 577 Onerabat
1806 528 2120 595 paventium

319 612 474 646 curas
504 594 657 646 Ordo
677 593 1031 657 Mutinensia,
1051 612 1201 645 amna
1227 594 1274 646 el
1310 593 1579 662 pecuniam
1606 594 1902 659 offerend0‚
1936 597 2119 667 adpel-

235 682 301 729 53
320 663 572 745 labatque
602 662 789 715 Patres
814 661 1150 733 ConscriptoS,
1175 663 1559 744 intempestivo
1578 663 1805 718 honore.
1862 667 2121 720 Notabile

214 1678 283 1725 54

307 735 557 804 ¹jurgium
585 733 710 785 inde
732 733 853 795 fuit,
870 751 979 802 quo
1004 733 1246 786 Licinius
1271 734 1497 787 Caecina
1523 733 1844 787 Marcellum
1871 735 2117 807 Eprium,

311 813 372 856 vt
397 804 639 874 ambigua
665 803 996 867 disserentem,
1027 804 1245 856 invasit.
1323 804 1373 856 N
1380 821 1443 856 ec
1479 805 1647 857 ceteri
1674 807 1968 859 sententias
1995 825 2124 878 ape-

310 876 559 926 riebant:
601 873 692 924 sed
735 873 971 924 invisum
1019 875 1280 926 memoria
1316 873 1670 941 delationum,
1696 877 2117 948 expositumque

309 945 377 996 ad
430 944 708 1007 invidiam,
762 942 1013 996 Marcelli
1071 961 1271 996 nomen
1332 944 1648 998 inritaverat
1708 945 2006 1011 Caecinam,
2054 959 2118 1001 ut

308 1033 482 1066 novus
510 1014 706 1077 adhue,
730 1014 862 1066 etin
893 1014 1153 1066 Senatum
1191 1031 1364 1084 nuper
1399 1014 1657 1081 adscitus,
1685 1019 1897 1087 magnis
1933 1018 2114 1070 iuimi-

306 1085 453 1136 citiis
506 1084 840 1137 claresceret.
916 1084 1303 1137 Moderatione
1354 1084 1637 1137 meliorum
1690 1086 1965 1158 dirempti.
2041 1087 2117 1141 Et

307 1156 512 1207 rediere
545 1172 732 1208 omnes
758 1153 1086 1219 Bononiam,
1119 1172 1298 1206 rursus
1336 1155 1692 1209 consiliaturi:
1730 1156 1908 1223 simul,
1933 1158 2115 1224 medio

308 1226 588 1296 temporiS,
619 1225 794 1306 plures
825 1226 1003 1277 nuntii
1038 1226 1411 1296 sperabantur.
1489 1226 1776 1291 Bononiae,
1801 1226 1990 1280 divisis
2019 1243 2116 1300 per

307 1297 518 1360 itinera,
547 1314 637 1365 qui
662 1295 1094 1365 recentissimum
1122 1313 1393 1365 quemque
1422 1307 1920 1366 percunctarentur,
1945 1298 2114 1352 iuter·

297 1382 363 1418 ‘ro
370 1380 528 1436 gatus
558 1366 795 1418 Othonis
820 1367 1042 1418 libertus
1068 1383 1293 1418 caussam
1319 1366 1583 1437 digressus,
1607 1366 1792 1420 habere
1814 1386 1864 1420 se
1880 1382 2112 1438 suprema

302 1439 407 1507 ejus
429 1436 672 1488 mandata
701 1436 1011 1507 respondit:
1051 1436 1213 1506 ipsa-m
1243 1435 1487 1489 viventem
1513 1436 1715 1508 quidem
1744 1437 1990 1503 relictum,
2026 1439 2115 1492 sed

293 1507 406 1575 'sola
447 1506 754 1576 posteritatis
799 1524 922 1558 cura
970 1515 1017 1559 et
1064 1507 1296 1576 abruptis
1340 1507 1459 1559 vita:
1507 1507 1881 1561 blandimentis.
1958 1509 2111 1564 Hinc'

301 1578 587 1630 admiratio
621 1590 674 1629 et
704 1578 857 1647 plura
883 1577 1255 1649 interrogandi
1286 1576 1492 1648 pudor:
1533 1579 1973 1648 atque-omnium.
1993 1581 2108 1633 ani*

304 1648 373 1699 mi
405 1649 457 1700 in
490 1647 768 1700 Vitellium
797 1647 1145 1700 inclinavere.
1218 1646 1484 1699 Intererat
1522 1648 1762 1701 consiliis
1794 1649 1958 1702 frater
1990 1650 2109 1721 ejus

291 1719 364 1770 L.
395 1719 662 1782 VitelliuS‚
700 1736 862 1787 seque
891 1719 1008 1787 jam
1038 1718 1384 1772 adulantibus
1411 1718 1695 1783 offerebat,
1730 1737 1858 1773 cum
1885 1733 2106 1790 repente

299 1790 550 1856 CoessnuS,
575 1790 797 1843 libertus
842 1789 1095 1855 Neronis,
1133 1790 1305 1841 atroci
1346 1790 1630 1842 mendacio
1669 1790 1948 1844 universos
1987 1810 2109 1862 per-

344 1910 536 1946 Societate
556 1910 680 1958 σαίρω
698 1907 836 1957 tutior]
860 1909 976 1954 Puto,
995 1909 1169 1946 tutiore-5.

292 1964 404 2000 L1Ps.
452 1962 536 1999 MS.
573 1963 670 2010 Agr.
695 1963 842 1999 'tutiore
873 1972 927 1997 sc.
957 1963 1168 1998 societate:

290 2017 408 2064 idque
443 2016 566 2052 edidit
599 2015 786 2063 Ryckius.
838 2015 928 2052 „Sed
961 2015 1020 2051 ita
1050 2015 1170 2063 friget

289 2071 390 2106 inter
423 2071 579 2106 multos.
636 2069 767 2105 luten.
805 2070 966 2117 quisque
1000 2079 1021 2104 e
1049 2080 1170 2106 nemo.

289 2123 397 2160 ERN.
451 2122 555 2160 Bud.
592 2124 727 2160 tutior.
760 2122 814 2158 sic
861 2126 902 2159 et
946 2123 1036 2159 Put.
1083 2121 1170 2159 Alc.

288 2176 418 2212 Rhen.

346 2231 449 2267 Ordo
473 2228 728 2279 Blacinens-is]
762 2230 807 2266 Id
833 2233 908 2273 est,
927 2227 1168 2265 Decuriones

287 2282 594 2327 Mutinensiu1n‚
620 2285 700 2318 sive
728 2284 911 2326 Senatus,
937 2282 1005 2329 qui
1023 2282 1065 2317 in
1082 2292 1169 2318 mu-

287 2337 443 2384 nicipiis
462 2340 500 2372 et
519 2337 682 2373 coloniis
699 2336 928 2384 simpliciter
946 2335 1037 2372 ordo
1055 2345 1167 2370 voca-

285 2388 417 2427 batur.
449 2390 543 2426 Mox
569 2401 640 2438 pro
658 2391 890 2438 conscriptos
921 2387 1004 2424 MS.
1034 2388 1166 2424 Guelf.

285 2444 374 2479 edd.
409 2443 559 2480 Puteol.
590 2444 683 2480 Ber.
713 2443 796 2479 Alc.
825 2442 927 2478 male
957 2442 1166 2486 comultos,

284 2496 387 2544 quod
415 2508 435 2532 e
455 2496 685 2543 compendio
703 2495 897 2532 scribendi
922 2498 1060 2531 natum
1088 2499 1164 2532 est.

283 2551 392 2586 ERN.
431 2550 533 2587 Bud.
552 2554 593 2586 et
611 2551 702 2586 inde
720 2550 847 2586 Rhen.
866 2550 1112 2596 conscriptos.

338 2604 524 2640 Notabile
546 2604 636 2640 inde
650 2603 841 2652 jurgium
860 2601 967 2650 fuit]
988 2602 1162 2648 Ryckius

283 2667 304 2692 e
333 2657 418 2694 cod.
447 2658 541 2704 Agr.
568 2657 705 2701 edidit,
737 2656 918 2693 Notabile
946 2657 988 2693 in
1018 2656 1162 2703 Vergi-

281 2711 390 2747 nium
412 2711 519 2757 ficit,
546 2711 658 2759 qaod.
687 2714 824 2758 estque
854 2709 909 2745 sic
935 2713 976 2744 et
1002 2709 1045 2744 in
1074 2708 1160 2745 MS.

280 2764 377 2811 Reg.
408 2765 525 2801 male.
553 2774 623 2799 nec
651 2762 875 2800 commodus
906 2761 997 2798 inde
1020 2771 1159 2798 sensus

280 2817 467 2854 nascitur.
535 2817 754 2865 Vulgatum
782 2827 931 2853 verum.
999 2816 1156 2853 Gaecina

279 2875 414 2907 autem
442 2871 511 2918 qui
539 2870 607 2916 sit,
638 2874 848 2918 propterea
882 2867 986 2917 quod
1020 2869 1155 2917 plures

278 2928 564 2968 memorantur,
582 2925 745 2962 definire
762 2923 917 2959 difficile
937 2925 1009 2958 est.
1044 2923 1084 2959 A
1108 2922 1155 2960 C.

278 2976 434 3023 quidem
465 2977 621 3013 Caecina
652 2978 779 3025 Largo
816 2975 1002 3020 Consule,
1035 2980 1077 3013 et
1111 2975 1154 3013 Ρ.

277 3031 431 3081 Cpcina
458 3030 584 3078 Largo
609 3030 658 3068 A.
691 3035 755 3076 ll,
782 3034 850 3067 ³8.
877 3029 1053 3066 diversus
1077 3033 1152 3066 est.

274 3083 383 3120 Eam.
420 3084 519 3119 Cum
561 3083 644 3119 cod.
690 3085 789 3131 Agr.
822 3083 904 3119 fere
937 3081 1034 3118 facit
1064 3082 1152 3121 cod.

274 3135 379 3173 Flor.
413 3136 516 3173 Bud.
551 3136 756 3182 vulgatum
787 3140 914 3181 tenet,
932 3135 1036 3184 quod
1070 3146 1153 3172 ser-

271 3193 369 3226 vant
388 3187 486 3224 bene
505 3189 673 3226 editores
691 3190 940 3225 recentiores.

328 3243 567 3279 Inritaverat
590 3241 651 3291 C.]
677 3242 837 3280 Lallem.
857 3253 946 3279 cum
966 3241 1146 3278 Acidalio

273 3294 410 3332 mallet
430 3296 675 3333 invitaverat.

326 3349 481 3386 Rursus
498 3346 755 3397 consiliaturi]
784 3346 875 3384 Non
894 3350 1020 3383 muto.
1063 3346 1148 3383 Ho-

269 3402 398 3440 ratius
412 3412 460 3438 eo
476 3400 596 3439 verbo
614 3408 708 3438 usus
728 3400 812 3438 Ode
830 3405 872 3446 8,
889 3405 930 3445 8,
953 3405 1015 3438 17.
1048 3400 1147 3436 Gra·

268 3463 354 3494 tum
368 3455 519 3493 elocuta
535 3455 829 3493 consiliantibus
839 3454 995 3491 Junone
1006 3452 1142 3497 Divis,

268 3515 309 3547 et
324 3508 406 3548 alii.
460 3509 572 3548 Ln’s.
625 3507 797 3557 Ryckius
825 3519 846 3545 e
865 3507 948 3547 cod.
965 3518 1037 3547 suo
1060 3507 1141 3545 edi·

1224 1907 1283 1944 dit
1316 1907 1544 1945 consulturi.
1603 1908 1831 1946 Praeferrem
1866 1909 2105 1959 scripturam

1224 1962 1358 2000 Guelf.
1401 1962 1674 2008 consultatur-i,
1721 1974 1809 2010 quae
1853 1963 2014 2011 propius
2052 1965 2102 2002 ad

1223 2014 1429 2063 vulgatum
1465 2015 1631 2059 accedit,
1678 2020 1815 2064 estque
1849 2020 1891 2053 et
1933 2017 1976 2053 in
2011 2015 2102 2056 MS.

1223 2069 1341 2105 Harl.
1361 2068 1474 2105 Bodl.
1493 2073 1568 2105 ete.
1625 2069 1672 2105 In
1700 2069 1773 2105 hoc
1795 2069 1916 2107 verbo
1933 2070 2099 2108 alteram

1222 2121 1411 2169 syllabam
1429 2121 1595 2159 subinde
1612 2123 1649 2159 si
1665 2122 1781 2158 scribi
1800 2123 1841 2159 in
1854 2122 1965 2161 MSS.
1981 2135 2102 2173 supra

1209 2174 1303 2228 jam
1321 2175 1490 2213 vidimus
1505 2175 1555 2212 ad
1571 2173 1678 2212 Ann-
1695 2181 1737 2221 8,
1753 2178 1820 2212 46.
1839 2175 1930 2213 inde
1948 2177 2101 2225 reliqua

1222 2228 1450 2276 depravatio
1467 2229 1573 2265 nasci
1592 2229 1735 2276 potuit.
1764 2229 1836 2266 Sed
1850 2231 2100 2269 consiliaturi

1222 2292 1359 2319 verum
1388 2285 1499 2330 pute.
1531 2283 1647 2329 idque
1674 2281 1838 2320 verbum
1858 2283 1959 2320 male
1978 2291 2102 2332 negat

1223 2333 1388 2382 probum
1423 2347 1506 2372 esse
1553 2335 1737 2383 RyckiuS.
1777 2336 1826 2373 V.
1862 2337 2009 2374 Davies
2046 2338 2096 2375 ad

1222 2389 1319 2426 Caes.
1338 2389 1389 2426 B.
1412 2390 1456 2424 C.
1475 2394 1512 2432 l,
1533 2393 1594 2427 19.
1607 2388 1693 2434 ubi,
1709 2393 1754 2424 ut
1773 2393 1814 2425 et
1829 2401 1866 2426 c.
1880 2395 1944 2428 73.
1960 2391 2095 2428 eadem

1221 2442 1387 2478 variatio
1422 2441 1640 2478 librorum:
1686 2441 1754 2477 sed
1788 2443 2022 2480 consiliandi
2054 2449 2096 2481 et

1219 2496 1514 2532 cominantibus
1531 2498 1636 2530 recte
1655 2495 1864 2533 retinetur.
1908 2497 2094 2536 Ceterum

1219 2547 1382 2584 verbum
1417 2548 1622 2585 consiliare
1653 2547 1820 2584 subinde
1858 2559 1883 2584 a
1921 2548 2095 2588 librariis

1217 2601 1521 2649 Longobardicis
1536 2601 1691 2638 illatum
1706 2601 1817 2638 libris
1829 2601 1970 2652 docent
1981 2603 2094 2642 MSS.

1215 2654 1332 2699 Livii,
1362 2655 1404 2691 in
1431 2653 1574 2702 quibus
1598 2666 1676 2691 non
1703 2666 1785 2691 uno
1807 2653 1898 2691 loco*
1910 2657 2093 2694 nonnulli

1212 2707 1253 2743 id
1283 2707 1446 2745 verbum
1477 2707 1679 2744 exhibent.
1725 2707 1774 2745 V.
1807 2707 2009 2746 Drakenb.
2038 2711 2089 2748 ad

1210 2761 1432 2808 Epit.125.
1474 2762 1585 2799 Ean.
1636 2761 1894 2798 consiliatam·
1909 2762 2091 2801 firmatur

1209 2813 1293 2851 cod.
1323 2815 1430 2852 Flor.
1457 2814 1563 2852 Bud.
1594 2814 1694 2862 Reg.
1724 2813 1824 2852 Lali.
1853 2814 1928 2852 Sed
1955 2815 2086 2855 Rhea.
2104 2810 2114 2815 χ
2137 2820 2142 2825 “

1208 2867 1365 2905 volebat
1380 2868 1615 2912 eonsilituri,
1634 2871 1682 2904 ut
1697 2867 1747 2905 A.
1763 2873 1806 2913 8,
1821 2870 1888 2904 46.
1905 2870 1945 2913 6,
1959 2870 2027 2908 86.
2043 2870 2087 2908 in

1206 2924 1322 2958 textu
1351 2924 1486 2958 autem
1518 2921 1650 2968 posuit
1669 2921 1938 2966 constructuri,
1956 2932 2006 2959 ex
2023 2922 2087 2960 in·

1205 2974 1338 3022 genio,
1355 2980 1402 3011 ut
1419 2974 1588 3012 videtur.
1642 2974 1717 3011 Pro
1733 2973 1895 3021 vulgato
1919 2974 2015 3013 facit
2040 2981 2086 3014 et

1207 3027 1308 3065 Hor.
1323 3031 1402 3065 art.
1419 3028 1529 3065 Poet.
1551 3029 1642 3066 196.

1259 3082 1356 3118 Sola
1367 3081 1606 3131 poetes-itatis
1621 3075 1735 3127 eura]
1765 3077 1873 3126 Non,
1890 3080 2086 3128 quomodo

1205 3133 1327 3172 vitam
1372 3133 1663 3183 Imperiumque
1707 3138 1972 3179 conservaret,
2013 3133 2084 3172 ted

1205 3187 1398 3235 quomodo
1413 3187 1580 3235 posteris
1596 3185 1841 3229 laudaretur,
1857 3190 2081 3234 curantem,

1203 3240 1243 3278 h.
1263 3251 1297 3278 e.
1315 3241 1416 3276 mori
1431 3238 1588 3276 sortirer
1606 3238 1877 3277 meditantem.
1896 3259 1898 3261 -
1933 3239 2045 3279 Ean.

1249 3295 1312 3330 Se.
1341 3293 1383 3341 j.
1418 3293 1527 3330 adut.
1571 3290 1770 3341 offerebat]
1820 3292 1848 3328 i.
1893 3292 2078 3339 parabat.

1200 3345 1450 3390 ostendebat,
1476 3356 1518 3381 se
1544 3349 1743 3393 paratum,
1761 3343 1900 3381 audire
1916 3349 1959 3382 et
1974 3349 2078 3384 acci·

1199 3410 1292 3447 pere
1309 3398 1570 3436 adulationes.
1625 3399 1736 3436 Eme,

1254 3453 1392 3490 Coenns
1422 3453 1488 3489 lib.
1525 3450 1639 3500 Ner]
1690 3451 1753 3488 Sic
1789 3450 1895 3490 Flor.
1926 3451 2074 3501 aliique

1194 3505 1307 3546 MSS.
1364 3507 1503 3544 Caenus
1521 3504 1653 3545 Guelf.
1714 3504 1901 3543 camenus
1924 3504 1987 3544 ed.
2012 3516 2071 3553 pr.
