2190 3880
410 213 413 215 ,
456 166 555 223 DE
584 149 891 220 mom-sus
921 161 1314 220 GERMAmAE
1344 166 1486 219 cAr.
1519 170 1602 217 ss.

120 297 268 362 enim
305 294 450 358 uliud
488 295 666 361 nobis,
693 312 854 366 quam
891 292 1099 353 caedem
1142 291 1343 358 Crassi,
1370 292 1567 348 amisso
1604 291 1807 364 etipso
1835 292 1942 356 Pa.

119 368 434 435 corminfra
474 368 790 423 Ventidium
830 366 1073 437 dejectus
1122 363 1324 424 Oriens
1362 366 1660 435 objecerit?
1698 366 1774 425 At
1801 367 1943 421 Ger·

117 442 266 505 muni
310 440 565 495 Carbone
589 453 645 494 et
674 440 865 496 Cassio
891 452 947 492 et
981 439 1189 494 Scauro
1227 435 1452 497 -Aurelio
1475 450 1530 494 et
1557 438 1786 492 Servilio
1816 439 1943 500 Cae.

117 514 302 586 piene,
333 513 437 569 Cn.
475 531 694 585 quoque
732 510 946 571 Manlio
984 509 1136 575 fusis,
1166 508 1252 568 vel
1287 508 1480 580 captis,
1503 509 1742 580 quinque
1780 511 1942 567 simul

119 583 446 646 Consulares
470 585 745 643 ‚exercitus
778 583 990 655 Populo
1028 582 1298 646 Romanu,
1321 581 1544 645 Varum,
1575 591 1786 651 tresque
1812 602 1940 639 cum

115 673 184 716 eo
211 657 472 740 legiones,
497 658 662 713 etiam
693 655 900 709 Caesari
927 654 1283 713 abstulerunt.
1357 671 1457 706 nec
1486 652 1687 722 inpune
1717 653 1784 706 C.
1811 653 1940 708 Ma-

118 728 230 790 rius
260 746 314 788 tn
344 727 520 793 Italia,
551 728 623 782 D.
656 727 835 786 Julius
864 726 915 779 in
948 725 1146 791 Gallia,
1175 725 1386 785 Drusus
1423 742 1486 779 ac
1526 725 1674 784 Nero
1717 736 1771 785 et
1799 725 1942 783 Ger-

117 800 364 854 manicus
393 801 446 854 in
486 801 595 853 suis
621 817 712 852 eos
738 798 953 851 sedibus
984 797 1342 869 perculerunt.
1420 794 1563 849 Mox
1594 796 1839 868 ingentes
1870 797 1937 851 C.

119 870 354 931 Caesaris
394 872 555 927 minae
583 872 637 925 in
667 870 958 924 ludibrium
989 888 1175 927 versae.
1250 868 1387 922 Inde
1422 867 1615 934 otium,
1645 870 1820 924 donec
1844 888 1940 923 oc-

114 943 337 998 casione
361 943 649 996 discordiae
678 953 877 996 nostrae
913 953 969 995 et
1006 941 1247 1010 civilium
1287 958 1579 1006 armorum,
1605 942 1938 1014 expugnatis

114 1013 397 1087 legionum
447 1015 705 1082 hiberniS,
744 1015 906 1068 etiam
961 1013 1172 1067 Gallias*
1215 1011 1587 1066 adfectavere:
1640 1031 1704 1066 ac
1755 1032 1936 1067 rursus

115 1086 258 1159 pulsi
287 1086 431 1153 inde,
461 1089 724 1159 proximis
764 1085 1098 1158 temporibus
1124 1084 1442 1156 triumphati
1467 1084 1639 1156 magis
1666 1103 1827 1156 quam
1857 1087 1939 1140 vi-

111 1158 191 1212 eti
217 1170 363 1213 sunt.
439 1159 604 1213 Nunc
639 1159 708 1212 de
734 1159 926 1212 Suevis
952 1158 1241 1211 dicendum
1280 1166 1380 1222 est,
1407 1174 1638 1226 quorum
1674 1175 1779 1210 non
1812 1175 2022 1226 une-‚38

114 1243 176 1285 ut
205 1229 492 1285 Cattorum
520 1231 998 1294 Tencterorumve,
1025 1248 1188 1302 gens:
1231 1228 1490 1299 majorem
1520 1228 1665 1284 enim
1708 1229 1939 1292 Germa-

114 1302 224 1368 niae
273 1315 479 1374 partem
525 1303 794 1369 obtinent,
837 1302 1069 1375 propriis
1111 1301 1290 1357 adhuc
1346 1298 1657 1353 nationibus
1700 1303 1940 1356 nomini-

115 1375 339 1446 busque
378 1375 616 1441 discreti,
643 1392 969 1446 quamquam
1019 1374 1416 1443 incommune
1459 1371 1616 1425 Saevi
1654 1386 1939 1429 vocentur.

116 1442 345 1520 Insigne
368 1448 548 1520 gentis
575 1447 856 1520 obliquare
882 1446 1088 1518 crinem
1115 1445 1370 1519 nodoque
1395 1445 1784 1517 substringere.
1844 1447 1940 1502 Sic

1843 171 1948 223 389-

112 1613 256 1652 meo
281 1613 367 1664 ipso
396 1609 552 1652 Pacoro
579 1619 616 1652 et
641 1614 724 1665 ipse
749 1614 777 1652 i.
811 1613 863 1653 V.
879 1612 920 1652 d.
949 1612 998 1653 Ο.

110 1667 188 1707 obi.
241 1668 303 1706 De
318 1667 504 1706 Ventidio
522 1668 608 1706 vide
626 1669 729 1707 Gell.
753 1674 817 1716 15,
835 1673 875 1706 4.

168 1722 305 1761 Cassio
318 1729 356 1762 et
371 1724 522 1762 Scauro
536 1724 701 1770 Aurelio
712 1722 806 1773 etc.]
838 1722 997 1773 Duplex

112 1776 323 1829 difficultas
362 1788 412 1815 ex
451 1777 492 1816 h.
533 1777 561 1816 l.
607 1779 795 1829 nectitur.
866 1779 998 1816 Prima

117 1830 253 1882 (quam
279 1836 411 1871 movet
430 1832 609 1870 Freinsh.
627 1834 675 1870 ad
693 1833 800 1871 Flor.
826 1838 869 1879 3,
888 1831 945 1884 3.)
976 1843 998 1870 e

113 1886 293 1924 dissensu
328 1887 492 1926 caesaris
526 1886 576 1924 B.
605 1888 656 1925 G.
697 1892 734 1934 l,
755 1891 795 1935 7,
830 1892 892 1926 12.
929 1888 997 1938 qui

114 1941 294 1980 Cassium
320 1941 371 1978 ab
400 1941 613 1988 Helvetiis,
627 1942 859 1980 nominatim
874 1942 997 1991 Tigu·

112 1995 227 2043 riuis,
246 1995 406 2045 pulsum
423 1999 463 2033 et
482 1995 710 2045 subjugum
730 1997 893 2034 missum
915 2000 997 2034 tra-

113 2050 186 2088 dit.
216 2050 289 2088 'Ei
316 2051 488 2089 occurrit
515 2051 678 2100 Pighius
707 2051 748 2089 in
775 2051 925 2090 Annal.
945 2051 996 2089 ad

113 2116 152 2144 a.
177 2104 340 2144 Vsu-16.
386 2106 490 2144 Add.
508 2105 761 2155 Oudendorp.
777 2107 825 2143 ad
838 2107 935 2144 Caes.
958 2111 993 2151 1,

117 2162 179 2198 12.
195 2160 265 2208 qni
294 2158 396 2198 bene
422 2160 549 2207 docet,
569 2159 702 2198 Gallos
730 2160 804 2198 sub
830 2161 995 2198 Germa-

113 2225 256 2253 norum
283 2215 442 2253 nomine
475 2214 680 2254 contineri.
713 2214 851 2252 Altera
876 2219 935 2252 est
970 2227 993 2253 e

111 2268 303 2318 temporis
337 2267 503 2307 ratione.
558 2269 676 2314 Nam,
704 2280 793 2307 cum
823 2269 993 2307 Scaurus

114 2326 208 2360 ante
241 2323 423 2361 Cassium
461 2323 613 2362 ‘Consul
643 2324 782 2370 fuerit,
807 2335 828 2360 e
864 2324 992 2362 Fastis

114 2376 350 2424 Cassiodori,
368 2378 502 2416 Scauri
530 2376 658 2416 clades
683 2379 872 2416 Cassiana
888 2379 996 2428 prior

112 2431 272 2470 videtur
289 2431 451 2481 sigonio
469 2433 510 2470 in
528 2433 670 2471 Fastis.
711 2434 860 2473 Contra
879 2445 995 2484 quem

113 2485 295 2535 disputat
319 2487 529 2535 diligenter
546 2487 741 2525 cellarius
759 2487 800 2524 in
826 2487 932 2526 Diss.
949 2489 996 2525 de

114 2539 285 2579 Cimbris
301 2545 344 2578 et
364 2541 484 2579 Teut.
505 2542 542 2587 §.
569 2546 630 2582 17.
650 2554 732 2591 sqq.
752 2543 820 2590 qui
845 2542 995 2580 cladem

113 2593 270 2634 Aurelii
297 2594 434 2634 Scauri
460 2598 660 2644 acceptam
689 2599 819 2645 putat,
851 2596 996 2634 Scauro

111 2648 259 2698 legato,
277 2659 358 2687 non
386 2650 573 2697 Consule,
589 2649 856 2700 adstipulante
884 2650 995 2700 Epit.

112 2702 199 2744 Ην.
236 2705 303 2746 67.
348 2707 391 2744 et
422 2707 512 2755 post
546 2704 676 2744 Cassii
719 2704 993 2744 Consulatum.

113 2757 225 2800 Bau.

164 2811 229 2853 Μ.
253 2811 430 2865 Manlio]
461 2811 752 2852 Freinshemius
774 2811 996 2862 corrigebat

114 2866 161 2907 G.
178 2877 201 2905 c
219 2867 306 2906 Liv.
322 2868 417 2916 epit.
442 2870 508 2909 6⁵7.
539 2868 660 2906 Male.
678 2869 824 2906 Verum
845 2879 996 2918 praeno·

112 2931 206 2962 men
233 2919 296 2960 'cst
321 2922 396 2961 Cu.
426 2922 528 2972 quod
556 2923 592 2959 ei
614 2922 808 2967 tribuitur
831 2934 897 2972 ap.
928 2922 994 2960 Ci-

111 2985 311 3023 ceronem,
339 2976 678 3014 consentientibus
717 2977 830 3015 bonis
866 2976 994 3023 libris,

116 3027 221 3081 (loca
237 3029 316 3071 vid.
332 3029 374 3068 in
395 3030 514 3068 Clave
533 3030 675 3082 Cicer.)
696 3032 813 3069 inser.
837 3030 991 3080 antiqu.

111 3093 177 3134 ap.
187 3084 306 3124 arnt.
319 3095 358 3136 p.
369 3089 461 3126 207.
482 3084 530 3123 In
540 3086 710 3135 epitome
725 3085 890 3124 Liviana
901 3085 993 3122 libri

113 3138 230 3178 modo
258 3137 320 3177 M.
350 3139 466 3176 modo
494 3138 536 3177 C.
566 3140 729 3186 habent,
748 3140 904 3189 quidam
932 3142 993 3176 ta-

114 3203 208 3231 men
230 3191 300 3231 Gt.
329 3193 447 3244 idque
477 3200 583 3231 recte
603 3194 669 3244 ¹ibi
699 3193 876 3232 restituit
892 3194 995 3230 Dra-

114 3245 233 3286 kenb.
252 3248 324 3296 qui
350 3242 451 3287 bene
478 3249 627 3296 monet,
647 3249 740 3286 huic
765 3249 994 3297 praeuomini

115 3311 219 3350 sepe
246 3299 310 3340 M.
341 3306 382 3339 et
402 3303 446 3340 C.
472 3302 674 3342 substitui.
728 3302 995 3341 Consentiunt

114 3355 186 3394 alii
202 3354 277 3402 viri
294 3355 411 3401 docti.
426 3360 473 3394 ut
489 3359 597 3395 Cort.
614 3358 663 3395 ad
682 3356 775 3402 Sall.
789 3358 885 3406 Jug.
907 3357 996 3394 114.

117 3409 187 3462 qui
203 3412 338 3457 tamen
365 3411 430 3449 M.
446 3411 614 3449 servavit
629 3424 642 3459 ;
671 3422 751 3450 non
777 3411 892 3458 bene,
906 3422 995 3448 cum

118 3463 240 3511 etiam
272 3463 356 3503 cod.
393 3476 465 3503 scr.
499 3465 677 3510 haberet,
708 3464 750 3502 in
797 3477 874 3514 qno
928 3464 996 3504 Cn.

118 3521 234 3558 esset.
287 3518 373 3567 Ego
407 3530 542 3558 verum
575 3524 612 3557 et
638 3519 802 3558 minime
829 3519 996 3561 dubium

117 3580 357 3622 prenomen,
374 3572 479 3623 quod
507 3573 668 3613 Tacitus
689 3574 867 3623 ignorare
886 3573 998 3619 nullo

119 3626 235 3669 modo
266 3626 414 3680 potuit,
448 3625 513 3680 (ut
544 3639 618 3669 nec
650 3628 751 3668 iilud
786 3626 999 3678 ignoravit,

1051 1611 1224 1650 Manlios
1241 1610 1479 1662 praenomine
1506 1610 1569 1649 M.
1587 1608 1704 1661 plane
1719 1610 1937 1652 abstinuis-

1052 1666 1110 1718 se)
1131 1678 1319 1716 reponere
1338 1677 1418 1703 non
1437 1666 1629 1704 dubitavi.
1683 1667 1849 1706 Secutus
1866 1681 1937 1707 ex-

1052 1722 1225 1771 emplum
1256 1725 1435 1758 nostrum
1469 1725 1528 1758 est
1561 1721 1780 1760 Broterius.
1836 1723 1936 1765 eod.

1052 1776 1183 1826 Kapp.
1236 1775 1283 1828 (s.
1335 1776 1396 1813 ed.
1440 1774 1556 1827 Nor.)
1599 1776 1771 1814 Mallio.-
1830 1778 1935 1826 quod

1052 1843 1153 1881 saepe
1179 1835 1240 1868 est
1257 1830 1298 1868 in
1327 1829 1437 1867 libris
1470 1842 1544 1868 scr.
1563 1833 1603 1867 et
1620 1830 1706 1867 edd.
1724 1843 1796 1880 pro
1812 1832 1936 1870 Man-

1050 1887 1121 1925 lio.
1176 1886 1284 1924 Idem
1310 1895 1400 1922 mox
1425 1886 1567 1935 populi
1603 1886 1787 1931 Romani,
1817 1886 1934 1927 male.

1050 1938 1161 1978 Eun.
1215 1941 1332 1978 Forte
1377 1943 1511 1976 tamen
1554 1939 1653 1976 nihil
1697 1942 1934 1982 mutandum

1049 1998 1183 2032 monet
1208 1994 1396 2042 Conting.
1414 1994 1516 2043 quod
1542 1994 1639 2032 talia
1669 1992 1935 2047 ἁμαρτήματι

1047 2047 1255 2098 pampinus&
1282 2052 1402 2085 etiam
1433 2049 1592 2098 optimis
1621 2049 1848 2086 auctoribus
1871 2050 1935 2087 in-

1047 2104 1204 2141 terdum
1223 2102 1428 2152 obrepunt.
1484 2102 1569 2141 MS.
1599 2103 1721 2152 Long.
1740 2105 1932 2154 expressis

1047 2157 1192 2195 litteris
1250 2158 1390 2196 Marco
1445 2157 1617 2195 Manlio.
1684 2158 1760 2196 Ed.
1784 2157 1789 2160 ⁴
1817 2158 1934 2198 Rom.

1045 2212 1186 2251 Marco
1202 2213 1362 2259 Mallio,
1380 2213 1504 2249 forma
1531 2213 1681 2259 Graeca,
1698 2211 1788 2249 dein
1807 2217 1848 2250 et
1857 2226 1932 2263 po·
1975 2235 1977 2237 >

1040 2268 1134 2316 puli
1161 2267 1344 2304 Romani.
1400 2268 1584 2304 Ceterum
1611 2267 1660 2303 de
1690 2269 1931 2316 praenomine

1047 2322 1123 2358 isto
1136 2333 1171 2358 v.
1186 2322 1266 2358 Cic.
1281 2320 1380 2358 Phil.
1403 2327 1439 2366 1,
1461 2326 1522 2358 13.
1558 2319 1619 2358 cf.
1641 2325 1681 2358 et
1698 2322 1863 2371 interpr.
1881 2322 1935 2361 ad

1048 2375 1150 2414 Veu.
1170 2381 1210 2421 2,
1234 2381 1296 2413 12.
1312 2375 1359 2412 de
1378 2376 1535 2412 nomine
1549 2377 1647 2424 ipso.

1103 2430 1308 2468 Proximis
1322 2428 1569 2480 temporibus]
1602 2429 1864 2467 Referendum
1881 2428 1933 2468 ad

1050 2484 1269 2521 Domitiani
1288 2488 1481 2531 tempora,
1495 2484 1563 2533 qui
1581 2483 1628 2520 de
1648 2485 1775 2521 Cattis
1789 2485 1934 2523 trium-

1050 2538 1171 2587 phum
1213 2538 1346 2575 duxit:
1393 2538 1460 2574 sed
1499 2549 1643 2575 vanum
1678 2542 1718 2575 et
1759 2539 1932 2578 irrisum.

1049 2592 1263 2629 Suetonius
1299 2604 1332 2628 c.
1363 2594 1405 2630 6.
1439 2596 1481 2630 et
1516 2596 1651 2629 noster
1691 2593 1854 2630 Tacitus
1887 2594 1932 2631 in

1048 2645 1234 2694 Agricola
1260 2651 1324 2686 39.
1354 2647 1488 2684 Inerat
1520 2648 1767 2693 conscientia,
1784 2648 1933 2695 derisui

1047 2713 1172 2751 nuper
1175 2702 1307 2751 [ιιὶεεε
1313 2702 1469 2749 falsum
1500 2713 1519 2739 e
1552 2701 1759 2740 Germania
1790 2704 1933 2739 trium-

1042 2757 1179 2805 phum.
1234 2757 1346 2793 ers.

1107 2809 1315 2861 Obliquare
1340 2808 1499 2861 crinem]
1534 2808 1748 2859 obliquare
1764 2809 1930 2857 crinem,

1049 2864 1143 2913 quin
1162 2865 1382 2913 significare
1402 2866 1539 2912 possit,
1555 2865 1742 2912 crispare,
1760 2876 1839 2901 non
1858 2865 1932 2901 du-

1048 2917 1146 2956 bito.
1201 2919 1277 2956 sed
1297 2919 1336 2957 id
1361 2930 1439 2956 non
1460 2922 1520 2956 est
1546 2919 1584 2956 h.
1606 2919 1633 2956 l.
1649 2924 1692 2956 ut
1724 2919 1931 2968 sequentia

1050 2972 1168 3010 verba
1194 2973 1384 3019 indicant,
1403 2973 1546 3022 quibus
1569 2974 1649 3010 haec
1667 2974 1932 3022 explicantur.

1048 3027 1318 3077 Obliquantur
1340 3029 1482 3073 crines,
1502 3039 1588 3065 cum
1610 3040 1656 3065 ex
1677 3028 1771 3076 ipsis
1795 3028 1840 3065 fit
1859 3039 1931 3065 no-

1047 3082 1134 3128 dus,
1147 3086 1194 3120 ut
1212 3082 1310 3118 bene
1334 3083 1545 3119 Salmasius
1574 3083 1622 3119 ad
1641 3082 1762 3120 Solin.
1779 3093 1819 3131 p.
1834 3088 1930 3121 535.

1047 3136 1156 3174 Eas.
1211 3137 1296 3174 MS.
1318 3135 1482 3174 Humm.
1502 3137 1688 3184 obligare.

1103 3191 1291 3241 N'odoque
1323 3191 1598 3241 substringere]
1639 3191 1757 3232 Quod
1790 3190 1930 3228 Suevis

1047 3246 1204 3295 proprie
1238 3245 1383 3282 tribuit
1423 3250 1572 3291 noster,
1606 3245 1675 3282 alii
1720 3245 1928 3282 Germanis

1049 3301 1180 3349 vulgo.
1236 3299 1383 3337 Seneca
1411 3299 1458 3336 de
1488 3300 1553 3336 1ra
1570 3306 1611 3344 3,
1631 3303 1696 3337 26.
1754 3300 1845 3335 Nem
1870 3303 1929 3335 est

1049 3355 1253 3404 AEtlziopis
1268 3355 1485 3403 insignitus
1500 3355 1599 3390 iuter
1618 3367 1708 3391 suos
1724 3355 1839 3398 color,
1858 3363 1929 3389 uec

1050 3410 1169 3447 crinis
1186 3408 1313 3456 rrffcs
1331 3415 1368 3445 et
1399 3410 1439 3444 iu
1467 3408 1608 3443 nodum
1638 3414 1791 3444 coactus
1818 3405 1933 3455 apud

1053 3464 1262 3501 Germanos
1276 3464 1404 3499 virum
1421 3461 1582 3498 dedecet.
1624 3463 1728 3498 Idem
1748 3471 1809 3508 cp.
1835 3463 1927 3498 124.

1054 3519 1161 3563 Quid
1177 3517 1363 3565 capillum
1386 3516 1540 3564 ingenti
1552 3516 1760 3564 diligentia
1776 3513 1928 3552 comis?

1050 3585 1138 3610 cum
1154 3573 1269 3608 illum
1284 3570 1344 3607 vel
1359 3568 1539 3617 effuderis
1553 3582 1655 3607 more
1673 3568 1928 3614 Parthorum,

1051 3628 1112 3664 vel
1138 3627 1238 3662 nodo
1272 3625 1549 3662 Germanorum
1569 3625 1767 3672 vinxeris,
1791 3623 1863 3670 vel,
1880 3626 1927 3661 ut

1114 3684 1263 3730 ccss
