2190 3880
647 101 814 172 3L1.B.
849 98 915 155 11.
944 100 1140 155 ,CAR
1174 104 1225 149 4.
1717 169 1719 171 ,
1775 111 1847 163 89

32 233 509 300 Certissimafides
546 230 831 289 haedorum
879 229 1050 293 fibris,
1126 227 1462 301 Sanguinem
1500 249 1607 286 arae
1642 232 1976 297 obfun-Am.

30 311 169 371 derel
182 303 413 366 vetitum
432 327 448 362 ε,
484 305 738 377 precibus
778 317 836 358 et
861 303 991 375 igne
1033 319 1171 374 puro
1197 301 1388 357 altaria
1415 301 1716 372 adolentur,
1743 325 1843 364 nee
1870 311 1964 350 823·

29 366 153 449 ullis
177 379 463 447 imbribus,
499 395 828 449 quamquam
874 375 931 428 in
957 385 1165 447 aperte,
1197 374 1536 429 madescunt.
1611 365 1978 463 Simula-Aioc·

26 470 181 510 ,crum
207 443 350 505 «Deae
377 469 486 509 non
513 449 698 520 effigie
723 449 990 503 humana:
1029 447 1322 500 continuus
1350 446 1496 500 orbis
1520 446 1714 500 latiore
1740 450 1846 507 ini·
1938 442 1951 460 '

34 525 112 580 tio
138 524 440 590 tenuem-in
465 522 753 588 ambitum,
778 530 940 574 metae
965 520 1149 588 mod0‚
1175 536 1492 591 exsurgenS.
1528 530 1586 572 et
1611 521 1752 573 ratio
1787 523 1846 575 in

24 598 288 662 obscur-0.
359 594 517 650 Titus
544 605 789 666 spectata
814 591 1094 664 opulentia
1120 592 1385 663 donisque
1422 591 1661 664 Regum,
1693 611 1895 664 quae-4

2 660 140 741 ‘'ilue
186 667 515 737 aliatlaetum
566 666 984 737 antiquitatibus
1024 664 1346 720 Graecorum
1409 682 1580 735 genus
1620 664 1848 731 incertae

34 738 571 810 vetustatiadfingit‚
596 738 659 791 de
694 737 1021 810 navigatione
1059 738 1295 808 primum
1329 737 1622 791 consuluit.
1686 737 1852 792 Post-

35 831 199 884 quam
216 810 385 882 pandi
409 810 547 863 viam
572 819 782 878 etpmare
797 827 1097 880 prosperum
1119 811 1351 882 accepit,
1371 809 1438 863 de
1460 828 1516 863 se
1545 828 1641 882 per
1663 811 1852 864 amba·

34 903 131 958 ges
165 883 484 954 interrogat,
510 883 667 935 caesis
709 882 1079 954 compluribus
1117 882 1331 936 hostiis,
1406 883 1852 950 Sostratus-(Sa-

33 955 271 1021 cerdotis
295 954 366 1009 *id
392 973 590 1022 nomen
628 958 767 1018 erat)
796 956 906 1022 ubi⁴
931 954 1059 1008 laeta
1084 965 1140 1006 et
1165 955 1524 1026 congruentia
1562 964 1711 1022 exta,
1735 974 1853 1010 ma-

36 1027 158 1099 gnis
202 1046 268 1082 ue
308 1024 571 1082 consultis
615 1046 850 1080 annuere
878 1025 1073 1092 Deam,
1103 1027 1272 1091 videt,
1313 1045 1490 1100 pauca
1531 1027 1585 1079 in
1613 1045 1851 1099 praesens

31 1100 91 1158 et
114 1100 282 1167 sopita
319 1099 670 1172 respondem,
705 1100 877 1171 petito
926 1110 1154 1165 secretO,
1182 1098 1365 1153 futura
1405 1099 1599 1171 aperit.
1673 1098 1853 1166 Titum,

27 1183 198 1236 aucto
223 1172 426 1237 auium,
451 1172 519 1224 ad
559 1183 768 1242 patrem
803 1186 1110 1244 pervectae,
1137 1171 1410 1242 suspensis
1447 1171 1852 1242 provinciarum

32 1255 92 1298 et
138 1244 479 1302 exercituum
526 1244 820 1312 mentibuS,
872 1244 1064 1317 ingens
1124 1261 1304 1298 rerum
1356 1243 1558 1297 fiducia
1602 1245 1854 1299 accessit.

34 1405 302 1458 Graecismum.
342 1405 410 1450 sed
435 1404 641 1457 vulgatum
657 1417 764 1443 nunc
779 1409 916 1444 tenea·
1021 1406 1145 1444 Ratio
1178 1405 1221 1454 in
1252 1403 1426 1455 obscuro]
1475 1406 1575 1443 Eam
1610 1405 1734 1444 tradit
1763 1406 1855 1445 Cle-

35 1472 139 1498 mus.
183 1461 370 1498 Ceterum
387 1460 525 1498 hostiae
542 1471 623 1497 non
638 1461 715 1497 nisi
735 1464 915 1498 extorum
968 1471 1079 1497 mens
1097 1459 1212 1499 Alex.
1242 1461 1441 1508 Protrept.
1465 1459 1543 1510 (ed.
1573 1458 1695 1511 Sylb.)
1716 1472 1757 1510 p.
1783 1467 1852 1503 29.

36 1515 369 1564 inspiciendorum
388 1526 527 1551 caussa
553 1514 754 1561 adhibitae,
773 1527 852 1552 non
869 1518 916 1551 ut

36 1570 81 1607 in
113 1581 184 1611 ara
215 1570 481 1608 adolerentur.
521 1570 631 1611 ERN.
680 1569 785 1609 Bud.
815 1569 918 1607 clare

34 1625 214 1664 novisset.

94 1678 300 1727 Qfficndere
345 1691 427 1716 arce
471 1677 648 1729 vetitum]
715 1677 914 1715 Meursius

35 1734 157 1782 Cypr.
190 1738 228 1780 1,
261 1735 322 1770 16.
341 1744 547 1783 perperam
576 1733 639 1770 hic
660 1733 913 1782 reprehendit

36 1788 234 1833 Tacitum,
265 1787 513 1836 intelligebat
546 1787 691 1837 quippe
725 1786 923 1835 effundere·

38 1843 270 1891 sanguinem
291 1853 321 1879 s.
339 1842 540 1888 immolare
551 1842 732 1879 hostiam.
747 1842 806 1879 Cf.
816 1843 918 1890 Ryc—

36 1897 143 1934 kius.
187 1898 276 1934 Put.
304 1896 393 1936 Alc.
413 1896 630 1946 obswcdere.
660 1896 763 1934 Bud.
793 1896 916 1945 effun-

37 1952 141 1997 dere,
169 1950 308 1993 male.

92 2006 257 2046 Altaria
285 2005 487 2046 adolentur
516 2004 602 2055 eta]
636 2005 724 2043 Hoc
752 2005 836 2042 loco
856 2017 919 2042 re-

33 2059 190 2097 fellitur
217 2060 406 2097 correctio
434 2060 635 2097 Harduiui
663 2072 728 2110 ap.
746 2060 918 2098 Plinium

39 2119 83 2162 2,
100 2117 168 2155 96.
198 2111 302 2164 (97.)
336 2113 407 2151 ubi
433 2114 477 2151 in
507 2114 593 2151 loco
611 2115 658 2151 de
676 2116 748 2152 hoc
771 2115 920 2163 templo

37 2180 88 2211 *ex
117 2180 230 2214 aram
257 2168 353 2205 facit
383 2181 528 2206 aream.
584 2170 753 2218 Oportet
785 2176 920 2207 autem

38 2225 191 2259 tectum
226 2222 364 2271 templi
397 2227 580 2273 apertum
626 2224 746 2262 fuisse
802 2236 920 2273 super

40 2288 153 2320 aram
170 2276 294 2323 illam,
315 2280 361 2314 ut
379 2276 422 2314 in
439 2289 500 2324 eo,
517 2278 620 2326 quod
638 2279 716 2315 fuit
732 2280 774 2316 in
790 2278 921 2317 Thra-

38 2331 116 2377 cia,
134 2332 176 2368 in
193 2335 326 2369 monte
343 2331 540 2375 Zilmisso.
569 2333 617 2371 V.
632 2334 793 2372 Sueten.
813 2335 919 2382 Aug.

39 2398 78 2433 e.
97 2390 164 2425 94.
195 2389 237 2422 et
255 2385 310 2424 ibi
340 2386 458 2424 dicta.
486 2388 594 2425 ERN.
622 2389 724 2426 Bud.
743 2388 844 2429 male
861 2401 920 2426 re-

41 2441 230 2479 dolentur.
269 2441 379 2488 Virg.
397 2442 492 2478 AEn.
513 2435 554 2488 7,
571 2449 637 2482 71.
685 2441 812 2481 Castis·
829 2443 920 2480 ado-

37 2496 94 2541 let
113 2494 206 2531 dum
223 2495 371 2533 altaria
393 2496 520 2534 taedis.
546 2499 588 2534 et
610 2503 646 2543 1,
672 2502 766 2540 420.
799 2498 920 2536 Vene-

42 2550 101 2586 ris
128 2549 264 2592 ,Saboeo
292 2555 376 2586 ture
405 2551 531 2589 calent
561 2563 643 2589 aroe
659 2553 844 2603 sertisque
862 2565 921 2596 re-

43 2601 214 2640 centibus
242 2603 392 2646 ludunt.
446 2605 507 2641 De
535 2605 616 2650 aris
635 2606 862 2656 hypaethriis
886 2620 924 2645 v.

43 2656 230 2696 Eustath.
248 2656 298 2693 ad
315 2657 453 2705 Odyss.
474 2663 525 2697 Θ.
543 2663 641 2698 363.

100 2710 498 2763 Nec-madescunt]
548 2714 655 2751 Idem
699 2714 746 2751 de
792 2718 926 2754 statua

39 2765 214 2816 quadam
231 2765 370 2802 Dianae
388 2770 524 2815 narrat
539 2768 676 2816 Polyb.
699 2772 762 2815 16,
787 2775 850 2807 12.

100 2820 316 2856 Continuus
333 2820 435 2856 orbis
450 2822 589 2859 latiore
616 2822 748 2873 initio]
778 2822 925 2871 Tyrius

45 2872 156 2914 Max.
174 2873 282 2924 (diss.
299 2872 382 2923 38.)
404 2876 535 2912 Venus
547 2889 572 2913 a
585 2876 752 2926 Paphii-s·
767 2879 922 2924 colitur,

45 2929 163 2978 cujas
178 2929 431 2966 simulacrum
451 2931 552 2967 nulli
578 2932 637 2968 rei
663 2933 796 2980 magis
826 2934 923 2970 assi-

44 2984 153 3028 mile,
186 2995 302 3032 quam
331 2983 429 3020 albae
456 2985 671 3033 pyramidi.
706 2987 820 3024 Lus.
863 2987 923 3025 Ea

47 3037 194 3086 species
221 3036 432 3075 exhibetur
456 3043 497 3075 et
528 3039 570 3076 in
590 3040 721 3078 numis
752 3052 817 3091 ap.
834 3041 922 3079 Tri-

49 3095 153 3130 stan.
174 3091 217 3129 in
244 3093 395 3130 Comm.
423 3095 455 3130 t.
487 3098 522 3132 1.
546 3105 586 3143 p.
615 3094 844 3135 419-5'34-
870 3097 920 3135 V.

45 3147 133 3184 Jac.
149 3147 272 3183 Gron.
293 3147 342 3182 ad
360 3146 400 3184 h.
419 3147 446 3184 l.
462 3149 571 3186 Emv.
601 3150 662 3187 Cf.
678 3149 855 3188 Vaillant
881 3151 922 3187 in

46 3200 139 3241 NN.
156 3200 240 3238 Col.
256 3204 287 3238 t.
312 3207 345 3237 l.
375 3212 416 3249 p.
437 3207 503 3241 93.
520 3203 562 3240 in
585 3215 705 3242 numo
726 3205 863 3250 Drusi,
882 3210 923 3241 et

47 3255 204 3292 Pitture
236 3254 467 3293 d’Ercolano
483 3261 515 3294 t.
542 3265 582 3296 3.
607 3262 689 3297 tav.
721 3264 785 3297 52.
802 3260 922 3307 Apud

48 3309 196 3357 Spanh.
217 3309 263 3347 de
282 3310 416 3346 Praest.
434 3315 475 3347 et
490 3312 541 3348 V.
555 3313 649 3352 NN.
669 3313 731 3351 ed.
748 3325 785 3351 a.
803 3318 920 3353 1671.

49 3363 150 3400 male
164 3365 207 3401 in
234 3375 354 3401 numo
371 3365 610 3414 Pergameno
643 3381 682 3416 p.
712 3373 806 3407 479.
826 3381 923 3405 cono

49 3420 173 3465 caput
188 3417 402 3455 humanum
437 3420 653 3468 inpositum
670 3423 861 3469 cernitur,
883 3424 921 3459 in

50 3472 148 3509 edit.
166 3472 378 3509 recentiore
396 3473 426 3511 f.
446 3475 569 3524 Lopd.
593 3480 709 3521 1706,
725 3477 814 3516 diss.
834 3484 872 3524 8,
884 3482 925 3516 6.

54 3526 87 3566 is
107 3537 215 3562 error
231 3530 291 3563 est
308 3528 548 3567 emendatus.

969 1521 1039 1553 30.
1070 1514 1139 1551 ubi
1159 1518 1198 1550 et
1216 1514 1262 1550 de
1281 1514 1370 1550 aliis
1387 1513 1536 1551 talibus
1555 1514 1730 1552 Deorum
1747 1516 1855 1555 Dea-

972 1581 1138 1618 rumque
1167 1569 1304 1606 formis
1332 1569 1519 1618 reperies.
1573 1569 1726 1620 Nempe
1752 1570 1856 1608 tales

971 1625 1107 1672 figurae
1141 1627 1236 1662 sunt
1266 1623 1412 1660 indicIa
1443 1624 1653 1661 vetustatis
1687 1624 1855 1674 ultimae,

970 1690 1050 1727 qua
1066 1679 1241 1715 nondum
1260 1679 1479 1726 exprimere
1504 1678 1722 1716 didicerant
1746 1679 1858 1728 ligno

967 1736 1038 1769 aut
1051 1744 1144 1768 saxo
1155 1732 1297 1769 formas
1311 1734 1513 1770 hominum
1528 1735 1599 1770 aut
1609 1733 1857 1775 animalium.

969 1787 1072 1824 Add.
1092 1787 1259 1823 eundem
1278 1787 1401 1825 elem.
1419 1785 1570 1826 Strom.'
1589 1792 1626 1825 l.
1647 1801 1687 1836 p.
1707 1793 1802 1828 348.
1820 1799 1856 1830 8.

968 1848 1008 1878 et
1030 1842 1203 1879 Collecta
1219 1843 1378 1881 Pottero
1396 1842 1516 1879 Arch.
1537 1844 1608 1880 Gr.
1628 1847 1668 1889 2,
1689 1849 1724 1880 2.
1742 1843 1856 1883 ERN.

970 1896 1135 1934 Consuli
1163 1900 1368 1934 merentur
1403 1897 1640 1945 interpretes
1680 1897 1857 1945 pictura·

970 1963 1059 1988 rum
1087 1951 1448 1990 Herculanensium
1482 1952 1509 1990 1.
1528 1963 1563 1990 c.
1594 1963 1761 2000 quorum
1786 1951 1859 1990 alii

971 2018 1113 2043 conum
1150 2005 1368 2054 symbolum
1400 2005 1554 2050 amoris,
1577 2016 1678 2055 esse,
1706 2006 1776 2045 alii
1805 2005 1858 2046 ad

970 2060 1148 2111 phallum
1167 2062 1365 2110 pertinere
1381 2059 1644 2098 arbitrantur.

1026 2115 1106 2151 Per
1137 2115 1321 2165 ambages
1338 2115 1576 2166 interrogat]
1609 2116 1650 2152 h.
1669 2125 1704 2151 e.
1732 2113 1859 2154 inter-

970 2174 1083 2218 rogat
1101 2170 1149 2207 de
1177 2170 1267 2206 fatis
1287 2170 1383 2216 suis,
1402 2170 1498 2219 quid
1524 2181 1682 2218 sperare
1701 2172 1856 2217 posset:

971 2236 1108 2261 verum
1143 2236 1222 2261 non
1251 2224 1386 2273 plane:
1434 2236 1485 2261 ne
1513 2224 1735 2273 periculum
1762 2224 1857 2262 inde

972 2283 1223 2317 nascereturz
1265 2279 1333 2316 sed
1368 2279 1497 2316 verbis
1526 2278 1738 2328 ambiguis,
1769 2289 1859 2327 quoe

971 2338 1106 2373 tamen
1126 2333 1347 2382 intelligere
1365 2334 1550 2375 Sacerdos
1570 2337 1716 2383 posset.
1747 2333 1859 2372 Hinc

971 2401 1063 2426 mox
1081 2391 1195 2426 vocat
1219 2401 1370 2438 magna
1402 2390 1591 2427 consulta.
1645 2388 1859 2426 Consuluit

972 2444 1020 2480 de
1039 2443 1223 2492 Imperio,
1235 2455 1286 2480 an
1305 2443 1379 2480 sibi
1393 2443 1485 2481 fatis
1502 2443 1706 2482 debeatur.
1760 2443 1859 2483 Mox

971 2499 1090 2545 videt,
1119 2498 1223 2547 quod
1247 2497 1462 2537 Rhenanus
1495 2498 1534 2550 (e
1567 2495 1690 2548 Bud.)
1720 2497 1861 2543 edidit,

976 2556 1036 2589 est
1053 2553 1173 2590 etiam
1203 2553 1245 2589 in
1265 2553 1329 2590 ed.
1351 2565 1412 2602 pr.
1459 2551 1515 2591 At
1545 2551 1677 2590 Guelf.
1699 2556 1858 2590 ceterae-

977 2619 1052 2656 que
1073 2608 1158 2646 edd.
1188 2610 1281 2644 ante
1308 2608 1437 2646 Rhen.
1456 2608 1555 2645 vidit
1569 2621 1582 2643 :
1610 2610 1658 2644 ut
1675 2607 1769 2643 ante
1790 2618 1859 2644 ac-

975 2663 1089 2710 cepit.
1131 2662 1233 2700 Item
1264 2666 1354 2711 post
1378 2668 1581 2711 provectus·
1606 2671 1741 2698 omnes
1769 2659 1859 2698 edd.

975 2719 1068 2752 ante
1087 2717 1215 2753 Rhen.
1232 2716 1348 2753 male.
1377 2717 1484 2755 ERN.
1511 2716 1639 2753 Rhen.
1651 2720 1857 2766 pervectus

979 2782 1000 2806 e
1018 2770 1120 2807 Bud.
1138 2773 1185 2807 ut
1203 2781 1236 2806 e.
1256 2775 1299 2809 9.

1033 2822 1318 2874 Compluribus]
1357 2822 1420 2860 Sic
1437 2824 1566 2863 Rhen.
1585 2835 1606 2860 e
1621 2822 1725 2862 Bud.
1743 2825 1856 2873 prius

976 2878 1183 2926 legebatur
1194 2878 1389 2928 pluribus.

1029 2932 1179 2981 Ingens
1220 2944 1352 2970 rerum
1375 2931 1552 2985 fiducia]
1600 2932 1855 2982 Suspicabar,

973 2987 1114 3036 ingens
1129 2999 1273 3034 rerum,
1292 2998 1384 3024 voce
1401 2987 1582 3037 sequenti
1598 2988 1757 3036 rejecta.
1778 2987 1855 3027 Sed

973 3042 1145 3080 Pichena
1178 3044 1369 3091 sagaciter
1399 3053 1558 3083 sensum
1576 3043 1696 3090 eruit,
1713 3044 1854 3095 ingens

972 3097 1266 3146 rerumfiducia
1287 3095 1413 3148 (sexto
1430 3095 1538 3148 casu)
1561 3109 1679 3147 quam
1698 3109 1747 3136 ex
1765 3108 1854 3134 ora-

973 3150 1062 3187 culo
1078 3156 1321 3199 conceperat.
1355 3150 1587 3190 Audiamus.
1630 3153 1743 3191 L1Ps.
1787 3151 1852 3191 Sic

972 3205 1155 3244 Justinus
1196 3211 1259 3252 11,
1297 3210 1338 3244 4.
1374 3208 1458 3257 qui,
1485 3220 1534 3244 ea:
1561 3207 1775 3245 continenti
1800 3207 1855 3244 ad

975 3260 1148 3298 Darium
1160 3261 1344 3309 proficti,
1367 3274 1445 3298 nou
1475 3262 1662 3300 naediome
1685 3273 1854 3300 mmnen·

974 3321 1058 3351 tam
1075 3315 1286 3353 Persarum
1302 3316 1449 3354 viribus
1466 3329 1664 3354 accessere.
1711 3317 1768 3354 Et
1786 3320 1851 3360 13,

975 3372 1016 3405 6.
1041 3369 1109 3406 ubi
1136 3376 1174 3407 et
1196 3371 1401 3420 Olympias
1418 3376 1513 3408 esset
1530 3377 1655 3410 mater
1672 3371 1852 3407 Aleoeau·

975 3425 1055 3470 dri,
1089 3436 1165 3461 mm
1194 3426 1382 3463 mediocre
1408 3431 1641 3462 momentum
1660 3424 1851 3473 partium.

977 3477 1114 3516 Giton.
1167 3479 1260 3516 Post
1288 3478 1411 3528 Lipsii
1446 3483 1580 3516 notam
1612 3479 1675 3515 hic
1709 3477 1854 3514 omissa

977 3538 1038 3570 est
1070 3533 1342 3581 Freinslwmii,
1359 3533 1428 3582 qui
1454 3532 1637 3582 inprobat
1654 3532 1853 3580 conjectu·
