2190 3880
699 141 744 189 1.
760 139 858 188 113.
897 141 984 189 IV.
1024 142 1079 188 ‘C
1093 139 1136 188 A
1153 141 1205 188 P.
1227 146 1308 190 24.
1841 151 1934 195 261

116 268 462 334 nembantur,
489 267 724 321 clamore
760 277 924 337 atque
963 266 1147 337 inpetu
1188 266 1430 319 invasere
1471 267 1687 336 vallum,
1714 270 1931 341 adposi-
1950 288 2066 327 A.1J.

119 342 190 394 tis
219 341 458 413 plerique
485 339 658 405 scaliS,
687 339 774 391 alii
802 357 895 410 per
923 339 1248 390 testudinem
1278 357 1518 392 suorum.
1572 342 1929 396 scandebant·
1962 344 2054 410 823*-

118 430 224 480 que
239 412 357 484 Jam
387 413 628 482 quidam,
656 430 801 476 cum,
828 410 1023 482 gladiis
1050 424 1105 462 et
1131 429 1401 479 armorum
1435 411 1650 464 incussu
1680 416 1925 485 praecipi-
1945 396 2058 493 Aio?

119 484 238 548 tati,
266 484 490 536 sudibus
519 496 574 536 et
598 482 719 555 pilis
758 484 1080 546 obruuntur,
1119 481 1442 552 praeferoces
1481 483 1640 535 initio
1678 497 1733 535 et
1771 487 1930 539 rebus

114 555 363 608 secundis
392 556 566 609 nimii.
628 555 749 610 Sed
779 567 893 606 tum
922 555 1122 625 praedae
1158 554 1414 625 cupidine
1452 555 1676 607 adversa
1713 575 1931 627 quoque

115 625 437 680 tolerabant.
514 627 803 680 Machinas
830 626 1015 691 etiam,
1050 626 1328 679 insolitum
1360 626 1485 692 sibi,
1511 627 1645 680 ausi.
1694 645 1794 679 nec
1823 630 1931 682 ulla

110 698 244 768 ipsis
268 699 510 752 solertia:
553 699 795 769 perfugae
817 699 1128 768 captivique
1155 698 1651 751 docebant-struere
1676 702 1927 753 materias

114 770 168 821 in
195 771 414 824 modum
446 771 647 842 pontiS,
668 789 798 822 mox
827 770 1087 839 subjectis
1112 770 1244 821 rotis
1272 770 1595 841 propellere:
1638 781 1697 823 ut
1723 771 1812 823 alii
1841 791 1929 825 su-

110 854 430 912 perstanteS,
469 855 748 911 tamquam
787 860 855 894 ex
896 859 1114 912 aggere,
1155 843 1568 911 proeliarentur;
1616 861 1736 910 pars
1779 843 1925 896 intus

110 914 310 966 occulti
340 931 522 967 muros
550 915 886 966 subruerent.
932 914 1034 966 Sed
1058 932 1287 966 excussa
1309 914 1516 968 balistis
1534 933 1666 968 saxa
1689 927 1926 970 stravere

109 983 343 1037 informe
368 1004 532 1056 opus:
573 998 627 1037 et
661 998 835 1038 crates
874 986 1165 1055 vineasque
1207 987 1525 1056 parantibus
1563 987 1771 1040 adactae
1813 1001 1926 1041 tor-

109 1057 307 1109 mentis
335 1058 582 1111 ardentes
611 1057 813 1111 hastae:
854 1056 1103 1127 ultroque
1133 1058 1235 1128 ipsi
1264 1069 1672 1128 oppugnatores
1700 1060 1922 1130 ignibus

107 1129 460 1199 petebantur3
499 1129 691 1193 donec,
729 1130 1013 1199 desperata
1051 1130 1122 1192 vi,
1179 1142 1446 1181 verterent
1506 1130 1792 1183 consilium
1853 1133 1923 1186 ad

103 1218 301 1265 moraS,
340 1201 482 1253 haud
523 1202 697 1272 ignari
739 1219 1034 1271 paucorum
1074 1201 1283 1252 dierum
1323 1201 1497 1252 inesse
1553 1202 1812 1255 alimenta
1863 1217 1921 1257 et

103 1272 334 1325 multum
363 1271 575 1324 inbellis
604 1273 797 1325 turbae.
878 1271 1050 1323 Simul
1076 1291 1145 1324 ex
1176 1272 1362 1342 inopia
1398 1273 1636 1343 proditio
1675 1285 1729 1326 et
1767 1276 1920 1328 fluxa

105 1345 446 1397 servitiorum
475 1344 606 1397 fides
634 1364 696 1397 ac
720 1344 946 1396 fortuita
977 1343 1098 1395 belli
1130 1346 1503 1415 sperabantur.
1581 1345 1805 1399 Flaccus
1835 1347 1916 1400 in-
1932 1356 2002 1403 24-

105 1416 280 1482 terim,
304 1417 530 1488 cognito
557 1429 854 1469 castrorum
884 1416 1117 1481 obsidio,
1144 1429 1198 1467 et
1225 1417 1402 1468 missis
1437 1435 1529 1487 per
1569 1417 1794 1484 Gallias,
1822 1422 1919 1489 qui

103 1488 309 1541 auxilia
332 1489 631 1553 concirent,
659 1489 827 1540 lectos
855 1505 884 1539 e
910 1487 1218 1559 legionibus
1249 1488 1418 1540 Dillio
1449 1490 1688 1555 Voculae,
1712 1490 1920 1546 duode-

106 1559 376 1612 vicesimae
406 1560 634 1631 legionis
665 1561 893 1631 LegatO,
923 1560 1104 1625 tradit,
1133 1572 1191 1611 ut
1217 1579 1378 1630 quam
1419 1561 1672 1613 maximis
1715 1581 1809 1634 per
1846 1565 1918 1616 ri-

98 1628 224 1713 pam
261 1631 548 1684 itineribus
587 1633 860 1685 celeraret.
940 1631 1065 1702 Ipse
1094 1632 1339 1703 pavidUS,
1364 1633 1631 1685 invalidus
1670 1653 1919 1705 corpore,

98 1704 304 1756 invisus
344 1704 628 1756 militibus,
673 1723 849 1774 neque
885 1704 1028 1755 enim
1070 1704 1326 1775 ambigue
1363 1703 1686 1771 fremebant,
1712 1707 1915 1768 emissas
1963 1731 1969 1735 ¹

96 1794 129 1827 a
153 1773 490 1846 Magontiaco
515 1777 836 1829 Batavorum
863 1775 1100 1841 cohorteS,
1127 1775 1467 1828 dissimulatos
1491 1776 1672 1829 Civilis
1691 1787 1918 1843 conatus,

98 1846 286 1899 adsciri
331 1846 386 1899 in
434 1847 717 1900 societatem
765 1847 1066 1901 Germanos
1116 1866 1218 1899 non
1259 1847 1436 1900 Primi
1478 1849 1720 1914 Antonii,
1759 1869 1917 1922 neque

98 1917 358 1986 Muciani,
386 1938 476 1990 ope
519 1918 882 1990 Vespasianum
919 1919 1082 1991 magis
1119 1918 1407 1973 adolevisse.
1460 1930 1639 1991 aperta
1675 1920 1794 1973 odia
1829 1942 1917 1975 ar-

144 2060 226 2098 Per
257 2062 486 2100 testudinem
518 2062 694 2112 suorum]
733 2062 899 2112 Explico
934 2062 976 2099 in
1029 2062 1162 2108 Forte,
1187 2063 1268 2112 ipse
1289 2063 1473 2112 pavidus,
1502 2063 1725 2101 invalidus.-
1753 2070 1916 2115 torpere.

92 2113 255 2153 Poliorc.
281 2121 317 2162 1,
338 2120 376 2153 5.
417 2117 530 2154 ΙΛΡε.

143 2170 458 2219 ascendebantque
473 2172 566 2219 jam
583 2170 759 2221 quidam]
795 2168 890 2208 Haec
913 2170 974 2206 in-

90 2225 315 2273 terpunctio
342 2229 402 2261 est
428 2237 453 2261 a
480 2225 664 2270 Pichcna,
684 2231 844 2262 auctore
869 2225 972 2262 Flor.

87 2289 177 2315 nam
189 2282 282 2316 ante
293 2278 638 2327 conjungebantur
653 2279 733 2316 haec
751 2291 841 2316 cum
859 2282 972 2316 ante-

87 2332 315 2370 cedentibus
331 2337 372 2370 et
389 2338 581 2382 punctum
599 2337 684 2370 erat
701 2338 790 2382 post
808 2335 968 2372 vallum.

10 2416 12 2421 ,
82 2386 159 2425 Sed
175 2387 310 2434 eadem
328 2387 595 2436 interpunctio
614 2388 655 2425 in
668 2388 727 2426 ed.
746 2401 805 2437 pr.
860 2388 969 2426 Infra

84 2441 143 2478 ed.
166 2452 225 2490 pr.
244 2455 311 2479 nec
336 2443 459 2480 ullam
484 2443 562 2480 sibi
581 2444 678 2493 ipsis
695 2444 908 2489 solertiam,
928 2447 969 2479 et

83 2501 172 2544 post
207 2496 406 2534 ducebant.
461 2498 567 2534 ERN.
622 2497 726 2534 Bud.
771 2510 839 2534 nee
883 2499 969 2534 ulla

86 2550 182 2598 ipsis
209 2551 615 2589 solertia—docebant.
670 2551 783 2589 Prius
810 2551 968 2589 scande-

85 2603 175 2640 bant
190 2603 275 2640 sine
292 2604 445 2654 copula.
501 2605 596 2642 Mox
612 2611 888 2655 supi-astantes.

67 2679 70 2682 ·
136 2657 294 2695 Struere
326 2659 530 2709 materias]
572 2660 634 2696 Sic
667 2659 789 2697 edidit
818 2660 967 2709 primus

82 2712 209 2749 Rhen.
238 2710 277 2761 (e
312 2712 430 2762 Bud.)
462 2713 642 2763 idemque
676 2718 736 2751 est
765 2715 807 2750 in
835 2715 967 2752 Guelf.

82 2767 189 2803 Ante
201 2770 286 2803 erat
304 2768 517 2805 machinas.
548 2768 738 2805 Materias
758 2768 966 2806 struebant

82 2821 124 2857 in
144 2821 300 2858 modum
333 2822 479 2869 pont-is,
499 2822 525 2861 i.
556 2835 590 2860 e.
618 2835 639 2859 e
666 2822 847 2860 trabibus
875 2835 965 2860 con-

81 2874 268 2912 ficiebant
298 2875 496 2913 machinas
527 2876 642 2921 altas,
661 2877 702 2914 in
733 2877 892 2926 quibus,
918 2882 965 2914 ut

80 2928 284 2978 pontibus,
304 2930 575 2969 consisterent.
607 2932 714 2969 Eum.
744 2932 805 2969 Cf.
825 2933 965 2980 Veget.

80 2988 122 3030 4,
150 2989 213 3023 17.

133 3038 414 3089 Sperabantur]
462 3039 557 3077 Cod.
600 3039 698 3087 Agr.
741 3040 965 3089 spectaban-

79 3098 157 3130 tur.

129 3147 266 3184 Lectos
281 3160 301 3185 e
317 3145 553 3196 legionibus]
585 3148 811 3196 Praepositio
828 3149 962 3186 addita

75 3211 103 3237 a.
117 3201 290 3238 Pichena
320 3200 526 3250 (suadente
550 3201 743 3253 Murem).
798 3203 960 3241 Duode-

74 3255 264 3294 vicen'moe
298 3256 400 3293 idem
432 3256 625 3303 restituit,
655 3260 702 3294 ut
737 3257 846 3295 alibi.
899 3258 957 3295 At

75 3308 150 3344 duo
163 3315 199 3346 ee
211 3310 322 3347 vices.
338 3311 424 3348 edd.
438 3322 496 3359 pr.
510 3310 637 3348 Rhen.
654 3309 691 3361 (e
707 3310 824 3362 Bud.)
844 3325 954 3360 sequ.

79 3373 202 3410 usque
216 3363 266 3400 ad
283 3365 389 3402 Pich.
406 3370 447 3402 et
463 3364 575 3402 MSS.
589 3365 692 3402 Flor.
709 3367 808 3415 Reg.
828 3367 954 3404 Oxou.

75 3415 182 3452 unde
197 3418 374 3455 restituit
391 3419 609 3457 Broterius.
655 3419 746 3458 Vid.
773 3422 822 3459 ad
844 3422 898 3459 H.
922 3427 958 3467 1,

76 3474 143 3507 55.
188 3471 298 3509 Ean.

132 3525 222 3574 Ipse
234 3526 403 3573 pavidus
418 3526 582 3578 torpere]
614 3527 802 3568 Quaedam
820 3528 959 3566 editio-

78 3589 164 3625 nes,
209 3579 289 3629 z‘pse
331 3580 491 3618 navibus
539 3582 735 3621 invalidus
787 3595 954 3633 corpore.

1030 2116 1186 2165 Duplex
1223 2121 1329 2154 certe
1361 2117 1502 2155 vitium
1538 2122 1579 2154 et
1613 2118 1785 2166 segnitas
1822 2119 1915 2157 huic

1028 2172 1126 2218 seni,
1146 2172 1321 2220 corporis
1339 2172 1553 2222 animique.
1611 2174 1723 2211 Lu’s.
1779 2174 1916 2212 Lectio

1026 2227 1108 2274 ipse
1126 2226 1288 2263 navibus
1316 2227 1512 2264 invalidus
1532 2239 1688 2276 corpore
1711 2231 1772 2264 est
1802 2231 1843 2264 et
1870 2229 1914 2267 in

1026 2279 1131 2317 Flor.
1166 2280 1261 2328 Agr.
1294 2279 1405 2330 (Reg.
1433 2279 1548 2332 Lall.)
1583 2281 1643 2326 ed.
1670 2293 1730 2330 pr.
1766 2293 1838 2319 nec
1869 2284 1913 2322 in

1022 2333 1102 2370 alia
1120 2333 1179 2371 ed.
1198 2335 1340 2384 reperi.
1397 2335 1512 2373 Unde
1534 2336 1704 2374 Pichena
1728 2338 1914 2385 conjicie-

1022 2387 1116 2425 bat:
1158 2389 1239 2438 ipse
1277 2391 1460 2440 pavidam,
1498 2391 1696 2428 invalidus
1741 2404 1910 2441 corpore.

1022 2444 1106 2480 Jac.
1142 2444 1364 2481 Gronovius
1399 2445 1563 2482 navibus
1594 2447 1818 2494 suspicatur
1852 2446 1911 2482 fa·-

1023 2503 1130 2535 ctum
1150 2509 1197 2535 ex
1215 2500 1396 2548 ignavus.
1426 2500 1610 2535 Ceterum
1629 2500 1808 2536 Pichenae
1825 2512 1911 2537 cor-

1021 2553 1234 2589 rectionem
1251 2553 1414 2601 recepit.
1464 2554 1572 2591 ERN.
1617 2554 1720 2592 Bud.
1741 2556 1822 2603 ipse
1837 2567 1910 2592 na-

1021 2607 1130 2643 vibus
1149 2620 1302 2656 corpore
1320 2609 1467 2645 invisus
1488 2609 1571 2645 mil.
1602 2609 1704 2657 quod
1728 2609 1777 2645 ad
1797 2609 1905 2658 vulg.

1022 2661 1182 2709 propius
1203 2662 1363 2699 accedit.
1420 2661 1494 2699 Sed
1522 2662 1639 2699 lectio
1667 2663 1770 2700 Flor.
1796 2675 1821 2699 a
1843 2665 1908 2701 Pi-

1018 2715 1144 2751 chena
1181 2716 1388 2752 emendata
1428 2715 1526 2752 mihi
1571 2717 1701 2765 potior
1735 2717 1906 2764 videtur,

1020 2780 1138 2817 quam
1157 2781 1246 2806 cum
1263 2770 1376 2808 Brot.
1397 2774 1437 2807 et
1455 2770 1553 2808 Lall.
1572 2772 1732 2819 recipio.
1764 2772 1908 2809 Dotte·

1020 2823 1111 2859 ville
1129 2824 1243 2861 istam
1258 2828 1388 2861 servat
1404 2825 1567 2861 totidem
1585 2825 1729 2872 verbis,
1743 2826 1906 2864 navibus

1019 2877 1207 2927 intelligit
1243 2883 1421 2916 secutum
1457 2879 1637 2916 Flaccum
1674 2880 1714 2917 in
1750 2879 1906 2928 Rheno,

1019 2943 1154 2969 verum
1191 2933 1291 2970 dura
1321 2934 1437 2970 nimis
1473 2934 1554 2971 haec
1589 2934 1753 2983 ellipsiS.
1808 2935 1905 2975 Mox

1018 2986 1119 3023 Bud.
1137 2985 1231 3036 Agr.
1242 2988 1478 3038 premebant.

1072 3041 1235 3079 Adsctri
1263 3043 1305 3079 in
1336 3041 1575 3092 societatem]
1599 3043 1761 3081 Adsciri
1788 3043 1902 3083 MSS.

1015 3096 1046 3132 F
1049 3095 1119 3132 lor.
1139 3100 1180 3133 et
1207 3096 1293 3134 edd.
1323 3101 1416 3134 ante
1444 3097 1572 3135 Rhen.
1597 3097 1681 3145 qui,
1700 3099 1831 3135 nescio
1847 3111 1901 3136 an

1015 3161 1035 3185 e
1053 3150 1156 3186 Bud.
1182 3150 1358 3198 praetulit
1385 3152 1506 3189 acciri
1528 3150 1603 3199 (ita
1616 3152 1723 3189 vBud.
1744 3152 1900 3203 acciri).

1013 3204 1138 3240 Vetus
1166 3205 1335 3242 Pichena
1362 3206 1552 3243 restituit.
1605 3206 1713 3244 Idem
1734 3207 1899 3245 verbum

1011 3269 1044 3295 c.
1065 3264 1127 3295 80.
1149 3259 1195 3295 de
1213 3271 1259 3296 eo
1274 3260 1444 3297 diximus
1461 3261 1510 3298 ad
1528 3261 1659 3309 Agric.
1684 3266 1744 3301 19.
1790 3263 1899 3299 ERN.

1064 3313 1214 3362 Aperta
1259 3315 1364 3360 odia,
1410 3314 1608 3365 armaque]
1657 3316 1898 3353 Sallustiana

1012 3366 1181 3404 imitatio
1208 3372 1269 3405 est
1296 3369 1338 3406 in
1366 3369 1436 3407 Or.
1455 3376 1492 3407 ⁶2.
1511 3370 1559 3406 ad
1578 3371 1676 3406 Coes.
1732 3370 1897 3407 Hostem.

1013 3422 1214 3459 adversum
1227 3423 1446 3473 deprimere,
1461 3424 1609 3462 homiui
1619 3430 1771 3462 strenuo
1791 3423 1900 3459 haud

1012 3475 1167 3525 difficile
1195 3484 1278 3515 est.-
1314 3479 1464 3515 occulta
1487 3478 1665 3527 pericula
1693 3489 1809 3526 neque
1838 3477 1895 3512 vi-

1011 3535 1110 3575 tare,
1129 3542 1246 3581 neque
1261 3531 1414 3581 facere,
1433 3530 1541 3570 bonis
1560 3532 1602 3569 in
1623 3536 1805 3581 promptu
1822 3535 1893 3570 est.

1011 3584 1125 3621 ers.

1089 3643 1172 3688 53
