2190 3880
292 167 390 209 134
889 157 1494 211 HISTORIARUM

156 304 208 341 A.
228 283 553 341 [notandum
576 296 961 351 convenerant,
989 286 1045 340 in
1073 286 1252 341 studia
1279 285 1536 351 diductis,
1562 303 1788 358 erupere
1822 283 2108 356 legionarii
2179 323 2183 337 ,

173 357 263 392 823·
297 356 349 411 in
368 353 661 426 perniciem
679 356 1028 422 auxiliorum,
1044 376 1108 410 ac
1123 358 1246 409 duae
1263 357 1516 409 cohortes
1532 356 1855 410 interfectae.
1910 356 2110 408 Reme-

164 409 217 504 ’ξ’
237 408 442 499 P'dium
473 426 735 498 tumultus
752 425 856 479 fuit
873 427 1008 480 alius
1034 427 1315 492 tumultus,
1357 426 1532 498 pulvis
1599 427 1749 480 roeul
1764 438 1820 478 et
1839 442 1989 479 arma
2011 425 2110 478 ad·-

294 497 703 568 spiciebantur3
750 498 1151 551 conclamatum
1192 510 1432 567 repente,
1477 497 1535 548 X
1577 495 1640 549 V.
1677 497 1938 568 legionem,
1969 513 2109 548 verso

290 567 488 634 itinere,
534 567 605 621 ad
641 567 886 638 proelium
927 568 1114 622 venire.
1175 570 1265 623 sed
1320 578 1475 622 erant
1525 568 1760 638 agminis
1809 578 2109 619 coactores.

290 640 466 711 agniti
507 639 789 710 dempsere
840 637 1281 692 sollicitudinem.
1359 637 1588 691 Interim
1635 637 1883 709 Verginii
1925 655 2108 689 servus

292 710 435 765 forte
462 710 677 774 obvius,
708 721 769 760 ut
795 726 1068 779 percussor
1104 707 1303 763 Vitellii
1331 709 1691 762 insimulatur.
1742 721 1799 767 et
1824 709 2015 760 ruebat
2041 708 2110 760 ad

287 780 609 834 *convivium
644 779 818 843 mileS‚
843 788 1052 833 mortem
1083 777 1319 853 Verginii
1342 798 1665 851 exposcens,
1742 779 1830 833 Ne
1856 778 2109 831 Vitellius

291 851 532 922 quidem,
559 867 891 920 quamquam
918 851 985 907 ad
1010 867 1198 906 omnes
1221 850 1556 921 suspiciones
1585 850 1829 922 pavidus,
1855 850 1924 910 de
1951 850 2112 902 inno-

290 923 475 974 centia
512 921 966 993 ejusdubitavit.
1018 938 1166 990 aegre
1213 932 1395 973 tamen
1443 922 1696 986 cohibiti,
1731 922 1848 991 qui*
1874 921 2110 973 exitium

289 993 394 1044 viri
437 991 774 1057 Consularis,
809 1004 866 1044 et
904 991 1181 1066 quondam
1220 990 1394 1044 Ducis
1429 993 1532 1058 sui,
1569 993 1914 1064 flagitabant.
1990 991 2111 1044 Nec

289 1080 621 1133 quemquam
648 1063 867 1133 saepjuS,
893 1079 1056 1132 quam
1085 1062 1428 1133 Verginium,
1454 1063 1632 1115 omnis
1665 1063 1860 1115 seditio
1886 1062 2112 1115 infesta·

290 1134 393 1187 vit.
446 1135 703 1188 manebat
725 1133 1014 1189 admiratio
1042 1133 1143 1185 viri
1171 1145 1227 1185 et
1260 1132 1436 1187 fama:
1478 1133 1570 1186 sed
1597 1134 1842 1199 oderant,
1868 1145 1930 1185 ut
1956 1133 2113 1186 fasti-

208 1196 279 1256 69
295 1204 416 1258 diti.
493 1205 722 1258 Postero
767 1205 874 1269 die,
913 1203 1182 1269 Vitellius,
1224 1204 1455 1256 Senatus
1494 1203 1787 1276 legatione,
1825 1222 1988 1274 quam
2031 1204 2110 1257 ibi

292 1276 532 1348 opperiri
552 1276 810 1346 jusserat,
837 1275 1043 1340 audita,
1070 1286 1435 1346 transgressus
1463 1275 1519 1328 in
1549 1286 1744 1341 castra,
1766 1273 1909 1327 ultro
1939 1275 2112 1346 pieta-

288 1355 389 1400 tem
412 1345 635 1399 ‘militum
660 1346 1041 1399 conlaudavit:
1083 1345 1440 1398 frementibus
1470 1347 1707 1411 auxiliiS‚
1735 1354 1934 1398 tantum
1960 1345 2112 1414 iupu-

289 1418 470 1470 uitatis
493 1426 646 1488 atque
679 1417 996 1488 adrogantiae
1033 1417 1333 1487 legionariis
1364 1418 1631 1470 accessisse.
1709 1416 1982 1469 Cohortes
2003 1417 2112 1470 Ba-

290 1503 563 1554 tavorum,
586 1506 655 1541 ne
679 1489 809 1558 quid
850 1488 1208 1540 truculentius
1247 1489 1525 1553 auderent,
1560 1490 1616 1540 in
1642 1488 1993 1540 Germaniam
2029 1506 2111 1539 re-

289 1560 506 1626 missae3
545 1560 876 1630 principium
905 1559 1120 1611 interno
1144 1559 1301 1611 simul
1339 1569 1675 1629 externoque
1701 1559 1844 1613 bello
1872 1558 2111 1629 paranti-

290 1631 395 1682 bus
431 1630 579 1685 fatis.
657 1629 898 1682 Reddita
939 1629 1259 1682 civitatibus
1309 1629 1593 1682 Gallorum
1643 1629 1866 1694 auxilia,
1917 1630 2112 1701 ingens

289 1719 567 1767 numeruS,
593 1711 649 1753 et
688 1701 862 1772 prima
902 1701 1086 1754 statim
1119 1700 1428 1753 defectione
1465 1701 1606 1753 inter
1643 1701 1826 1753 inania
1866 1700 1990 1752 belli
2015 1701 2110 1753 ad-

291 1784 562 1844 sumptus.
640 1772 916 1836 Ceterum‚
945 1783 1006 1824 ut
1042 1771 1428 1843 largitionibus
1467 1771 1698 1824 adfectae
1727 1771 1844 1841 jam
1886 1769 2111 1842 Imperii

290 1862 425 1917 opes
466 1844 796 1908 sufficerent,
836 1841 1099 1913 amputari
1139 1841 1393 1913 legionum
1435 1842 1845 1913 auxiliorumque
1882 1860 2114 1897 numeros

296 1914 469 1979 'ubet,
491 1914 676 1967 vetitis
709 1913 1135 1994 supplementis:
1175 1927 1230 1966 et
1260 1913 1583 1985 promiscuae
1611 1914 1896 1967 missiones
1918 1913 2112 1966 offere,-

282 1933 511 2041 {Jantuiu
559 1985 843 2044 exitiabile
887 1985 943 2037 id
982 1983 1346 2055 Reipublicae,
1382 1985 1658 2055 ingratum
1697 1983 1879 2047 militi,
1905 1985 1993 2037 cui
2021 2001 2113 2036 ea·

290 2057 415 2109 dem
434 2056 623 2109 munia
647 2056 790 2108 inter
816 2074 1038 2128 paucos,
1067 2055 1413 2127 periculaque
1435 2074 1498 2108 ac
1525 2055 1677 2108 labor
1703 2056 1945 2108 crebrius
1972 2055 2113 2107 redi·

289 2127 446 2180 bant.
507 2138 564 2180 et
591 2127 731 2180 vires
758 2127 891 2180 luxu
919 2128 1438 2198 conrumpebantur‚
1461 2139 1653 2180 contra
1679 2137 1915 2178 veterem
1949 2125 2114 2178 disci-

291 2198 520 2270 plinam,
562 2210 628 2250 et
667 2199 919 2251 instituta
964 2198 1266 2270 majorum;
1314 2198 1457 2269 apud
1507 2197 1907 2268 quosvirtute,
1946 2213 2111 2266 quam

206 2291 279 2344 70
294 2269 543 2341 pecunia,
575 2286 655 2327 res
683 2268 938 2322 Romana
973 2269 1164 2328 melius
1201 2269 1371 2321 stetit.
1438 2267 1573 2321 Inde
1606 2267 1856 2320 Vitellius
1885 2267 2113 2320 Cremo-

289 2358 420 2415 nam
460 2340 636 2407 flexit,
665 2350 739 2410 et,
766 2352 1012 2413 spectato
1050 2357 1273 2394 munere
1311 2339 1572 2406 Caecinae,
1600 2339 1848 2392 insistere
1887 2338 2112 2391 Bedria-

351 2491 403 2529 In
427 2489 562 2527 studia
587 2485 777 2535 diductis]
809 2486 874 2525 Sic
902 2486 1004 2536 'bene
1030 2487 1091 2524 ed.
1116 2499 1177 2536 pr.
1231 2487 1295 2534 ρὰ.
1317 2498 1378 2535 pr.
1397 2487 1535 2527 munia
1563 2487 1701 2524 vitiose
1725 2486 1873 2523 factum
1893 2497 1940 2523 ex
1960 2487 2112 2524 inania.

294 2543 403 2593 Lips.
424 2555 508 2591 sqq.
537 2542 594 2579 At
612 2536 743 2579 Guelf.
765 2537 903 2590 (Bud.)
923 2541 1008 2577 edd.
1027 2535 1178 2580 Puteol.
1233 2541 1398 2581 Frustra
1413 2540 1488 2579 viri
1505 2540 1608 2578 docti
1625 2544 1837 2577 tentarunt
1847 2539 1915 2576 alii
1930 2538 2110 2590 (naues.)

293 2602 511 2645 ceteraeque
545 2607 671 2646 usque
701 2595 751 2633 ad
783 2595 962 2647 Lipsium
992 2594 1177 2642 deductis.
1232 2595 1366 2642 initia,
1384 2597 1432 2638 ut
1457 2598 1516 2632 est
1540 2594 1584 2631 in
1611 2593 1698 2632 MS.
1717 2594 1814 2642 Agr.
1833 2605 1922 2631 cum
1946 2593 2031 2640 jam
2059 2593 2115 2630 sit

291 2653 411 2690 male.
427 2650 551 2695 Ante,
564 2645 817 2700 convenerant
835 2647 934 2698 mihi
958 2648 1113 2699 videtur
1129 2644 1174 2685 h.
1224 2645 1361 2698 priyna
1390 2647 1614 2696 dejectione,
1643 2658 1730 2695 quae
1759 2651 1856 2684 sunt
1882 2647 1968 2697 ipsa
1996 2646 2115 2685 initia

292 2705 321 2744 l.
339 2703 566 2752 languidius
585 2695 759 2744 esse.'1n
778 2701 948 2751 publicis
961 2705 1001 2739 ‚et
1019 2701 1177 2742 indictis
1231 2701 1350 2739 belliz
1394 2700 1464 2743 alii
1500 2702 1705 2749 immania,
1739 2705 1787 2739 ut
1821 2701 2003 2749 Lipsius:
2043 2700 2115 2737 alii

293 2758 530 2808 spectaculis
549 2753 726 2799 homines
744 2752 794 2792 ad
811 2750 1069 2807 spectandum
1089 2767 1178 2794 con-
1231 2756 1359 2793 minas
1390 2759 1466 2793 etc.
1507 2755 1617 2793 ERN.
1661 2754 1771 2793 Acid.
1807 2755 1974 2792 fluctuat
2008 2754 2115 2792 inter

292 2805 479 2854 veui-unt,-
510 2812 553 2850 in
580 2809 624 2860 r'e
651 2804 725 2848 t'aJi
748 2813 788 2858 et
807 2807 941 2850 subita
956 2809 1003 2848 fit·
1020 2804 1180 2855 coiit-ur·
1231 2804 1383 2854 munia,
1400 2810 1545 2857 minas,
1564 2810 1696 2854 initia.

291 2879 360 2904 sus
378 2861 603 2903 hominu'm..
630 2860 742 2912 E'my.
769 2859 775 2867 ’
883 2863 885 2867 '
924 2859 929 2867 ⁴
1016 2855 1021 2866 ⁸
1285 2859 1551 2914 Affectoejam
1570 2863 1673 2914 Imp.
1691 2859 1795 2912 opes]
1817 2861 1845 2898 i.
1860 2871 1895 2899 ε.
1906 2860 2114 2899 diminute.

353 2920 445 2957 Viri
460 2916 701 2972 Consularis]
730 2915 822 2955 Viri
835 2928 917 2972 pon
935 2919 996 2953 est
1013 2916 1053 2953 in
1073 2915 1177 2963 Bud.

244 2983 248 2987 ·
293 2984 367 3011 uec
384 2973 479 3019 Agr.
512 2967 671 3010 Delet'rit
697 2973 738 3008 et
761 2969 801 3018 J.
828 2971 951 3025 Gron.
972 2969 1040 3020 qui
1059 2968 1176 3023 nlmis

293 3036 415 3078 prope
434 3025 570 3063 iterari
589 3035 722 3071 vocem
743 3026 870 3063 notat.
910 3021 914 3025 ’
1059 3021 1062 3027 “
1155 3021 1158 3024 ’

353 3080 405 3117 Ut
424 3078 626 3128 fastiditi]
664 3076 828 3118 Quibus·
849 3076 1024 3129 noluerit
1054 3077 1178 3127 impe-

294 3144 398 3179 rare,
431 3131 563 3170 oblato
608 3132 786 3181 quamvis
829 3127 1013 3186 Imperio.
1066 3131 1174 3170 ERN.

296 3186 504 3232 Cf.1,52.
526 3189 650 3230 2‚51.
863 3181 867 3184 ’
1089 3183 1095 3189 ’

351 3241 462 3279 Inter
489 3239 627 3275 ι’)ιαηία
654 3238 742 3274 bella
791 3238 832 3290 h.
852 3248 886 3275 ε.
904 3249 990 3287 quae
1007 3236 1175 3292 speciem

294 3294 421 3343 magis
447 3291 665 3331 terribilem
699 3289 750 3327 h'a
778 3295 906 3336 erent,
933 3301 1052 3338 quam
1082 3291 1174 3326 vim.

294 3349 357 3387 Ea.
379 3345 526 3395 species
554 3348 615 3382 est
632 3343 750 3382 etiam
770 3344 811 3381 in
830 3342 1086 3380 multitudine
1112 3355 1176 3380 co-

294 3402 474 3450 piarumz
504 3402 545 3434 et
574 3398 645 3435 hac
673 3408 814 3435 caussa
837 3396 1085 3434 illa'auxilia
1114 3407 1176 3432 as—

295 3459 441 3492 sumta.
489 3453 636 3490 luania
669 3452 724 3488 sic
757 3450 833 3487 dici
869 3451 1024 3493 Tacito,
1056 3461 1176 3497 supra

295 3519 449 3557 quoque
469 3505 652 3544 vidimus.
706 3503 909 3542 Firmatur
923 3503 1042 3539 lectio
1062 3502 1175 3539 MSS.

293 3562 400 3606 Flor.
433 3556 565 3613 (Eud.)
599 3557 833 3597 Guelf.edd.
853 3561 952 3598 vett.
1000 3555 1103 3595 Nam
1132 3557 1174 3594 in

1233 2921 1274 2954 et
1301 2915 1448 2954 frac‘tae.
1491 2916 1565 2954 Ed.
1582 2927 1644 2963 pr.
1665 2921 1748 2958 tam
1766 2917 1807 2951 et
1833 2926 1923 2952 mox
1940 2915 2113 2952 emissio-

1231 2963 1325 3008 'neei
1354 2981 1522 3020 quorum
1550 2969 1649 3006 illud
1670 2980 1692 3006 e
1707 2967 1801 3018 jam
1825 2971 1979 3013 natum,
1997 2969 2068 3004 hoc
2090 2979 2113 3004 ε

1230 3018 1497 3075 geminat-ione
1509 3018 1773 3072 'praecedentis
1798 3021 1938 3058 finalis.
1995 3022 2113 3059 Cete.

1231 3078 1319 3125 rum'
1339 3073 1450 3122 MSS.
1467 3076 1572 3114 Flor.
1589 3074 1686 3127 Agr.
1703 3075 1808 3123 jam.
1844 3075 1975 3112 Ceteri
2007 3074 2113 3124 (Put.

1230 3127 1318 3171 Alc.
1335 3128 1482 3181 Rhen.)
1499 3126 1602 3171 male
1619 3135 1764 3173 tamen,
1779 3127 1883 3177 quod
1901 3139 1921 3164 ε
1938 3135 2023 3166 tam
2040 3140 2113 3166 na·

1229 3189 1332 3223 tum.
1356 3185 1450 3220 ordo
1468 3182 1541 3228 est,
1559 3188 1605 3219 ut
1627 3179 1717 3232 opes
1733 3182 1763 3218 i.
1786 3183 1815 3218 ἰ.
1843 3181 1994 3230 ffctoe
2018 3182 2112 3230 aff

1229 3236 1519 3285 largitionibus.
1554 3232 1664 3273 Ean.
1700 3234 1803 3271 Bud.
1822 3241 1919 3273 tam.
1949 3235 2057 3273 Idem
2070 3239 2122 3273 et.

1230 3291 1289 3327 ed.
1306 3292 1395 3328 Put.
1414 3286 1651 3327 AlmRhen.
1668 3289 1879 3336 missiones.

1282 3343 1505 3380 Exiciabice
1521 3343 1566 3379 id
1582 3338 1715 3392 Reip']
1763 3336 1826 3389 Sic
1845 3342 1951 3379 Flor.
1970 3340 2109 3392 (Bud.)

1229 3397 1360 3434 Guelf.
1379 3397 1440 3432 ed.
1461 3395 1524 3444 pr.
1541 3390 1647 3433 Pich.
1666 3406 1772 3443 seqq.
1824 3394 2011 3434 Exitiale
2028 3396 2111 3432 edi-

1228 3448 1288 3486 dit
1305 3450 1455 3487 Puteol.
1473 3453 1515 3487 et
1531 3452 1606 3486 cet.
1619 3450 1711 3485 ante
1725 3448 1832 3489 Pich.
1843 3454 1884 3487 et
1896 3450 1936 3487 id
1953 3459 2108 3501 quoque

1230 3503 1394 3542 verbum
1411 3503 1596 3554 probum.
1627 3502 1738 3543 ERN}
1806 3501 1824 3508 ”
2095 3501 2098 3505 ’
