2190 3880
689 132 850 184 mn.
888 129 984 192 ιιι.
1039 131 1310 182 mess.
1822 135 1927 182 ass

115 264 424 321 ctebautur.
470 259 639 315 Multi
666 259 1029 324 semianimes,
1055 275 1217 329 snper
1242 266 1415 309 turres
1436 265 1492 309 et
1516 257 1925 330 propugnacula
1941 280 1994 321 A.
2009 279 2064 326 v.

877 329 1168 384 Convulsis
1210 329 1404 400 portiS,
1450 328 1684 399 reliquus
1729 331 1925 401 globus
1960 339 2035 379 823

121 407 324 461 obtulit
374 424 431 459 se
484 405 811 458 victoribus:
865 413 922 455 et
973 402 1217 455 cecidere
1258 418 1446 454 omnes
1485 402 1770 453 contrariis
1812 397 1996 456 vul-A·
2052 423 2066 437 ·

119 336 392 391 moeninm
439 334 801 405 exspiravere.

120 479 362 544 neribuS,
398 477 538 531 versi
581 477 638 529 in
679 477 917 528 hostem.
959 493 1025 527 ea
1062 493 1192 527 cura
1227 474 1390 526 etiam
1435 473 1791 524 morientibus
1837 476 1930 526 de-

122 551 238 607 cori
279 551 460 603 exitus
501 549 623 603 fuit.

118 620 239 677 latii
292 635 520 694 partem,
566 621 922 683 Aventinum,
973 619 1029 670 in
1085 620 1312 671 domum
1363 616 1572 680 uxoris,
1615 615 1800 668 sellula
1839 618 1932 669 de-

122 693 333 748 fertur:
372 706 452 759 ut,
489 695 534 746 si
577 693 722 746 diem
757 692 964 744 latebra
1009 690 1307 755 vitavisset,
1348 685 1695 742 Tarracinam
1735 688 1803 740 ad
1839 706 1935 741 co-

119 764 307 819 hortes
359 765 689 835 fratremque
738 762 1070 834 perfugeret.
1147 762 1292 814 Dein
1351 761 1657 813 mobilitate
1707 760 1934 831 ingenii,

123 850 181 890 et
211 856 339 908 quae
382 848 576 889 natura
615 836 831 906 pavoris
871 844 973 899 est,
1012 852 1138 887 cum
1177 834 1360 902 omnia
1398 833 1662 885 metuenti
1700 850 1937 904 praesen-

126 909 205 962 tia
242 908 484 962 maxime
529 908 894 978 displicerent,
947 906 1002 959 in
1046 906 1307 977 palatium
1361 906 1681 976 regreditur,
1723 915 1938 958 vastum

95 984 98 989 “
121 980 534 1051 desertumque:
572 979 794 1050 dilapsis
821 980 986 1031 etiam
1014 978 1217 1030 infimis
1244 977 1607 1041 servitiorum,
1631 981 1725 1029 aut
1745 995 1936 1030 occur-

116 1071 247 1120 sum
285 1051 405 1122 ejus
436 1051 856 1104 declinantibus,
930 1050 1118 1103 Terret
1149 1049 1387 1102 solitudo
1422 1059 1479 1100 et
1520 1059 1760 1101 tacentes
1801 1049 1935 1104 loci:

126 1133 303 1177 tentat
333 1124 544 1178 clausa:
584 1123 908 1176 inhorrescit
944 1123 1159 1187 vacuis;
1197 1120 1478 1191 fessusque
1506 1121 1704 1173 misero
1739 1137 1939 1189 errore,

125 1208 184 1249 et
216 1196 470 1268 pudenda
493 1195 700 1250 latebra
729 1209 901 1248 semet
925 1194 1222 1258 occultam,
1256 1194 1325 1245 ab
1357 1192 1391 1246 J
1401 1192 1510 1244 ulio
1542 1192 1786 1258 Placide,
1818 1191 1940 1245 Tri-

118 1269 278 1321 *buno
312 1267 573 1332 cohortiS,
609 1266 960 1339 protrahitur.
1036 1266 1254 1317 Vinctae
1293 1283 1434 1336 pone
1469 1275 1683 1336 tergum
1712 1282 1934 1319 manus:

127 1339 333 1394 laniata
357 1352 522 1403 veste,
552 1339 765 1393 foedum
790 1337 1180 1410 spectaculum,
1207 1337 1526 1401 ducebatur,
1554 1335 1738 1389 multis
1764 1336 1940 1390 incre-

129 1412 407 1483 pantibus,
437 1411 583 1464 nullo
620 1411 1015 1463 inlacrimante.
1057 1408 1373 1462 deformitas
1414 1409 1594 1461 exitus
1635 1408 1941 1461 misericor-

129 1484 277 1537 diam
302 1483 617 1536 abstulerat.
692 1483 906 1536 Obvius
934 1500 964 1534 e
992 1482 1334 1535 Germanicis
1364 1480 1628 1533 militibus
1657 1479 1943 1535 Vitellium

131 1555 332 1613 infesto
359 1557 491 1622 ictu,
522 1573 618 1627 per
648 1554 803 1621 iram,
829 1555 912 1609 vel
942 1573 1050 1625 quo
1082 1553 1343 1606 maturius
1375 1552 1623 1605 ludibriis
1657 1552 1941 1621 eximeret,

123 1700 329 1750 conjuges,
356 1700 489 1748 liberi,
519 1713 630 1750 quos,
664 1700 776 1738 velut
808 1693 1006 1744 morituri,
1061 1699 1110 1736 ad
1133 1698 1235 1737 Ven.
1262 1698 1291 1736 1.
1313 1710 1345 1735 c.
1365 1710 1386 1734 e
1405 1697 1606 1744 Sallustio,
1623 1697 1692 1746 qui
1711 1697 1754 1735 in
1772 1696 1945 1736 abditam

125 1756 439 1805 amplectuntur.
470 1757 545 1794 Pro
564 1755 908 1805 complectebantur
923 1754 1008 1791 MS.
1054 1760 1212 1804 partem
1229 1753 1371 1790 aedz'um
1386 1754 1538 1791 secessit
1555 1752 1674 1790 Catil.
1688 1764 1721 1790 c.
1738 1756 1804 1789 20.
1824 1752 1946 1791 etiam

129 1808 236 1849 Flor.
270 1810 612 1861 amplectebantur,
648 1810 751 1859 quod
785 1810 936 1858 recepit
967 1809 1008 1846 J.
1063 1808 1284 1846 Gronovius
1302 1811 1416 1856 pater
1433 1807 1483 1844 ad
1500 1807 1670 1853 Livium,
1690 1807 1723 1843 si
1741 1810 1846 1843 recte
1864 1817 1947 1844 me·

118 1860 257 1910 ,δι-οι.
305 1865 419 1903 Ovid.
438 1865 560 1902 Trist.
583 1871 620 1912 1,
639 1870 679 1903 3.
698 1867 765 1904 67.
799 1864 891 1902 dum
905 1864 1009 1908 licet,
1063 1863 1175 1900 mini.
1216 1863 1289 1900 Ed.
1307 1874 1368 1911 pr.
1386 1861 1507 1899 habet
1519 1867 1699 1911 portam.-
1719 1861 1822 1910 quod
1838 1872 1950 1910 aeque

128 1915 357 1968 amplectar.
411 1919 563 1959 Contra
578 1919 665 1957 Liv.
682 1923 751 1964 40,
770 1922 810 1956 4.
837 1918 892 1956 sic
908 1918 1013 1956 The-
1065 1929 1111 1954 ac
1139 1923 1295 1967 partem
1330 1916 1489 1965 probari
1525 1920 1670 1965 posset,
1698 1916 1732 1953 si
1767 1915 1950 1964 pluribus

700 547 971 613 Vitellius,
1017 558 1179 617 capta
1214 547 1367 610 urbe,
1408 563 1504 615 per
1551 562 1811 596 aversani¹
1836 565 1930 617 pa·
1948 566 2014 614 85

131 1984 261 2010 oxena
285 1973 503 2012 moritura:
532 1975 659 2012 virum
687 1974 861 2011 omnitem
877 1974 1014 2010 mortis

131 2028 357 2078 complexa.
380 2027 451 2066 ubi
477 2029 560 2066 cod.
581 2028 704 2066 Lond.
722 2039 798 2065 sec.
819 2029 1013 2077 amplexa.

132 2078 262 2132 Igitur
279 2081 329 2120 ob
347 2094 471 2120 unum
488 2082 635 2120 librum
654 2083 713 2120 nil
731 2087 893 2119 mutem.
936 2082 1015 2119 Ea-

131 2134 220 2173 dem
237 2137 406 2174 varietas
424 2142 464 2184 4,
489 2143 552 2175 ll.
597 2137 671 2175 Ed.
698 2149 758 2185 pr.
786 2136 1016 2185 contempla-

133 2186 288 2228 bantur.
314 2191 423 2228 ERN.
450 2191 552 2229 Bud.
566 2190 921 2239 complectebantur.
945 2189 1017 2227 Pa-

133 2256 223 2281 rum
243 2245 435 2293 interest3
454 2256 602 2294 repono
617 2248 752 2283 tamen
765 2244 868 2282 Flor.
880 2244 1016 2281 lectio-

132 2309 225 2337 nem
250 2303 292 2336 et
317 2310 407 2336 cum
429 2300 520 2349 Bip.
538 2311 616 2337 non
633 2297 685 2336 acl
702 2299 907 2347 amplexus
925 2309 1018 2335 con-

127 2353 275 2405 jugum
301 2357 342 2391 et
368 2353 598 2400 liberorum,
615 2354 682 2392 sed
708 2354 759 2391 ad
786 2353 864 2390 ista
890 2353 1018 2390 vindi·

72 2453 80 2466 ⁸
129 2411 206 2446 ,βίω
228 2407 419 2457 facinora,
435 2409 649 2459 iuquietare
665 2409 755 2447 vict.
774 2408 921 2446 morari
940 2420 1018 2457 pa-

134 2475 215 2501 cem
242 2466 317 2500 etc.
349 2463 599 2500 referendum
627 2461 798 2500 arbitror
815 2463 1016 2511 amplecte-

133 2516 291 2554 bantur.
333 2517 465 2567 Atque
500 2518 573 2555 hoc
609 2519 739 2568 ipsum
774 2516 829 2554 sic
863 2527 1016 2566 quoque

136 2570 328 2623 Balitdtio
345 2571 538 2619 placuisse
555 2572 681 2610 video.

193 2625 412 2663 Contrariis
429 2627 661 2672 vulneribus,
674 2627 775 2664 versi
792 2627 836 2663 in
851 2624 1011 2675 hostem]

136 2680 348 2716 Contraria
359 2681 519 2718 vulnera
536 2680 693 2729 proprie
707 2683 813 2723 sunt,
825 2691 912 2727 quae
928 2691 1017 2716 mu-

133 2737 208 2770 tua
224 2732 321 2770 alias
338 2733 538 2772 dicuntur.
593 2735 678 2772 Liv.
708 2740 747 2779 2,
765 2737 803 2770 6.
825 2734 871 2770 de
890 2734 1018 2771 Bruto

135 2791 180 2824 et
189 2787 431 2836 Tarquinio:
461 2790 654 2827 contrario
669 2791 750 2827 ictu
757 2800 829 2838 per
832 2799 1018 2837 parmam

140 2847 297 2892 uterque
354 2844 584 2892 tran-fixus,
643 2843 792 2880 duabus
839 2842 1022 2879 lzoerentes

132 2897 276 2942 ,lta-rtis,
307 2897 527 2935 moribundi
558 2910 609 2934 ea:
639 2900 748 2947 equis
776 2898 879 2945 lapsi
915 2902 1021 2933 sunt.

142 2951 216 2989 Sed
234 2950 368 2996 verba,
387 2953 486 2988 versi
502 2953 544 2988 in
562 2951 719 2997 hostem,
740 2951 837 2987 mihi
855 2950 902 2987 de
919 2950 1023 2998 glos-

134 3017 181 3042 sa
206 3009 387 3055 suspecta
407 3009 514 3043 sunt.
566 3005 670 3042 Nam
690 3006 783 3054 quid
809 3016 857 3041 ex
885 3005 934 3041 iis
963 3005 1023 3042 in-

135 3058 345 3109 telligitur,
363 3059 467 3109 quod
484 3071 561 3097 non
583 3061 624 3098 in
653 3059 797 3106 verbis,
816 3060 1022 3096 contrariis

129 3113 368 3160 ,vulneribus
385 3114 536 3160 cadere,
558 3114 679 3152 insit?
711 3118 784 3152 aut
810 3114 852 3151 in
880 3125 1024 3162 praece-

130 3164 340 3214 dentibus,
359 3169 497 3207 obtulit
514 3182 554 3206 se
573 3170 780 3207 victoribus
793 3168 814 3206 ?
843 3169 950 3205 ERN.

193 3222 273 3261 Per
293 3227 467 3260 aversam
486 3224 638 3273 palatii
652 3222 823 3272 partem]
852 3223 1019 3260 Roman.

134 3282 305 3326 pou-cam,
325 3277 428 3326 quod
444 3278 629 3326 praefero:
661 3282 733 3315 aut
750 3278 895 3326 potius,
913 3282 1022 3314 utra-

134 3341 218 3378 ⁴que
235 3343 326 3368 voce
338 3335 485 3381 spreta,
491 3344 563 3381 per
575 3344 709 3370 aversa
721 3333 882 3382 palatii,
913 3331 1022 3380 Saepe

142 3383 200 3420 ita
226 3388 358 3426 noster
385 3386 574 3435 loquitur.
602 3387 773 3435 itemque
788 3386 962 3423 Velleius
979 3391 1020 3431 2,

143 3441 167 3474 6
172 3443 210 3475 3.
245 3440 442 3477 Antonius
456 3453 527 3489 per
545 3452 678 3477 aversa
689 3447 917 3487 castrorum,
930 3453 1022 3490 pro-

140 3498 230 3533 ruto
242 3493 357 3539 vallo,
373 3501 544 3543 receptus
567 3501 637 3532 est.
686 3496 797 3532 Lirs.
834 3495 1023 3532 Defendit

133 3546 348 3598 salgatum
359 3547 530 3584 Pichena
539 3560 560 3584 e
573 3561 607 3585 c.
625 3553 688 3588 70.
708 3555 750 3585 ut
758 3561 829 3597 per
840 3555 1026 3590 secretam

140 3600 288 3639 a’diam
310 3607 464 3649 partem
482 3605 628 3640 occulte
643 3603 778 3651 abiret,
798 3608 838 3639 et
862 3603 1026 3640 Vossius

1065 1971 1178 2009 libris
1194 1972 1431 2018 firmaretur,
1451 1983 1544 2008 nam
1567 1976 1720 2020 partem
1737 1969 1904 2007 subinde
1927 1981 1950 2007 e

1061 2033 1181 2076 porta
1214 2027 1339 2063 fecere
1365 2026 1531 2071 librarii.
1586 2025 1634 2062 V.
1666 2024 1868 2062 Drakenb.
1901 2025 1952 2063 ad

1069 2082 1154 2119 Liv.
1182 2087 1223 2127 4,
1254 2084 1320 2118 46.
1352 2083 1392 2118 et
1420 2092 1442 2117 e
1467 2086 1582 2130 parte
1607 2083 1745 2117 contra
1766 2085 1951 2128 portam.-

1070 2134 1164 2173 ibid.
1178 2136 1226 2172 ad
1238 2140 1305 2181 24,
1318 2140 1384 2175 47.
1426 2136 1519 2173 Post
1532 2134 1616 2172 MS.
1628 2134 1731 2172 Bud.
1746 2135 1953 2180 Aventini,

1070 2190 1173 2238 quod
1191 2190 1293 2228 male
1311 2189 1454 2237 probat
1464 2189 1713 2226 Vertranius.
1769 2188 1954 2237 Intellige

1069 2246 1134 2282 in:
1151 2257 1238 2293 quae
1255 2244 1356 2282 solet
1371 2245 1414 2281 in
1433 2243 1614 2293 partibus
1630 2243 1790 2280 urbium
1807 2243 1953 2281 omitti.

1071 2298 1233 2338 Sueton.
1253 2297 1345 2336 Tib.
1367 2303 1429 2336 15.
1466 2312 1486 2335 e
1511 2298 1666 2337 Carinis
1681 2310 1729 2336 ac
1746 2298 1953 2347 Pompeia-

1069 2364 1123 2390 na
1156 2354 1268 2391 domo
1298 2353 1507 2403 Esquilias
1537 2353 1852 2401 transmigravit.
1903 2353 1955 2391 V.

1069 2408 1109 2445 J.
1143 2408 1188 2447 F.
1218 2410 1341 2446 Gron.
1366 2408 1416 2444 ad
1444 2407 1530 2445 Liv.
1561 2412 1602 2452 ⁶2,
1631 2412 1698 2444 28.
1729 2406 1830 2445 Add.
1859 2405 1956 2446 ibid.

1069 2461 1271 2500 Drakenb.
1285 2473 1401 2512 quem
1415 2462 1478 2499 hic
1490 2462 1599 2498 locus
1610 2461 1739 2498 Taciti
1760 2472 1840 2499 non
1858 2461 1956 2499 effu-

1071 2517 1143 2565 git.
1198 2518 1381 2565 Denique
1400 2529 1472 2565 pro
1499 2517 1697 2554 vitavisset
1713 2515 1774 2552 ed.
1793 2527 1854 2564 pr.
1871 2525 1957 2552 cor-

1073 2576 1190 2620 rupte
1222 2573 1430 2609 visitasset.
1485 2570 1595 2608 ERN.
1651 2569 1754 2608 Bud.
1785 2575 1956 2620 partem.

1074 2626 1134 2663 Cf.
1152 2630 1194 2663 et
1211 2627 1267 2663 H.
1286 2631 1325 2671 2,
1342 2630 1408 2662 51.

1131 2680 1262 2718 Terret
1289 2679 1455 2718 solitudo
1482 2684 1519 2715 et
1547 2682 1717 2716 tacentes
1743 2676 1835 2727 loci]
1867 2677 1959 2715 Vir-

1070 2733 1190 2782 gilius
1209 2744 1396 2771 arcanum
1413 2733 1519 2770 hunc
1536 2736 1690 2770 naturae
1709 2735 1850 2770 nostrae
1875 2744 1958 2770 mo·

1071 2792 1157 2825 tum
1176 2789 1326 2838 pariter
1351 2788 1464 2825 effert
1485 2788 1578 2825 AEn.
1598 2792 1638 2832 2,
1657 2791 1751 2826 755.
1805 2786 1960 2824 Horror

1075 2843 1216 2893 ubique
1234 2844 1383 2882 animos
1401 2848 1516 2893 atque
1527 2843 1615 2891 ipsa
1627 2842 1784 2879 silentia
1800 2838 1960 2880 terreni.

1076 2897 1188 2935 ers.

1132 2951 1323 2989 Pudenda
1347 2948 1513 3000 latebra]
1547 2949 1658 2987 Suet.
1685 2961 1720 2987 c.
1751 2952 1814 2993 16,
1842 2950 1961 2988 cellu-

1076 3006 1159 3050 lam
1176 3006 1367 3055 januaris
1390 3005 1503 3050 dicit,
1519 3005 1689 3053 religato
1712 3004 1961 3054 proforibus

1077 3072 1184 3098 cane.
1238 3060 1317 3098 Dio
1346 3063 1415 3105 65,
1446 3063 1512 3097 20.
1547 3058 1685 3096 cellam
1719 3070 1861 3097 eanum
1894 3070 1962 3096 vo-

1077 3119 1154 3152 cat.

1132 3168 1338 3207 Ludibriis
1362 3166 1562 3218 eximeret]
1595 3167 1680 3205 MS.
1710 3166 1844 3205 Guelf.
1873 3166 1960 3205 edd.

1075 3227 1168 3260 aute
1196 3223 1325 3261 Rhea.
1357 3223 1537 3261 ludibrio.
1591 3222 1630 3260 Is
1659 3223 1706 3259 de
1733 3222 1962 3268 conjectura

1074 3277 1184 3315 dedit
1209 3277 1402 3322 ludibriis,
1421 3277 1523 3325 quod
1552 3276 1594 3314 in
1624 3277 1708 3314 MS.
1740 3276 1844 3314 Eud.
1875 3280 1962 3312 erat

1078 3332 1245 3370 localibus.
1294 3332 1420 3370 Credo
1439 3332 1620 3369 ludibriis
1635 3342 1719 3368 esse
1736 3335 1777 3367 et
1796 3331 1836 3367 in
1855 3330 1963 3367 Flet.

1077 3387 1171 3435 quia
1199 3385 1298 3424 nihil
1318 3389 1497 3423 notatum
1517 3386 1658 3423 diversi
1677 3397 1701 3421 a
1719 3385 1881 3433 vulgato
1898 3394 1961 3420 re.

1078 3443 1176 3490 peri.
1229 3441 1326 3478 Mox
1358 3441 1399 3477 in
1430 3440 1561 3477 Guelf.
1592 3442 1736 3477 incerto
1766 3450 1791 3475 a
1819 3450 1870 3474 m.
1900 3447 1962 3485 pr.

1077 3496 1219 3533 omisso
1235 3497 1291 3532 in.
1317 3495 1407 3532 hinc
1433 3504 1538 3530 man.
1556 3505 1632 3530 sec.
1649 3492 1819 3530 correxit
1836 3493 1962 3529 incer-

1079 3556 1177 3588 tum.
1230 3550 1338 3590 ERN.
1392 3548 1496 3586 Bud.
1513 3549 1556 3586 iu
1574 3549 1729 3585 incerto.
