2190 3880
697 115 852 168 LIB.
897 117 959 167 V.
1012 117 1175 166 CAP.
1207 120 1292 166 26.
1334 115 1336 118 ’
1815 121 1912 165 345

34 234 38 244 “
82 258 269 313 ‚super
305 239 533 297 taedium
573 237 859 304 malorum,
896 237 1061 291 etiam
1107 255 1203 310 spe
1240 239 1392 303 vitae,
1429 257 1552 309 quae
1599 239 1915 312 plerumque
1929 264 1978 304 A.
1997 260 2054 306 n,

106 329 337 384 magnos
369 310 580 363 animos
607 308 878 381 infringit.
955 309 1142 363 Petito
1168 308 1481 377 conloquio,
1510 311 1775 364 scinditur
1802 313 1915 365 Na-
1946 320 2040 357 824-

109 383 269 437 baliae
294 380 538 434 fluminis
564 398 719 451 pons,
759 382 816 432 in
853 378 1010 449 cu’us
1040 381 1274 450 abrupta
1301 381 1568 449 progressi
1602 381 1820 435 Duces:
1861 372 2049 462 etA·¹C·

109 451 304 506 Civilis
329 452 408 505 ita
432 453 640 522 coepit:
678 451 722 503 si
747 452 888 521 apud
960 449 1112 502 itellii
1133 450 1386 519 Legatum
1406 448 1728 519 defenderer-3
1762 471 1919 523 neque
1956 428 1979 467 ⁷
2012 452 2022 464 '

90 522 247 595 facto
271 540 377 576 meo
402 522 568 586 venia,
592 538 750 591 neque
773 521 922 573 dictis
920 520 1078 589 fides,
1103 519 1397 574 debebatur.
1452 518 1652 572 Cuncta
1675 523 1811 574 inter
1830 542 1919 575 -nos

106 593 338 659 inimica,
363 591 586 658 hostilia,
612 594 680 643 ab
705 591 797 643 illo
825 600 1004 661 caepta,
1030 610 1063 643 a
1097 609 1175 642 me
1210 598 1362 642 aucta
1398 598 1562 642 erant.
1637 590 1786 662 Erga
1823 591 1875 643 V
1868 612 1920 646 e-

105 664 398 734 spasianum
422 672 561 716 vetus
584 661 711 714 mihi
735 662 1085 714 observantia:
1121 670 1187 726 et,
1213 679 1325 713 cum
1343 661 1580 731 privatus
1606 672 1741 727 esset,
1768 665 1922 715 amici

106 735 435 788 vocabamur.
500 733 620 786 Hoc
663 731 849 784 Primo
889 731 1119 784 Antonio
1174 741 1367 796 notum,
1406 732 1547 801 cujus
1592 733 1811 801 epistolis
1855 733 1926 784 ad

113 804 299 858 bellum
323 804 515 857 accitus
538 820 666 867 sum,
688 819 751 854 ue
772 801 1094 855 Germanic-ce
1116 802 1348 873 legiones,
1373 811 1421 854 et
1450 801 1665 854 Gallica
1675 805 1925 874 juventus

110 874 271 946 Alpes
290 873 696 928 transscenderet.
738 869 867 928 Quce
882 871 1142 926 Antonius
1163 872 1404 941 epistolis,
1427 872 1754 926 Hordeonius
1771 874 1924 926 Flac-

108 964 196 998 cus
227 963 441 1016 praesens
470 943 724 1008 monebat,
751 961 899 995 arma
924 944 980 995 in
1013 943 1292 995 Germania
1319 944 1473 1007 movi,
1499 961 1610 1014 quae
1637 945 1898 998 Mucianu

103 1016 159 1069 in
183 1015 359 1087 Syria,
387 1015 626 1085 Aponius
650 1014 706 1066 in
729 1012 938 1080 Massia,
967 1011 1254 1067 Flavianus
1279 1014 1333 1066 in
1361 1013 1663 1067 Pannonia.
1872 1033 1881 1037 ’

161 1175 551 1229 Nabalioefluminis]
582 1176 788 1226 Nusquam
807 1177 847 1214 id
865 1175 995 1214 flumi-

47 1260 53 1265 -
105 1232 167 1271 nis
186 1234 229 1270 in
246 1232 319 1269 hoe
338 1235 486 1270 tractu.
540 1232 607 1269 An
635 1231 822 1280 oppidum
851 1241 897 1267 eo
925 1241 995 1266 no—

106 1285 246 1324 mine?
303 1286 422 1326 Quod
448 1284 571 1322 Junio
597 1285 801 1322 Hadriano
823 1284 997 1330 videtur,

105 1339 281 1390 legitque
301 1339 497 1377 Navalioe.
527 1342 568 1374 et
584 1337 723 1375 urbem
742 1339 910 1386 Campos
933 1338 992 1374 ita

106 1393 309 1442 indigitat,
324 1393 373 1430 ad
386 1394 516 1429 sinum
533 1392 646 1428 hodie
659 1392 887 1436 australem,
899 1392 992 1428 Pto-

106 1447 243 1485 lemaeo
257 1458 400 1496 parum
413 1445 581 1483 firmiter
597 1446 770 1483 innixus.
801 1446 888 1494 Ego
906 1456 991 1482 am-

105 1500 214 1550 bigo,
233 1511 284 1538 ne
308 1499 475 1538 Vahalis
490 1499 763 1548 corrigendum
780 1498 846 1536 sit.
889 1499 990 1535 Pon-

105 1558 187 1593 tem
205 1553 363 1602 quidem
385 1553 555 1602 aliquem
569 1557 744 1602 coeptum
764 1563 788 1588 a
800 1553 989 1590 Romanis

106 1608 244 1658 paullo
271 1618 393 1657 supra
414 1607 536 1655 legas,
554 1607 619 1643 sed
647 1606 912 1644 Batavoduri:
942 1606 990 1642 de

105 1673 185 1711 quo
212 1661 294 1698 haec
319 1672 401 1699 nou
420 1671 518 1697 vane
546 1659 766 1708 intellegas,
785 1660 863 1696 nisi
887 1660 995 1707 quod

105 1715 404 1754 Batavodurum
423 1714 472 1750 ad
488 1714 673 1752 Rhenum
698 1714 820 1751 fuisse
837 1714 990 1759 volunt,

106 1780 205 1819 quos
220 1772 364 1818 arguat
381 1768 446 1805 hic
473 1767 594 1805 locus.
637 1768 752 1805 L1Ps.
806 1767 916 1804 Idem
935 1768 991 1804 vi·

106 1834 198 1862 sum
225 1827 320 1860 ante
346 1822 538 1860 Rhenano
570 1820 680 1872 (quia
708 1821 751 1858 in
780 1819 883 1858 Bud.
903 1819 992 1871 fla-

107 1875 239 1927 baeie).
282 1875 384 1914 Aliis
399 1875 541 1912 aliter:
571 1886 657 1923 quae
674 1885 991 1921 commemorare,

101 1941 199 1970 cum
232 1931 387 1968 incerta
420 1928 501 1966 sint
532 1929 680 1974 omnia,
711 1928 813 1965 nihil
857 1929 992 1966 refert.

107 1984 217 2023 ERN.
260 1981 428 2021 Vahalis
442 1982 505 2019 hic
522 1981 651 2020 locum
680 1981 824 2020 habere
842 1982 994 2030 nequit.

103 2036 242 2078 civilis
271 2036 315 2074 in
347 2036 692 2074 Transrhenanam
722 2039 992 2083 concesserat3

106 2091 276 2130 Cerialis
294 2089 438 2138 agebat
453 2090 497 2126 in
512 2090 687 2127 Batavis.
717 2090 924 2127 Cluverius
941 2091 992 2127 G.

104 2144 159 2183 A.
175 2149 217 2190 3,
239 2149 303 2184 17.
330 2148 371 2181 et
386 2143 541 2193 Alting.
566 2146 600 2180 t.
623 2148 657 2179 1.
685 2154 726 2191 p.
747 2145 814 2182 67.
842 2143 990 2179 intelli-

106 2202 211 2247 gunt
238 2197 394 2235 alveum
430 2196 578 2242 Rheni,
610 2197 679 2244 qui
723 2197 841 2243 vulgo
885 2197 990 2232 fossa

107 2251 246 2297 Drusi,
287 2261 367 2299 qua
397 2250 503 2287 Izala
534 2249 673 2288 Rheno
714 2250 987 2287 committitur.

104 2305 306 2343 Fontanus
326 2303 484 2341 Navam
505 2302 676 2394 voleRYt,
689 2303 765 2345 aed
792 2313 839 2339 ea
864 2303 984 2340 nimis

104 2369 129 2395 a
145 2359 282 2395 castris
299 2357 487 2396 Romanis
509 2367 618 2395 remo

103 2412 240 2450 definit
258 2417 299 2461 2,
317 2417 358 2459 3,
382 2415 447 2451 19.

1099 1174 1162 1214 Et
1182 1176 1309 1214 civilis
1334 1178 1393 1215 ita
1418 1177 1550 1227 eoepit]
1599 1178 1945 1226 eonjunctionem.

1047 1241 1068 1266 e
1087 1230 1193 1268 mor.
1221 1230 1388 1278 praefixit
1402 1231 1510 1268 Pich.
1526 1231 1631 1269 Bud.
1649 1242 1730 1269 non
1748 1232 1881 1271 habet.

1099 1283 1161 1320 Et
1178 1296 1266 1320 cum
1287 1285 1471 1332 privatus
1499 1283 1610 1334 esset]
1659 1286 1720 1322 De
1748 1286 1820 1322 hoc
1843 1288 1930 1324 loco

1044 1338 1167 1374 sensit
1187 1337 1367 1374 Sidonius
1387 1338 1429 1374 in
1445 1338 1633 1385 Epistolis
1654 1340 1775 1383 4,'14.
1809 1341 1929 1378 Caius

1047 1392 1211 1428 Tacitus
1228 1403 1248 1428 e
1265 1390 1479 1439 majoribus
1491 1403 1591 1428 umas
1608 1394 1703 1438 tuis,
1721 1393 1791 1430 sub
1805 1395 1929 1431 verbis

1044 1445 1248 1492 cujusdam
1281 1445 1504 1482 Germanici
1531 1445 1663 1482 Ducis
1690 1447 1732 1483 in
1761 1447 1927 1485 historia

1042 1511 1116 1537 sua
1131 1499 1266 1535 retulit
1280 1512 1292 1534 .·
1324 1500 1420 1534 Cum
1444 1500 1680 1547 Vespasiano
1707 1500 1806 1537 mihi
1820 1506 1928 1538 vetus

1043 1554 1240 1597 amicitia,
1264 1557 1316 1598 et,
1348 1552 1440 1588 dum
1463 1553 1647 1601 privatus
1673 1559 1782 1599 esset,
1811 1556 1933 1594 amicir

1043 1605 1287 1643 vocabamur.
1335 1606 1448 1642 st.

1101 1660 1200 1704 Quoe
1227 1659 1426 1695 Antonius
1454 1656 1646 1708 epistolis]
1681 1659 1878 1709 Epistolis
1905 1672 1929 1698 e

1045 1711 1150 1751 Flor.
1178 1712 1300 1749 edidit
1324 1713 1508 1750 Pichena.
1551 1713 1660 1749 Ante
1679 1714 1765 1750 edd.
1792 1725 1929 1751 omnes

1046 1766 1190 1803 absens.
1219 1766 1315 1802 Mox
1330 1767 1371 1802 in
1389 1766 1449 1803 ed.
1462 1766 1590 1803 Rhen.
1609 1766 1708 1803 vitio
1720 1777 1928 1815 operarum

1042 1820 1192 1857 factum
1210 1820 1384 1857 movebat
1396 1834 1408 1855 .·
1437 1820 1477 1857 id
1492 1820 1660 1857 fideliter
1677 1817 1727 1857 ab
1745 1821 1928 1858 omnibus

1044 1879 1315 1911 conservatum
1344 1885 1468 1922 usque
1495 1873 1545 1911 ad
1572 1873 1794 1920 Pichenam,
1814 1876 1881 1923 qui
1904 1886 1929 1912 a

1045 1926 1149 1964 Flor.
1167 1927 1403 1971 admonitus,
1423 1928 1604 1964 correxit.
1633 1928 1739 1964 ERN.
1778 1929 1928 1964 Absens

1044 1980 1180 2029 glossae
1208 1981 1388 2018 debetur.
1420 1981 1524 2018 Bud.
1556 1981 1639 2017 ita:
1679 1981 1778 2025 Quoe
1802 1983 1928 2018 Anto-

1042 2035 1135 2070 m'us
1157 2045 1325 2083 praesens
1349 2035 1541 2080 monebat,
1559 2034 1711 2070 omissis
1740 2034 1928 2071 interme-

1044 2086 1132 2125 diis.
1177 2089 1278 2125 Cum
1296 2089 1368 2125 hoc
1389 2087 1473 2125 loco
1497 2088 1665 2124 conferri
1693 2094 1867 2125 meretur
1884 2093 1933 2133 11,⁷

1048 2146 1317 2244 13:1⁵'ahianusJ
1379 2195 1483 2243 Lego
1530 2194 1757 2231 Flavianus.
1813 2194 1926 2232 Ln's.

1043 2249 1250 2298 consentit
1277 2247 1450 2286 Florent.
1471 2247 1528 2298 (et
1544 2246 1663 2296 Bud.)
1688 2247 1787 2285 unde
1805 2249 1927 2285 edidit

1042 2301 1229 2340 Picheua.
1278 2302 1386 2340 ERN.
1440 2301 1543 2341 Bud.
1575 2303 1616 2339 in
1647 2303 1728 2340 fine
1751 2301 1858 2353 male,
1882 2303 1927 2339 ia»

635 2360 674 2394 a.
717 2355 909 2395 cellarius
928 2357 986 2394 nil
1039 2355 1204 2393 Parma.
