<?xml version="1.0" encoding="UTF-8"?>
<!DOCTYPE html PUBLIC "-//W3C//DTD XHTML 1.0 Transitional//EN"
    "http://www.w3.org/TR/xhtml1/DTD/xhtml1-transitional.dtd">
<html xmlns="http://www.w3.org/1999/xhtml" xml:lang="en" lang="en">
 <head>
  <title>
</title>
<meta http-equiv="Content-Type" content="text/html;charset=utf-8" />
  <meta name='ocr-system' content='tesseract 3.04.00' />
  <meta name='ocr-capabilities' content='ocr_page ocr_carea ocr_par ocr_line ocrx_word'/>
</head>
<body>
  <div class='ocr_page' id='page_1' title='image "./p1operaexrecensi02taciuoft_0210.png"; bbox 0 0 2190 3880; ppageno 0'>
   <div class='ocr_carea' id='block_1_1' title="bbox 320 124 1570 183">
    <p class='ocr_par' dir='ltr' id='par_1_1' title="bbox 320 124 1570 183">
     <span class='ocr_line' id='line_1_1' title="bbox 320 124 1570 183; baseline 0.004 -5"><span class='ocrx_word' id='word_1_1' title='bbox 320 133 414 178; x_wconf 80' lang='lat'>188</span> <span class='ocrx_word' id='word_1_2' title='bbox 954 124 1570 183; x_wconf 80' lang='lat' dir='ltr'><strong>HISTORIARUM</strong></span> 
     </span>
    </p>
   </div>
   <div class='ocr_carea' id='block_1_2' title="bbox 179 244 2124 330">
    <p class='ocr_par' dir='ltr' id='par_1_2' title="bbox 179 244 2124 330">
     <span class='ocr_line' id='line_1_2' title="bbox 179 244 2124 330; baseline 0.007 -29"><span class='ocrx_word' id='word_1_3' title='bbox 179 251 500 310; x_wconf 69' lang='lat' dir='ltr'>A‚1J‚dinem</span> <span class='ocrx_word' id='word_1_4' title='bbox 530 244 1070 322; x_wconf 71' lang='lat' dir='ltr'>glomerabantur,&#39;et</span> <span class='ocrx_word' id='word_1_5' title='bbox 1096 254 1185 307; x_wconf 85' lang='lat' dir='ltr'>alii</span> <span class='ocrx_word' id='word_1_6' title='bbox 1214 256 1321 309; x_wconf 87' lang='lat' dir='ltr'>tela</span> <span class='ocrx_word' id='word_1_7' title='bbox 1347 275 1589 330; x_wconf 81' lang='lat' dir='ltr'>saxaque</span> <span class='ocrx_word' id='word_1_8' title='bbox 1611 250 1971 327; x_wconf 68' lang='lat' dir='ltr'>incutiebant,</span> <span class='ocrx_word' id='word_1_9' title='bbox 1995 254 2124 314; x_wconf 80' lang='lat' dir='ltr'>cuin</span> 
     </span>
    </p>
   </div>
   <div class='ocr_carea' id='block_1_3' title="bbox 189 320 1630 416">
    <p class='ocr_par' dir='ltr' id='par_1_3' title="bbox 189 320 1630 416">
     <span class='ocr_line' id='line_1_3' title="bbox 189 320 1630 416; baseline 0.008 -45"><span class='ocrx_word' id='word_1_10' title='bbox 189 326 293 416; x_wconf 49' lang='lat'><strong>22:³3</strong></span> <span class='ocrx_word' id='word_1_11' title='bbox 322 322 669 392; x_wconf 82' lang='lat' dir='ltr'>languescere</span> <span class='ocrx_word' id='word_1_12' title='bbox 694 320 976 392; x_wconf 84' lang='lat' dir='ltr'>paullatim</span> <span class='ocrx_word' id='word_1_13' title='bbox 1003 323 1418 380; x_wconf 87' lang='lat' dir='ltr'>Vitellianorum</span> <span class='ocrx_word' id='word_1_14' title='bbox 1444 330 1630 382; x_wconf 80' lang='lat' dir='ltr'>animi.</span> 
     </span>
    </p>
   </div>
   <div class='ocr_carea' id='block_1_4' title="bbox 212 433 278 473">
    <p class='ocr_par' dir='ltr' id='par_1_4' title="bbox 212 433 278 473">
     <span class='ocr_line' id='line_1_4' title="bbox 212 433 278 473; baseline -0.076 -1"><span class='ocrx_word' id='word_1_15' title='bbox 212 433 278 473; x_wconf 87' lang='grc'>70.</span> 
     </span>
    </p>
   </div>
   <div class='ocr_carea' id='block_1_5' title="bbox 315 331 2190 1528">
    <p class='ocr_par' dir='ltr' id='par_1_5' title="bbox 315 331 2190 1528">
     <span class='ocr_line' id='line_1_5' title="bbox 1691 331 2128 384; baseline 0 0"><span class='ocrx_word' id='word_1_16' title='bbox 1691 331 1769 384; x_wconf 85' lang='lat' dir='ltr'>Ut</span> <span class='ocrx_word' id='word_1_17' title='bbox 1829 333 1910 383; x_wconf 86' lang='lat' dir='ltr'>uis</span> <span class='ocrx_word' id='word_1_18' title='bbox 1937 332 2128 384; x_wconf 83' lang='lat' dir='ltr'><strong>ordine</strong></span> 
     </span>
     <span class='ocr_line' id='line_1_6' title="bbox 321 350 2128 471; baseline 0.007 -28"><span class='ocrx_word' id='word_1_19' title='bbox 321 393 583 457; x_wconf 84' lang='lat' dir='ltr'>anteibat,</span> <span class='ocrx_word' id='word_1_20' title='bbox 634 393 828 445; x_wconf 83' lang='lat' dir='ltr'>cedere</span> <span class='ocrx_word' id='word_1_21' title='bbox 877 392 1148 448; x_wconf 76' lang='lat' dir='ltr'>fortunae:</span> <span class='ocrx_word' id='word_1_22' title='bbox 1205 414 1289 461; x_wconf 88' lang='lat' dir='ltr'>ne,</span> <span class='ocrx_word' id='word_1_23' title='bbox 1334 398 1607 452; x_wconf 85' lang='lat' dir='ltr'>Cremona</span> <span class='ocrx_word' id='word_1_24' title='bbox 1652 350 1870 471; x_wconf 57' lang='lat' dir='ltr'>quoqqle</span> <span class='ocrx_word' id='word_1_25' title='bbox 1918 403 2128 466; x_wconf 81' lang='lat' dir='ltr'>excisa,</span> 
     </span>
     <span class='ocr_line' id='line_1_7' title="bbox 319 463 2124 544; baseline 0.005 -28"><span class='ocrx_word' id='word_1_26' title='bbox 319 463 468 516; x_wconf 87' lang='lat' dir='ltr'>nulla</span> <span class='ocrx_word' id='word_1_27' title='bbox 503 463 644 515; x_wconf 87' lang='lat' dir='ltr'>ultra</span> <span class='ocrx_word' id='word_1_28' title='bbox 672 463 846 527; x_wconf 79' lang='lat' dir='ltr'>venia,</span> <span class='ocrx_word' id='word_1_29' title='bbox 874 464 1162 533; x_wconf 84' lang='lat' dir='ltr'>omnisque</span> <span class='ocrx_word' id='word_1_30' title='bbox 1201 467 1281 518; x_wconf 88' lang='lat' dir='ltr'>ira</span> <span class='ocrx_word' id='word_1_31' title='bbox 1307 468 1550 534; x_wconf 87' lang='lat' dir='ltr'>victoris,</span> <span class='ocrx_word' id='word_1_32' title='bbox 1579 488 1686 522; x_wconf 88' lang='lat' dir='ltr'>non</span> <span class='ocrx_word' id='word_1_33' title='bbox 1725 471 1780 523; x_wconf 88' lang='lat' dir='ltr'>in</span> <span class='ocrx_word' id='word_1_34' title='bbox 1810 473 2002 544; x_wconf 82' lang='lat' dir='ltr'>vulgus</span> <span class='ocrx_word' id='word_1_35' title='bbox 2041 473 2124 524; x_wconf 89' lang='lat' dir='ltr'>in-</span> 
     </span>
     <span class='ocr_line' id='line_1_8' title="bbox 319 532 2123 610; baseline 0.003 -23"><span class='ocrx_word' id='word_1_36' title='bbox 319 553 439 605; x_wconf 76' lang='lat' dir='ltr'>opS,</span> <span class='ocrx_word' id='word_1_37' title='bbox 475 534 569 586; x_wconf 88' lang='lat' dir='ltr'>sed</span> <span class='ocrx_word' id='word_1_38' title='bbox 610 534 664 585; x_wconf 91' lang='lat' dir='ltr'>in</span> <span class='ocrx_word' id='word_1_39' title='bbox 707 532 981 585; x_wconf 83' lang='lat' dir='ltr'>Tribunos</span> <span class='ocrx_word' id='word_1_40' title='bbox 1011 534 1498 608; x_wconf 85' lang='lat' dir='ltr'>Centurionesque‚</span> <span class='ocrx_word' id='word_1_41' title='bbox 1535 541 1633 592; x_wconf 87' lang='lat' dir='ltr'>ubi</span> <span class='ocrx_word' id='word_1_42' title='bbox 1682 542 1915 610; x_wconf 86' lang='lat' dir='ltr'>pretium</span> <span class='ocrx_word' id='word_1_43' title='bbox 1956 542 2123 596; x_wconf 87' lang='lat' dir='ltr'>caedis</span> 
     </span>
     <span class='ocr_line' id='line_1_9' title="bbox 318 603 2125 682; baseline 0.004 -25"><span class='ocrx_word' id='word_1_44' title='bbox 318 615 454 670; x_wconf 84' lang='lat' dir='ltr'>erat,</span> <span class='ocrx_word' id='word_1_45' title='bbox 490 614 863 656; x_wconf 84' lang='lat' dir='ltr'>reverteretur.</span> <span class='ocrx_word' id='word_1_46' title='bbox 938 603 1238 675; x_wconf 85' lang='lat' dir='ltr'>Gregarius</span> <span class='ocrx_word' id='word_1_47' title='bbox 1272 608 1444 674; x_wconf 87' lang='lat' dir='ltr'>miles,</span> <span class='ocrx_word' id='word_1_48' title='bbox 1473 609 1640 662; x_wconf 88' lang='lat' dir='ltr'>futuri</span> <span class='ocrx_word' id='word_1_49' title='bbox 1677 624 1860 664; x_wconf 78' lang='lat' dir='ltr'>socors</span> <span class='ocrx_word' id='word_1_50' title='bbox 1886 622 1942 664; x_wconf 89' lang='lat' dir='ltr'>et</span> <span class='ocrx_word' id='word_1_51' title='bbox 1967 613 2125 682; x_wconf 82' lang='lat' dir='ltr'>iguo-</span> 
     </span>
     <span class='ocr_line' id='line_1_10' title="bbox 320 675 2123 748; baseline 0.003 -20"><span class='ocrx_word' id='word_1_52' title='bbox 320 675 534 728; x_wconf 82' lang='lat' dir='ltr'>bilitate</span> <span class='ocrx_word' id='word_1_53' title='bbox 569 675 755 737; x_wconf 86' lang='lat' dir='ltr'>tutior,</span> <span class='ocrx_word' id='word_1_54' title='bbox 784 675 1079 743; x_wconf 78' lang='lat' dir='ltr'>perstabat.</span> <span class='ocrx_word' id='word_1_55' title='bbox 1122 677 1243 746; x_wconf 83' lang='lat' dir='ltr'>vagi</span> <span class='ocrx_word' id='word_1_56' title='bbox 1277 696 1372 748; x_wconf 89' lang='lat' dir='ltr'>per</span> <span class='ocrx_word' id='word_1_57' title='bbox 1399 680 1530 745; x_wconf 79' lang='lat' dir='ltr'>viaS,</span> <span class='ocrx_word' id='word_1_58' title='bbox 1562 682 1615 732; x_wconf 90' lang='lat' dir='ltr'>in</span> <span class='ocrx_word' id='word_1_59' title='bbox 1649 681 1904 733; x_wconf 85' lang='lat' dir='ltr'>domibus</span> <span class='ocrx_word' id='word_1_60' title='bbox 1931 683 2123 746; x_wconf 84' lang='lat' dir='ltr'>abditi,</span> 
     </span>
     <span class='ocr_line' id='line_1_11' title="bbox 319 744 2173 823; baseline 0.004 -26"><span class='ocrx_word' id='word_1_61' title='bbox 319 763 513 816; x_wconf 82' lang='lat' dir='ltr'>pacem</span> <span class='ocrx_word' id='word_1_62' title='bbox 556 762 623 795; x_wconf 90' lang='lat' dir='ltr'>ne</span> <span class='ocrx_word' id='word_1_63' title='bbox 670 754 787 794; x_wconf 89' lang='lat' dir='ltr'>tum</span> <span class='ocrx_word' id='word_1_64' title='bbox 832 744 1052 812; x_wconf 87' lang='lat' dir='ltr'>quidem</span> <span class='ocrx_word' id='word_1_65' title='bbox 1098 750 1347 814; x_wconf 85' lang='lat' dir='ltr'>orabant,</span> <span class='ocrx_word' id='word_1_66' title='bbox 1385 768 1509 803; x_wconf 90' lang='lat' dir='ltr'>cum</span> <span class='ocrx_word' id='word_1_67' title='bbox 1557 751 1755 803; x_wconf 86' lang='lat' dir='ltr'>bellum</span> <span class='ocrx_word' id='word_1_68' title='bbox 1802 753 2125 823; x_wconf 82' lang='lat' dir='ltr'>posuissent.</span> <span class='ocrx_word' id='word_1_69' title='bbox 2158 778 2173 784; x_wconf 61' lang='lat'>=</span> 
     </span>
     <span class='ocr_line' id='line_1_12' title="bbox 324 817 2126 892; baseline 0.004 -24"><span class='ocrx_word' id='word_1_70' title='bbox 324 817 596 868; x_wconf 85' lang='lat' dir='ltr'>Primores</span> <span class='ocrx_word' id='word_1_71' title='bbox 633 826 934 865; x_wconf 87' lang='lat' dir='ltr'>castrorum</span> <span class='ocrx_word' id='word_1_72' title='bbox 973 832 1171 868; x_wconf 89' lang='lat' dir='ltr'>nomen</span> <span class='ocrx_word' id='word_1_73' title='bbox 1209 829 1373 888; x_wconf 87' lang='lat' dir='ltr'>atque</span> <span class='ocrx_word' id='word_1_74' title='bbox 1410 822 1675 892; x_wconf 80' lang='lat' dir='ltr'>imagines</span> <span class='ocrx_word' id='word_1_75' title='bbox 1702 820 1908 874; x_wconf 87' lang='lat' dir='ltr'>Vitellii</span> <span class='ocrx_word' id='word_1_76' title='bbox 1936 823 2126 875; x_wconf 85' lang='lat' dir='ltr'>amoli-</span> 
     </span>
     <span class='ocr_line' id='line_1_13' title="bbox 319 883 2126 958; baseline 0.004 -20"><span class='ocrx_word' id='word_1_77' title='bbox 319 899 502 939; x_wconf 83' lang='lat' dir='ltr'>untur.</span> <span class='ocrx_word' id='word_1_78' title='bbox 540 898 759 937; x_wconf 87' lang='lat' dir='ltr'>catenas</span> <span class='ocrx_word' id='word_1_79' title='bbox 790 883 1030 938; x_wconf 82' lang='lat' dir='ltr'>Caecinae</span> <span class='ocrx_word' id='word_1_80' title='bbox 1058 888 1211 953; x_wconf 86' lang='lat' dir='ltr'>(nam</span> <span class='ocrx_word' id='word_1_81' title='bbox 1250 891 1413 943; x_wconf 87' lang='lat' dir='ltr'>etiam</span> <span class='ocrx_word' id='word_1_82' title='bbox 1457 903 1570 943; x_wconf 90' lang='lat' dir='ltr'>tum</span> <span class='ocrx_word' id='word_1_83' title='bbox 1606 894 1821 944; x_wconf 90' lang='lat' dir='ltr'>vinctus</span> <span class='ocrx_word' id='word_1_84' title='bbox 1861 896 2000 958; x_wconf 87' lang='lat' dir='ltr'>erat)</span> <span class='ocrx_word' id='word_1_85' title='bbox 2029 911 2126 946; x_wconf 85' lang='lat' dir='ltr'>ex-</span> 
     </span>
     <span class='ocr_line' id='line_1_14' title="bbox 321 958 2127 1035; baseline 0.004 -27"><span class='ocrx_word' id='word_1_86' title='bbox 321 958 558 1021; x_wconf 90' lang='lat' dir='ltr'>solvunt,</span> <span class='ocrx_word' id='word_1_87' title='bbox 584 967 869 1024; x_wconf 87' lang='lat' dir='ltr'>orantque,</span> <span class='ocrx_word' id='word_1_88' title='bbox 895 963 956 1006; x_wconf 83' lang='lat' dir='ltr'>ut</span> <span class='ocrx_word' id='word_1_89' title='bbox 981 973 1167 1009; x_wconf 64' lang='lat' dir='ltr'>caussae</span> <span class='ocrx_word' id='word_1_90' title='bbox 1191 975 1291 1009; x_wconf 75' lang='lat' dir='ltr'>sua:</span> <span class='ocrx_word' id='word_1_91' title='bbox 1321 961 1612 1030; x_wconf 77' lang='lat' dir='ltr'>deprecator</span> <span class='ocrx_word' id='word_1_92' title='bbox 1637 963 1869 1015; x_wconf 78' lang='lat' dir='ltr'>adsistat.</span> <span class='ocrx_word' id='word_1_93' title='bbox 1907 965 2127 1035; x_wconf 87' lang='lat' dir='ltr'>adsper-</span> 
     </span>
     <span class='ocr_line' id='line_1_15' title="bbox 318 1026 2127 1102; baseline 0.004 -22"><span class='ocrx_word' id='word_1_94' title='bbox 318 1039 540 1080; x_wconf 87' lang='lat' dir='ltr'>nantem</span> <span class='ocrx_word' id='word_1_95' title='bbox 585 1036 993 1095; x_wconf 83' lang='lat' dir='ltr'>tumentemque</span> <span class='ocrx_word' id='word_1_96' title='bbox 1028 1026 1282 1098; x_wconf 84' lang='lat' dir='ltr'>lacrymis</span> <span class='ocrx_word' id='word_1_97' title='bbox 1319 1032 1556 1102; x_wconf 86' lang='lat' dir='ltr'>fatigant</span> <span class='ocrx_word' id='word_1_98' title='bbox 1587 1038 1916 1100; x_wconf 84' lang='lat' dir='ltr'>(extremum</span> <span class='ocrx_word' id='word_1_99' title='bbox 1955 1034 2127 1086; x_wconf 87' lang='lat' dir='ltr'>malo·</span> 
     </span>
     <span class='ocr_line' id='line_1_16' title="bbox 317 1095 2125 1173; baseline 0.003 -22"><span class='ocrx_word' id='word_1_100' title='bbox 317 1101 463 1163; x_wconf 88' lang='lat' dir='ltr'>rum)</span> <span class='ocrx_word' id='word_1_101' title='bbox 493 1107 576 1149; x_wconf 91' lang='lat' dir='ltr'>tot</span> <span class='ocrx_word' id='word_1_102' title='bbox 612 1095 896 1148; x_wconf 87' lang='lat' dir='ltr'>fortissimi</span> <span class='ocrx_word' id='word_1_103' title='bbox 926 1097 1045 1160; x_wconf 87' lang='lat' dir='ltr'>viri,</span> <span class='ocrx_word' id='word_1_104' title='bbox 1083 1099 1374 1168; x_wconf 85' lang='lat' dir='ltr'>proditoris</span> <span class='ocrx_word' id='word_1_105' title='bbox 1414 1121 1577 1173; x_wconf 89' lang='lat' dir='ltr'>opem</span> <span class='ocrx_word' id='word_1_106' title='bbox 1618 1104 1953 1156; x_wconf 74' lang='lat' dir='ltr'>invocantes,</span> <span class='ocrx_word' id='word_1_107' title='bbox 1993 1122 2125 1157; x_wconf 86' lang='lat' dir='ltr'>mox</span> 
     </span>
     <span class='ocr_line' id='line_1_17' title="bbox 319 1163 2127 1238; baseline 0.004 -20"><span class='ocrx_word' id='word_1_108' title='bbox 319 1170 624 1221; x_wconf 81' lang='lat' dir='ltr'>velamenta</span> <span class='ocrx_word' id='word_1_109' title='bbox 660 1178 716 1220; x_wconf 90' lang='lat' dir='ltr'>et</span> <span class='ocrx_word' id='word_1_110' title='bbox 755 1163 952 1219; x_wconf 86' lang='lat' dir='ltr'>infulas</span> <span class='ocrx_word' id='word_1_111' title='bbox 980 1185 1078 1238; x_wconf 90' lang='lat' dir='ltr'>pro</span> <span class='ocrx_word' id='word_1_112' title='bbox 1107 1171 1273 1221; x_wconf 88' lang='lat' dir='ltr'>muris</span> <span class='ocrx_word' id='word_1_113' title='bbox 1312 1184 1608 1226; x_wconf 88' lang='lat' dir='ltr'>ostentant.</span> <span class='ocrx_word' id='word_1_114' title='bbox 1684 1174 1826 1226; x_wconf 86' lang='lat' dir='ltr'>Cum</span> <span class='ocrx_word' id='word_1_115' title='bbox 1853 1174 2127 1227; x_wconf 87' lang='lat' dir='ltr'>Antonius</span> 
     </span>
     <span class='ocr_line' id='line_1_18' title="bbox 317 1237 2124 1314; baseline 0.003 -22"><span class='ocrx_word' id='word_1_116' title='bbox 317 1239 538 1293; x_wconf 77' lang='lat' dir='ltr'>inhiberi</span> <span class='ocrx_word' id='word_1_117' title='bbox 578 1238 680 1291; x_wconf 83' lang='lat' dir='ltr'>tela</span> <span class='ocrx_word' id='word_1_118' title='bbox 708 1237 980 1308; x_wconf 81' lang='lat' dir='ltr'>jussisset,</span> <span class='ocrx_word' id='word_1_119' title='bbox 1018 1238 1175 1309; x_wconf 83' lang='lat' dir='ltr'>signa</span> <span class='ocrx_word' id='word_1_120' title='bbox 1201 1243 1515 1314; x_wconf 84' lang='lat' dir='ltr'>aquilasque</span> <span class='ocrx_word' id='word_1_121' title='bbox 1540 1245 1822 1300; x_wconf 83' lang='lat' dir='ltr'>extulere:</span> <span class='ocrx_word' id='word_1_122' title='bbox 1860 1256 2124 1298; x_wconf 88' lang='lat' dir='ltr'>moestum</span> 
     </span>
     <span class='ocr_line' id='line_1_19' title="bbox 317 1308 2123 1388; baseline 0.003 -25"><span class='ocrx_word' id='word_1_123' title='bbox 317 1312 605 1363; x_wconf 80' lang='lat' dir='ltr'>inermium</span> <span class='ocrx_word' id='word_1_124' title='bbox 649 1326 880 1388; x_wconf 42' lang='lat' dir='ltr'>agmen,-</span> <span class='ocrx_word' id='word_1_125' title='bbox 914 1308 1142 1381; x_wconf 84' lang='lat' dir='ltr'>dejectis</span> <span class='ocrx_word' id='word_1_126' title='bbox 1188 1312 1244 1364; x_wconf 91' lang='lat' dir='ltr'>in</span> <span class='ocrx_word' id='word_1_127' title='bbox 1294 1324 1490 1367; x_wconf 88' lang='lat' dir='ltr'>terram</span> <span class='ocrx_word' id='word_1_128' title='bbox 1540 1315 1730 1379; x_wconf 79' lang='lat' dir='ltr'>oculiS,</span> <span class='ocrx_word' id='word_1_129' title='bbox 1777 1317 2123 1385; x_wconf 80' lang='lat' dir='ltr'>sequebatur.</span> 
     </span>
     <span class='ocr_line' id='line_1_20' title="bbox 316 1381 2190 1457; baseline 0.003 -23"><span class='ocrx_word' id='word_1_130' title='bbox 316 1381 796 1435; x_wconf 82' lang='lat' dir='ltr'>circumstiterant</span> <span class='ocrx_word' id='word_1_131' title='bbox 834 1389 1086 1446; x_wconf 79' lang='lat' dir='ltr'>victores,</span> <span class='ocrx_word' id='word_1_132' title='bbox 1121 1393 1178 1435; x_wconf 86' lang='lat' dir='ltr'>et</span> <span class='ocrx_word' id='word_1_133' title='bbox 1216 1385 1390 1452; x_wconf 84' lang='lat' dir='ltr'>primo</span> <span class='ocrx_word' id='word_1_134' title='bbox 1434 1387 1754 1457; x_wconf 84' lang='lat' dir='ltr'>ingerebant</span> <span class='ocrx_word' id='word_1_135' title='bbox 1794 1387 2012 1457; x_wconf 82' lang='lat' dir='ltr'>probra,</span> <span class='ocrx_word' id='word_1_136' title='bbox 2039 1386 2127 1439; x_wconf 59' lang='lat' dir='ltr'>in:</span> <span class='ocrx_word' id='word_1_137' title='bbox 2188 1442 2190 1454; x_wconf 20' lang='grc' dir='ltr'><em>ἒ</em></span> 
     </span>
     <span class='ocr_line' id='line_1_21' title="bbox 315 1452 2126 1528; baseline 0.003 -24"><span class='ocrx_word' id='word_1_138' title='bbox 315 1453 603 1505; x_wconf 82' lang='lat' dir='ltr'>tentabant</span> <span class='ocrx_word' id='word_1_139' title='bbox 627 1452 798 1502; x_wconf 91' lang='lat' dir='ltr'>ictus:</span> <span class='ocrx_word' id='word_1_140' title='bbox 829 1467 981 1516; x_wconf 80' lang='lat' dir='ltr'>mox,</span> <span class='ocrx_word' id='word_1_141' title='bbox 1005 1461 1066 1503; x_wconf 91' lang='lat' dir='ltr'>ut</span> <span class='ocrx_word' id='word_1_142' title='bbox 1088 1453 1321 1522; x_wconf 85' lang='lat' dir='ltr'>praeberi</span> <span class='ocrx_word' id='word_1_143' title='bbox 1343 1475 1439 1509; x_wconf 87' lang='lat' dir='ltr'>ora</span> <span class='ocrx_word' id='word_1_144' title='bbox 1460 1457 1823 1522; x_wconf 76' lang='lat' dir='ltr'>contumeliiS,</span> <span class='ocrx_word' id='word_1_145' title='bbox 1846 1457 2126 1528; x_wconf 81' lang='lat' dir='ltr'>et‚posi·ta</span> 
     </span>
    </p>
   </div>
   <div class='ocr_carea' id='block_1_6' title="bbox 299 1593 1196 3574">
    <p class='ocr_par' dir='ltr' id='par_1_6' title="bbox 306 1593 1196 2446">
     <span class='ocr_line' id='line_1_22' title="bbox 307 1593 1196 1644; baseline -0.001 -11"><span class='ocrx_word' id='word_1_146' title='bbox 307 1603 457 1635; x_wconf 68' lang='lat' dir='ltr'>scer-ent</span> <span class='ocrx_word' id='word_1_147' title='bbox 470 1610 483 1632; x_wconf 87' lang='lat'>.·</span> <span class='ocrx_word' id='word_1_148' title='bbox 514 1595 618 1644; x_wconf 88' lang='lat' dir='ltr'>quod</span> <span class='ocrx_word' id='word_1_149' title='bbox 635 1604 715 1631; x_wconf 88' lang='lat' dir='ltr'>non</span> <span class='ocrx_word' id='word_1_150' title='bbox 732 1603 928 1642; x_wconf 85' lang='lat' dir='ltr'>spernam.</span> <span class='ocrx_word' id='word_1_151' title='bbox 955 1593 1196 1632; x_wconf 87' lang='lat' dir='ltr'>infinitivum</span> 
     </span>
     <span class='ocr_line' id='line_1_23' title="bbox 310 1647 1195 1700; baseline -0.002 -13"><span class='ocrx_word' id='word_1_152' title='bbox 310 1651 453 1700; x_wconf 84' lang='lat' dir='ltr'>copula</span> <span class='ocrx_word' id='word_1_153' title='bbox 479 1656 532 1695; x_wconf 83' lang='lat' dir='ltr'>et,</span> <span class='ocrx_word' id='word_1_154' title='bbox 561 1649 642 1686; x_wconf 78' lang='lat' dir='ltr'>sive</span> <span class='ocrx_word' id='word_1_155' title='bbox 666 1647 808 1691; x_wconf 25' lang='lat' dir='ltr'>,addita</span> <span class='ocrx_word' id='word_1_156' title='bbox 833 1652 981 1689; x_wconf 85' lang='lat' dir='ltr'>temere</span> <span class='ocrx_word' id='word_1_157' title='bbox 1014 1651 1109 1685; x_wconf 87' lang='lat' dir='ltr'>ante</span> <span class='ocrx_word' id='word_1_158' title='bbox 1135 1655 1195 1694; x_wconf 83' lang='lat' dir='ltr'>ut,</span> 
     </span>
     <span class='ocr_line' id='line_1_24' title="bbox 311 1700 1196 1750; baseline -0.003 -8"><span class='ocrx_word' id='word_1_159' title='bbox 311 1706 393 1742; x_wconf 87' lang='lat' dir='ltr'>sive</span> <span class='ocrx_word' id='word_1_160' title='bbox 422 1702 639 1747; x_wconf 83' lang='lat' dir='ltr'>intellecta,</span> <span class='ocrx_word' id='word_1_161' title='bbox 670 1700 867 1750; x_wconf 84' lang='lat' dir='ltr'>peperisse</span> <span class='ocrx_word' id='word_1_162' title='bbox 894 1701 1064 1739; x_wconf 76' lang='lat' dir='ltr'>videtur.</span> <span class='ocrx_word' id='word_1_163' title='bbox 1121 1702 1196 1739; x_wconf 87' lang='lat' dir='ltr'>Sed</span> 
     </span>
     <span class='ocr_line' id='line_1_25' title="bbox 310 1754 1195 1804; baseline -0.002 -9"><span class='ocrx_word' id='word_1_164' title='bbox 310 1758 531 1795; x_wconf 87' lang='lat' dir='ltr'>infinitivus</span> <span class='ocrx_word' id='word_1_165' title='bbox 574 1766 729 1804; x_wconf 88' lang='lat' dir='ltr'>quoque</span> <span class='ocrx_word' id='word_1_166' title='bbox 762 1757 908 1792; x_wconf 82' lang='lat' dir='ltr'>rectus.</span> <span class='ocrx_word' id='word_1_167' title='bbox 965 1754 1070 1791; x_wconf 83' lang='lat' dir='ltr'>Dein</span> <span class='ocrx_word' id='word_1_168' title='bbox 1105 1767 1195 1793; x_wconf 90' lang='lat' dir='ltr'>cum</span> 
     </span>
     <span class='ocr_line' id='line_1_26' title="bbox 309 1808 1194 1860; baseline -0.005 -10"><span class='ocrx_word' id='word_1_169' title='bbox 309 1813 459 1860; x_wconf 84' lang='lat' dir='ltr'>Ryckio</span> <span class='ocrx_word' id='word_1_170' title='bbox 489 1815 531 1847; x_wconf 86' lang='lat' dir='ltr'>et</span> <span class='ocrx_word' id='word_1_171' title='bbox 559 1808 758 1847; x_wconf 89' lang='lat' dir='ltr'>Gronovio</span> <span class='ocrx_word' id='word_1_172' title='bbox 791 1808 919 1845; x_wconf 89' lang='lat' dir='ltr'>deleto</span> <span class='ocrx_word' id='word_1_173' title='bbox 947 1813 1000 1854; x_wconf 82' lang='lat' dir='ltr'>et,</span> <span class='ocrx_word' id='word_1_174' title='bbox 1030 1808 1118 1845; x_wconf 89' lang='lat' dir='ltr'>dedi</span> <span class='ocrx_word' id='word_1_175' title='bbox 1148 1816 1194 1846; x_wconf 82' lang='lat' dir='ltr'>ut</span> 
     </span>
     <span class='ocr_line' id='line_1_27' title="bbox 309 1862 1193 1916; baseline -0.003 -13"><span class='ocrx_word' id='word_1_176' title='bbox 309 1867 468 1916; x_wconf 80' lang='lat' dir='ltr'>quisque</span> <span class='ocrx_word' id='word_1_177' title='bbox 499 1877 534 1902; x_wconf 91' lang='lat' dir='ltr'>o.</span> <span class='ocrx_word' id='word_1_178' title='bbox 559 1876 598 1901; x_wconf 88' lang='lat' dir='ltr'>a.</span> <span class='ocrx_word' id='word_1_179' title='bbox 627 1866 668 1900; x_wconf 83' lang='lat' dir='ltr'>et</span> <span class='ocrx_word' id='word_1_180' title='bbox 694 1862 731 1898; x_wconf 92' lang='lat' dir='ltr'>ei</span> <span class='ocrx_word' id='word_1_181' title='bbox 752 1862 810 1898; x_wconf 86' lang='lat' dir='ltr'>rei</span> <span class='ocrx_word' id='word_1_182' title='bbox 832 1862 1193 1910; x_wconf 82' lang='lat' dir='ltr'>interpunctionem</span> 
     </span>
     <span class='ocr_line' id='line_1_28' title="bbox 310 1914 1190 1964; baseline -0.005 -7"><span class='ocrx_word' id='word_1_183' title='bbox 310 1917 613 1958; x_wconf 86' lang='lat' dir='ltr'>accommodavi.</span> <span class='ocrx_word' id='word_1_184' title='bbox 671 1915 939 1963; x_wconf 78' lang='lat' dir='ltr'>Consentiunt</span> <span class='ocrx_word' id='word_1_185' title='bbox 975 1915 1060 1953; x_wconf 89' lang='lat' dir='ltr'>MS.</span> <span class='ocrx_word' id='word_1_186' title='bbox 1092 1914 1190 1964; x_wconf 86' lang='lat' dir='ltr'>Agr.</span> 
     </span>
     <span class='ocr_line' id='line_1_29' title="bbox 307 1968 1194 2021; baseline -0.006 -10"><span class='ocrx_word' id='word_1_187' title='bbox 307 1973 371 2011; x_wconf 83' lang='lat' dir='ltr'>ed.</span> <span class='ocrx_word' id='word_1_188' title='bbox 391 1984 451 2021; x_wconf 86' lang='lat' dir='ltr'>pr.</span> <span class='ocrx_word' id='word_1_189' title='bbox 480 1971 558 2009; x_wconf 84' lang='lat' dir='ltr'>nisi</span> <span class='ocrx_word' id='word_1_190' title='bbox 575 1970 679 2019; x_wconf 87' lang='lat' dir='ltr'>quod</span> <span class='ocrx_word' id='word_1_191' title='bbox 705 1968 852 2006; x_wconf 89' lang='lat' dir='ltr'>habent</span> <span class='ocrx_word' id='word_1_192' title='bbox 871 1969 974 2019; x_wconf 82' lang='lat' dir='ltr'>quis,</span> <span class='ocrx_word' id='word_1_193' title='bbox 991 1979 1065 2018; x_wconf 85' lang='lat' dir='ltr'>pro</span> <span class='ocrx_word' id='word_1_194' title='bbox 1089 1971 1194 2020; x_wconf 81' lang='lat' dir='ltr'>quis—</span> 
     </span>
     <span class='ocr_line' id='line_1_30' title="bbox 307 2022 1192 2078; baseline -0.008 -13"><span class='ocrx_word' id='word_1_195' title='bbox 307 2040 394 2078; x_wconf 82' lang='lat' dir='ltr'>que.</span> <span class='ocrx_word' id='word_1_196' title='bbox 451 2025 634 2074; x_wconf 89' lang='lat' dir='ltr'>Denique</span> <span class='ocrx_word' id='word_1_197' title='bbox 648 2028 913 2068; x_wconf 80' lang='lat' dir='ltr'>reverteretur,</span> <span class='ocrx_word' id='word_1_198' title='bbox 934 2032 1006 2070; x_wconf 86' lang='lat' dir='ltr'>pro</span> <span class='ocrx_word' id='word_1_199' title='bbox 1023 2022 1192 2072; x_wconf 87' lang='lat' dir='ltr'>simplici</span> 
     </span>
     <span class='ocr_line' id='line_1_31' title="bbox 308 2075 1192 2125; baseline -0.006 -7"><span class='ocrx_word' id='word_1_200' title='bbox 308 2086 532 2125; x_wconf 80' lang='lat' dir='ltr'>verteretur,</span> <span class='ocrx_word' id='word_1_201' title='bbox 561 2079 727 2123; x_wconf 83' lang='lat' dir='ltr'>dictum,</span> <span class='ocrx_word' id='word_1_202' title='bbox 757 2076 862 2125; x_wconf 87' lang='lat' dir='ltr'>quod</span> <span class='ocrx_word' id='word_1_203' title='bbox 894 2075 1057 2113; x_wconf 87' lang='lat' dir='ltr'>rescribi</span> <span class='ocrx_word' id='word_1_204' title='bbox 1085 2077 1192 2114; x_wconf 76' lang='lat' dir='ltr'>vole-</span> 
     </span>
     <span class='ocr_line' id='line_1_32' title="bbox 307 2128 1191 2180; baseline -0.006 -8"><span class='ocrx_word' id='word_1_205' title='bbox 307 2134 407 2171; x_wconf 86' lang='lat' dir='ltr'>bant</span> <span class='ocrx_word' id='word_1_206' title='bbox 434 2134 618 2171; x_wconf 89' lang='lat' dir='ltr'>Muretus</span> <span class='ocrx_word' id='word_1_207' title='bbox 647 2135 688 2168; x_wconf 86' lang='lat' dir='ltr'>et</span> <span class='ocrx_word' id='word_1_208' title='bbox 715 2130 886 2167; x_wconf 89' lang='lat' dir='ltr'>Ursinus</span> <span class='ocrx_word' id='word_1_209' title='bbox 919 2128 976 2179; x_wconf 88' lang='lat' dir='ltr'>(et</span> <span class='ocrx_word' id='word_1_210' title='bbox 1002 2129 1191 2180; x_wconf 64' lang='lat' dir='ltr'>Addat).</span> 
     </span>
     <span class='ocr_line' id='line_1_33' title="bbox 307 2183 1191 2232; baseline -0.007 -6"><span class='ocrx_word' id='word_1_211' title='bbox 307 2188 397 2226; x_wconf 87' lang='lat' dir='ltr'>Vid.</span> <span class='ocrx_word' id='word_1_212' title='bbox 414 2188 462 2224; x_wconf 88' lang='lat' dir='ltr'>ad</span> <span class='ocrx_word' id='word_1_213' title='bbox 482 2186 644 2225; x_wconf 77' lang='lat' dir='ltr'>Sueten.</span> <span class='ocrx_word' id='word_1_214' title='bbox 661 2184 764 2232; x_wconf 88' lang='lat' dir='ltr'>Aug.</span> <span class='ocrx_word' id='word_1_215' title='bbox 782 2195 814 2221; x_wconf 90' lang='lat' dir='ltr'>c.</span> <span class='ocrx_word' id='word_1_216' title='bbox 832 2189 898 2224; x_wconf 88' lang='grc'>77.</span> <span class='ocrx_word' id='word_1_217' title='bbox 929 2183 1037 2221; x_wconf 75' lang='lat' dir='ltr'>ERN.</span> <span class='ocrx_word' id='word_1_218' title='bbox 1085 2183 1191 2222; x_wconf 77' lang='lat' dir='ltr'>Flor.</span> 
     </span>
     <span class='ocr_line' id='line_1_34' title="bbox 307 2236 1191 2286; baseline -0.005 -8"><span class='ocrx_word' id='word_1_219' title='bbox 307 2242 427 2278; x_wconf 83' lang='lat' dir='ltr'>etiam</span> <span class='ocrx_word' id='word_1_220' title='bbox 447 2244 486 2278; x_wconf 86' lang='lat' dir='ltr'>et</span> <span class='ocrx_word' id='word_1_221' title='bbox 503 2240 605 2278; x_wconf 90' lang='lat' dir='ltr'>Bud.</span> <span class='ocrx_word' id='word_1_222' title='bbox 632 2238 783 2275; x_wconf 86' lang='lat' dir='ltr'>habent</span> <span class='ocrx_word' id='word_1_223' title='bbox 801 2243 846 2274; x_wconf 77' lang='lat' dir='ltr'>ut</span> <span class='ocrx_word' id='word_1_224' title='bbox 864 2237 965 2286; x_wconf 80' lang='lat' dir='ltr'>quis,</span> <span class='ocrx_word' id='word_1_225' title='bbox 983 2240 1026 2273; x_wconf 87' lang='lat' dir='ltr'>et</span> <span class='ocrx_word' id='word_1_226' title='bbox 1046 2236 1102 2274; x_wconf 88' lang='lat' dir='ltr'>sic</span> <span class='ocrx_word' id='word_1_227' title='bbox 1121 2248 1191 2274; x_wconf 88' lang='lat' dir='ltr'>no-</span> 
     </span>
     <span class='ocr_line' id='line_1_35' title="bbox 306 2292 1190 2344; baseline -0.006 -11"><span class='ocrx_word' id='word_1_228' title='bbox 306 2299 388 2333; x_wconf 87' lang='lat' dir='ltr'>ster</span> <span class='ocrx_word' id='word_1_229' title='bbox 414 2295 575 2344; x_wconf 83' lang='lat' dir='ltr'>passim,</span> <span class='ocrx_word' id='word_1_230' title='bbox 593 2295 641 2330; x_wconf 87' lang='lat' dir='ltr'>ut</span> <span class='ocrx_word' id='word_1_231' title='bbox 667 2292 716 2331; x_wconf 86' lang='lat' dir='ltr'>A.</span> <span class='ocrx_word' id='word_1_232' title='bbox 738 2295 779 2337; x_wconf 74' lang='lat'>2,</span> <span class='ocrx_word' id='word_1_233' title='bbox 799 2296 865 2328; x_wconf 76' lang='lat'>24.</span> <span class='ocrx_word' id='word_1_234' title='bbox 889 2295 954 2329; x_wconf 90' lang='grc'>73.</span> <span class='ocrx_word' id='word_1_235' title='bbox 979 2295 1044 2327; x_wconf 87' lang='grc'><strong>83.</strong></span> <span class='ocrx_word' id='word_1_236' title='bbox 1063 2294 1105 2336; x_wconf 86' lang='grc'>4,</span> <span class='ocrx_word' id='word_1_237' title='bbox 1124 2296 1190 2329; x_wconf 75' lang='lat'>23.</span> 
     </span>
     <span class='ocr_line' id='line_1_36' title="bbox 306 2343 1191 2398; baseline -0.007 -10"><span class='ocrx_word' id='word_1_238' title='bbox 306 2352 374 2388; x_wconf 84' lang='lat'>36.</span> <span class='ocrx_word' id='word_1_239' title='bbox 430 2349 537 2398; x_wconf 86' lang='lat' dir='ltr'>Ergo</span> <span class='ocrx_word' id='word_1_240' title='bbox 554 2346 713 2383; x_wconf 88' lang='lat' dir='ltr'>restitui</span> <span class='ocrx_word' id='word_1_241' title='bbox 730 2354 820 2390; x_wconf 88' lang='lat' dir='ltr'>cum</span> <span class='ocrx_word' id='word_1_242' title='bbox 837 2343 928 2393; x_wconf 87' lang='lat' dir='ltr'>Bip.</span> <span class='ocrx_word' id='word_1_243' title='bbox 949 2346 994 2380; x_wconf 88' lang='lat' dir='ltr'>et·</span> <span class='ocrx_word' id='word_1_244' title='bbox 1007 2343 1048 2380; x_wconf 83' lang='lat' dir='ltr'>J.</span> <span class='ocrx_word' id='word_1_245' title='bbox 1067 2344 1191 2382; x_wconf 76' lang='lat' dir='ltr'>Gron-</span> 
     </span>
     <span class='ocr_line' id='line_1_37' title="bbox 306 2398 867 2446; baseline -0.012 -4"><span class='ocrx_word' id='word_1_246' title='bbox 306 2404 409 2443; x_wconf 87' lang='lat' dir='ltr'>Dein</span> <span class='ocrx_word' id='word_1_247' title='bbox 430 2406 692 2446; x_wconf 80' lang='lat' dir='ltr'>reverteretur,</span> <span class='ocrx_word' id='word_1_248' title='bbox 708 2398 867 2436; x_wconf 85' lang='lat' dir='ltr'>rectius.</span> 
     </span>
    </p>

    <p class='ocr_par' dir='ltr' id='par_1_7' title="bbox 299 2449 1192 3574">
     <span class='ocr_line' id='line_1_38' title="bbox 364 2449 1190 2504; baseline -0.011 -8"><span class='ocrx_word' id='word_1_249' title='bbox 364 2455 520 2496; x_wconf 85' lang='lat' dir='ltr'>Nomen</span> <span class='ocrx_word' id='word_1_250' title='bbox 538 2460 652 2504; x_wconf 82' lang='lat' dir='ltr'>atque</span> <span class='ocrx_word' id='word_1_251' title='bbox 669 2449 883 2502; x_wconf 70' lang='lat' dir='ltr'>imagines]</span> <span class='ocrx_word' id='word_1_252' title='bbox 931 2450 1088 2488; x_wconf 85' lang='lat' dir='ltr'>Nomen</span> <span class='ocrx_word' id='word_1_253' title='bbox 1106 2449 1190 2497; x_wconf 83' lang='lat' dir='ltr'>ejus</span> 
     </span>
     <span class='ocr_line' id='line_1_39' title="bbox 307 2503 1188 2558; baseline -0.008 -11"><span class='ocrx_word' id='word_1_254' title='bbox 307 2509 350 2548; x_wconf 89' lang='lat' dir='ltr'>in</span> <span class='ocrx_word' id='word_1_255' title='bbox 367 2510 502 2558; x_wconf 83' lang='lat' dir='ltr'>signis.</span> <span class='ocrx_word' id='word_1_256' title='bbox 538 2510 626 2546; x_wconf 87' lang='lat' dir='ltr'>Mos</span> <span class='ocrx_word' id='word_1_257' title='bbox 644 2508 749 2544; x_wconf 89' lang='lat' dir='ltr'>enim</span> <span class='ocrx_word' id='word_1_258' title='bbox 769 2506 850 2551; x_wconf 88' lang='lat' dir='ltr'>ille,</span> <span class='ocrx_word' id='word_1_259' title='bbox 871 2507 917 2542; x_wconf 89' lang='lat' dir='ltr'>ut</span> <span class='ocrx_word' id='word_1_260' title='bbox 935 2503 1188 2558; x_wconf 83' lang='lat' dir='ltr'>Imperatoris</span> 
     </span>
     <span class='ocr_line' id='line_1_40' title="bbox 306 2556 1190 2603; baseline -0.008 -3"><span class='ocrx_word' id='word_1_261' title='bbox 306 2564 369 2600; x_wconf 91' lang='lat' dir='ltr'>sui</span> <span class='ocrx_word' id='word_1_262' title='bbox 386 2566 627 2601; x_wconf 86' lang='lat' dir='ltr'>nomentum</span> <span class='ocrx_word' id='word_1_263' title='bbox 646 2559 798 2598; x_wconf 84' lang='lat' dir='ltr'>vexillis</span> <span class='ocrx_word' id='word_1_264' title='bbox 813 2556 1090 2603; x_wconf 85' lang='lat' dir='ltr'>inscriberent,</span> <span class='ocrx_word' id='word_1_265' title='bbox 1101 2562 1190 2595; x_wconf 89' lang='lat' dir='ltr'>tum</span> 
     </span>
     <span class='ocr_line' id='line_1_41' title="bbox 306 2611 1191 2661; baseline -0.008 -7"><span class='ocrx_word' id='word_1_266' title='bbox 306 2618 441 2654; x_wconf 85' lang='lat' dir='ltr'>scutis.</span> <span class='ocrx_word' id='word_1_267' title='bbox 480 2617 597 2658; x_wconf 84' lang='lat' dir='ltr'>Quod</span> <span class='ocrx_word' id='word_1_268' title='bbox 615 2615 736 2652; x_wconf 80' lang='lat' dir='ltr'>etiam</span> <span class='ocrx_word' id='word_1_269' title='bbox 754 2614 797 2651; x_wconf 90' lang='lat' dir='ltr'>in</span> <span class='ocrx_word' id='word_1_270' title='bbox 814 2612 942 2650; x_wconf 85' lang='lat' dir='ltr'>libera</span> <span class='ocrx_word' id='word_1_271' title='bbox 959 2611 1059 2661; x_wconf 87' lang='lat' dir='ltr'>Rep.</span> <span class='ocrx_word' id='word_1_272' title='bbox 1078 2611 1191 2648; x_wconf 88' lang='lat' dir='ltr'>video</span> 
     </span>
     <span class='ocr_line' id='line_1_42' title="bbox 304 2665 1190 2709; baseline -0.009 0"><span class='ocrx_word' id='word_1_273' title='bbox 304 2672 544 2709; x_wconf 79' lang='lat' dir='ltr'>factitatum.</span> <span class='ocrx_word' id='word_1_274' title='bbox 598 2670 676 2706; x_wconf 89' lang='lat' dir='ltr'>Dio</span> <span class='ocrx_word' id='word_1_275' title='bbox 702 2669 750 2705; x_wconf 86' lang='lat' dir='ltr'>de</span> <span class='ocrx_word' id='word_1_276' title='bbox 780 2669 921 2705; x_wconf 81' lang='lat' dir='ltr'>Crasso</span> <span class='ocrx_word' id='word_1_277' title='bbox 950 2665 991 2702; x_wconf 93' lang='lat' dir='ltr'>in</span> <span class='ocrx_word' id='word_1_278' title='bbox 1022 2666 1190 2702; x_wconf 83' lang='lat' dir='ltr'>Parthos</span> 
     </span>
     <span class='ocr_line' id='line_1_43' title="bbox 306 2716 1190 2771; baseline -0.01 -9"><span class='ocrx_word' id='word_1_279' title='bbox 306 2729 488 2762; x_wconf 80' lang='lat' dir='ltr'>movente</span> <span class='ocrx_word' id='word_1_280' title='bbox 507 2725 576 2769; x_wconf 86' lang='grc'>40,</span> <span class='ocrx_word' id='word_1_281' title='bbox 601 2729 663 2761; x_wconf 84' lang='lat'>18.</span> <span class='ocrx_word' id='word_1_282' title='bbox 699 2723 852 2771; x_wconf 72' lang='grc' dir='ltr'><strong><em>Σημεῖον</em></strong></span> <span class='ocrx_word' id='word_1_283' title='bbox 868 2716 903 2758; x_wconf 72' lang='grc' dir='ltr'>δέ</span> <span class='ocrx_word' id='word_1_284' title='bbox 923 2734 959 2756; x_wconf 69' lang='grc' dir='ltr'>τι</span> <span class='ocrx_word' id='word_1_285' title='bbox 979 2718 1049 2756; x_wconf 66' lang='grc' dir='ltr'>ταῖν</span> <span class='ocrx_word' id='word_1_286' title='bbox 1062 2717 1190 2768; x_wconf 67' lang='grc' dir='ltr'><strong><em>μεγαί-</em></strong></span> 
     </span>
     <span class='ocr_line' id='line_1_44' title="bbox 307 2771 1190 2825; baseline -0.005 -11"><span class='ocrx_word' id='word_1_287' title='bbox 307 2785 380 2815; x_wconf 79' lang='grc' dir='ltr'>λων</span> <span class='ocrx_word' id='word_1_288' title='bbox 399 2780 472 2820; x_wconf 68' lang='grc' dir='ltr'>τοῖς</span> <span class='ocrx_word' id='word_1_289' title='bbox 493 2775 617 2818; x_wconf 65' lang='grc' dir='ltr'>ἱστίοις</span> <span class='ocrx_word' id='word_1_290' title='bbox 637 2775 812 2818; x_wconf 67' lang='grc' dir='ltr'>ἐοικότων,</span> <span class='ocrx_word' id='word_1_291' title='bbox 830 2772 897 2811; x_wconf 71' lang='grc' dir='ltr'>καὶ</span> <span class='ocrx_word' id='word_1_292' title='bbox 907 2771 1047 2822; x_wconf 60' lang='lat' dir='ltr'>pamm?</span> <span class='ocrx_word' id='word_1_293' title='bbox 1064 2773 1190 2825; x_wconf 63' lang='lat' dir='ltr'>yedss‘·</span> 
     </span>
     <span class='ocr_line' id='line_1_45' title="bbox 304 2824 1192 2881; baseline -0.007 -13"><span class='ocrx_word' id='word_1_294' title='bbox 304 2846 416 2879; x_wconf 69' lang='grc' dir='ltr'>ματα</span> <span class='ocrx_word' id='word_1_295' title='bbox 434 2831 491 2868; x_wconf 70' lang='grc' dir='ltr'>ἐπ’</span> <span class='ocrx_word' id='word_1_296' title='bbox 508 2830 626 2868; x_wconf 67' lang='grc' dir='ltr'><strong>αὐτοῦ</strong></span> <span class='ocrx_word' id='word_1_297' title='bbox 653 2829 738 2881; x_wconf 61' lang='grc' dir='ltr'>πρὸς</span> <span class='ocrx_word' id='word_1_298' title='bbox 757 2826 908 2869; x_wconf 70' lang='grc' dir='ltr'>δήλωσιν</span> <span class='ocrx_word' id='word_1_299' title='bbox 926 2825 993 2863; x_wconf 71' lang='grc' dir='ltr'>τοῦ</span> <span class='ocrx_word' id='word_1_300' title='bbox 1009 2840 1049 2863; x_wconf 67' lang='grc' dir='ltr'>τε</span> <span class='ocrx_word' id='word_1_301' title='bbox 1069 2824 1192 2879; x_wconf 63' lang='grc' dir='ltr'><strong>ςρωτῧ</strong></span> 
     </span>
     <span class='ocr_line' id='line_1_46' title="bbox 306 2877 1190 2933; baseline -0.007 -12"><span class='ocrx_word' id='word_1_302' title='bbox 306 2885 372 2922; x_wconf 74' lang='grc' dir='ltr'>καὶ</span> <span class='ocrx_word' id='word_1_303' title='bbox 403 2884 470 2923; x_wconf 70' lang='grc' dir='ltr'>τοῦ</span> <span class='ocrx_word' id='word_1_304' title='bbox 491 2898 541 2923; x_wconf 66' lang='lat' dir='ltr'>cer·</span> <span class='ocrx_word' id='word_1_305' title='bbox 561 2884 692 2933; x_wconf 70' lang='grc' dir='ltr'>ατηγὲ</span> <span class='ocrx_word' id='word_1_306' title='bbox 715 2881 811 2932; x_wconf 73' lang='grc' dir='ltr'>σφίὖν</span> <span class='ocrx_word' id='word_1_307' title='bbox 835 2879 903 2917; x_wconf 69' lang='grc' dir='ltr'>τοῦ</span> <span class='ocrx_word' id='word_1_308' title='bbox 922 2877 1190 2933; x_wconf 54' lang='grc' dir='ltr'>αὐτοκράτορος</span> 
     </span>
     <span class='ocr_line' id='line_1_47' title="bbox 305 2901 1192 2987; baseline -0.006 -13"><span class='ocrx_word' id='word_1_309' title='bbox 305 2937 476 2987; x_wconf 68' lang='grc' dir='ltr'><strong>ἐχόντων.</strong></span> <span class='ocrx_word' id='word_1_310' title='bbox 523 2901 739 2983; x_wconf 57' lang='lat' dir='ltr'>&#39;fhebaidis</span> <span class='ocrx_word' id='word_1_311' title='bbox 759 2937 927 2983; x_wconf 80' lang='lat' dir='ltr'>scriptor</span> <span class='ocrx_word' id='word_1_312' title='bbox 943 2933 1063 2970; x_wconf 84' lang='lat' dir='ltr'>etiam</span> <span class='ocrx_word' id='word_1_313' title='bbox 1084 2934 1192 2970; x_wconf 83' lang='lat' dir='ltr'>Grae-</span> 
     </span>
     <span class='ocr_line' id='line_1_48' title="bbox 302 2986 1190 3038; baseline -0.006 -11"><span class='ocrx_word' id='word_1_314' title='bbox 302 2992 361 3027; x_wconf 75' lang='lat' dir='ltr'>cis</span> <span class='ocrx_word' id='word_1_315' title='bbox 387 2986 675 3038; x_wconf 53' lang='lat' dir='ltr'>attribuitssed</span> <span class='ocrx_word' id='word_1_316' title='bbox 694 2994 867 3027; x_wconf 78' lang='lat' dir='ltr'>mentem</span> <span class='ocrx_word' id='word_1_317' title='bbox 890 2987 1038 3024; x_wconf 81' lang='lat' dir='ltr'>habens</span> <span class='ocrx_word' id='word_1_318' title='bbox 1059 2988 1100 3023; x_wconf 90' lang='lat' dir='ltr'>in</span> <span class='ocrx_word' id='word_1_319' title='bbox 1118 2988 1190 3023; x_wconf 83' lang='lat' dir='ltr'>mi-</span> 
     </span>
     <span class='ocr_line' id='line_1_49' title="bbox 303 3041 1191 3089; baseline -0.005 -8"><span class='ocrx_word' id='word_1_320' title='bbox 303 3044 393 3081; x_wconf 78' lang='lat' dir='ltr'>litia</span> <span class='ocrx_word' id='word_1_321' title='bbox 419 3046 598 3083; x_wconf 84' lang='lat' dir='ltr'>Romana</span> <span class='ocrx_word' id='word_1_322' title='bbox 615 3057 800 3089; x_wconf 79' lang='lat' dir='ltr'>:-aurea</span> <span class='ocrx_word' id='word_1_323' title='bbox 828 3044 978 3080; x_wconf 79' lang='lat' dir='ltr'>claram</span> <span class='ocrx_word' id='word_1_324' title='bbox 995 3046 1089 3077; x_wconf 84' lang='lat' dir='ltr'>nota</span> <span class='ocrx_word' id='word_1_325' title='bbox 1107 3041 1191 3077; x_wconf 65' lang='lat' dir='ltr'>AVo-</span> 
     </span>
     <span class='ocr_line' id='line_1_50' title="bbox 302 3093 1190 3147; baseline -0.006 -11"><span class='ocrx_word' id='word_1_326' title='bbox 302 3111 389 3136; x_wconf 81' lang='lat' dir='ltr'>men</span> <span class='ocrx_word' id='word_1_327' title='bbox 409 3098 570 3135; x_wconf 75' lang='lat' dir='ltr'>Ducum</span> <span class='ocrx_word' id='word_1_328' title='bbox 589 3100 734 3135; x_wconf 69' lang='lat' dir='ltr'>vexilla</span> <span class='ocrx_word' id='word_1_329' title='bbox 752 3093 1190 3147; x_wconf 61' lang='lat' dir='ltr'>proescrzptumfirunt.</span> 
     </span>
     <span class='ocr_line' id='line_1_51' title="bbox 304 3148 1190 3200; baseline -0.006 -12"><span class='ocrx_word' id='word_1_330' title='bbox 304 3152 477 3200; x_wconf 77' lang='lat' dir='ltr'>facitque</span> <span class='ocrx_word' id='word_1_331' title='bbox 494 3152 646 3188; x_wconf 82' lang='lat' dir='ltr'>litteras</span> <span class='ocrx_word' id='word_1_332' title='bbox 671 3163 826 3195; x_wconf 84' lang='lat' dir='ltr'>aureas,</span> <span class='ocrx_word' id='word_1_333' title='bbox 845 3160 945 3198; x_wconf 84' lang='lat' dir='ltr'>quas</span> <span class='ocrx_word' id='word_1_334' title='bbox 964 3148 1045 3185; x_wconf 91' lang='lat' dir='ltr'>Dio</span> <span class='ocrx_word' id='word_1_335' title='bbox 1073 3148 1190 3196; x_wconf 85' lang='lat' dir='ltr'>puni-</span> 
     </span>
     <span class='ocr_line' id='line_1_52' title="bbox 299 3202 1190 3250; baseline -0.006 -8"><span class='ocrx_word' id='word_1_336' title='bbox 299 3216 408 3242; x_wconf 63' lang='lat' dir='ltr'>ceas,</span> <span class='ocrx_word' id='word_1_337' title='bbox 466 3206 559 3242; x_wconf 84' lang='lat' dir='ltr'>Huc</span> <span class='ocrx_word' id='word_1_338' title='bbox 588 3204 765 3242; x_wconf 87' lang='lat' dir='ltr'>Suetonii</span> <span class='ocrx_word' id='word_1_339' title='bbox 794 3204 891 3240; x_wconf 88' lang='lat' dir='ltr'>illud</span> <span class='ocrx_word' id='word_1_340' title='bbox 915 3202 1090 3250; x_wconf 82' lang='lat' dir='ltr'>pertinet</span> <span class='ocrx_word' id='word_1_341' title='bbox 1114 3202 1190 3237; x_wconf 92' lang='lat' dir='ltr'>Ve-</span> 
     </span>
     <span class='ocr_line' id='line_1_53' title="bbox 305 3256 1191 3307; baseline -0.007 -11"><span class='ocrx_word' id='word_1_342' title='bbox 305 3270 411 3307; x_wconf 84' lang='lat' dir='ltr'>spas.</span> <span class='ocrx_word' id='word_1_343' title='bbox 442 3261 481 3295; x_wconf 88' lang='lat'>6.</span> <span class='ocrx_word' id='word_1_344' title='bbox 538 3258 690 3295; x_wconf 82' lang='lat' dir='ltr'>Nomen</span> <span class='ocrx_word' id='word_1_345' title='bbox 718 3258 800 3305; x_wconf 68' lang='lat' dir='ltr'>ejus</span> <span class='ocrx_word' id='word_1_346' title='bbox 833 3257 988 3293; x_wconf 63' lang='lat' dir='ltr'>voa-illis</span> <span class='ocrx_word' id='word_1_347' title='bbox 1016 3256 1191 3291; x_wconf 77' lang='lat' dir='ltr'>omnibus</span> 
     </span>
     <span class='ocr_line' id='line_1_54' title="bbox 307 3308 1191 3360; baseline -0.005 -11"><span class='ocrx_word' id='word_1_348' title='bbox 307 3313 389 3349; x_wconf 80' lang='lat' dir='ltr'>sine</span> <span class='ocrx_word' id='word_1_349' title='bbox 408 3324 517 3349; x_wconf 77' lang='lat' dir='ltr'>mora</span> <span class='ocrx_word' id='word_1_350' title='bbox 534 3313 822 3360; x_wconf 74' lang='lat' dir='ltr'>inscripserunt.</span> <span class='ocrx_word' id='word_1_351' title='bbox 871 3309 971 3345; x_wconf 84' lang='lat' dir='ltr'>Item</span> <span class='ocrx_word' id='word_1_352' title='bbox 986 3308 1191 3345; x_wconf 85' lang='lat' dir='ltr'>Prudentii</span> 
     </span>
     <span class='ocr_line' id='line_1_55' title="bbox 308 3362 1191 3411; baseline -0.003 -9"><span class='ocrx_word' id='word_1_353' title='bbox 308 3365 357 3402; x_wconf 87' lang='lat' dir='ltr'>de</span> <span class='ocrx_word' id='word_1_354' title='bbox 375 3365 651 3410; x_wconf 82' lang='lat' dir='ltr'>constantino,</span> <span class='ocrx_word' id='word_1_355' title='bbox 670 3365 712 3401; x_wconf 91' lang='lat' dir='ltr'>in</span> <span class='ocrx_word' id='word_1_356' title='bbox 733 3365 877 3411; x_wconf 86' lang='lat' dir='ltr'>Symm.</span> <span class='ocrx_word' id='word_1_357' title='bbox 900 3367 934 3406; x_wconf 87' lang='lat' dir='ltr'>l,</span> <span class='ocrx_word' id='word_1_358' title='bbox 954 3366 1048 3398; x_wconf 86' lang='grc'><strong>488.</strong></span> <span class='ocrx_word' id='word_1_359' title='bbox 1080 3362 1191 3400; x_wconf 77' lang='lat' dir='ltr'>Chri-</span> 
     </span>
     <span class='ocr_line' id='line_1_56' title="bbox 308 3416 1187 3468; baseline -0.005 -12"><span class='ocrx_word' id='word_1_360' title='bbox 308 3426 392 3456; x_wconf 72' lang='lat' dir='ltr'>stas</span> <span class='ocrx_word' id='word_1_361' title='bbox 403 3431 658 3468; x_wconf 78' lang='lat' dir='ltr'>purpureum,</span> <span class='ocrx_word' id='word_1_362' title='bbox 668 3422 864 3467; x_wconf 72' lang='lat' dir='ltr'>gemmato</span> <span class='ocrx_word' id='word_1_363' title='bbox 875 3421 1006 3452; x_wconf 69' lang='lat' dir='ltr'>textus</span> <span class='ocrx_word' id='word_1_364' title='bbox 1022 3416 1064 3450; x_wconf 80' lang='lat' dir='ltr'>in</span> <span class='ocrx_word' id='word_1_365' title='bbox 1078 3427 1187 3453; x_wconf 80' lang='lat' dir='ltr'>auro.</span> 
     </span>
     <span class='ocr_line' id='line_1_57' title="bbox 311 3469 1191 3522; baseline -0.005 -12"><span class='ocrx_word' id='word_1_366' title='bbox 311 3473 508 3522; x_wconf 79' lang='lat' dir='ltr'>Signabat</span> <span class='ocrx_word' id='word_1_367' title='bbox 538 3471 728 3509; x_wconf 75' lang='lat' dir='ltr'>labarum.</span> <span class='ocrx_word' id='word_1_368' title='bbox 764 3470 984 3519; x_wconf 79' lang='lat' dir='ltr'>clypeorum</span> <span class='ocrx_word' id='word_1_369' title='bbox 1013 3469 1191 3514; x_wconf 69' lang='lat' dir='ltr'>irwignia</span> 
     </span>
     <span class='ocr_line' id='line_1_58' title="bbox 310 3521 1189 3574; baseline -0.001 -12"><span class='ocrx_word' id='word_1_370' title='bbox 310 3527 488 3564; x_wconf 74' lang='lat' dir='ltr'>Christus</span> <span class='ocrx_word' id='word_1_371' title='bbox 503 3525 737 3574; x_wconf 66' lang='lat' dir='ltr'>Scripserat.</span> <span class='ocrx_word' id='word_1_372' title='bbox 796 3522 878 3564; x_wconf 80' lang='lat' dir='ltr'>Qui</span> <span class='ocrx_word' id='word_1_373' title='bbox 897 3521 996 3560; x_wconf 82' lang='lat' dir='ltr'>bene</span> <span class='ocrx_word' id='word_1_374' title='bbox 1014 3521 1122 3560; x_wconf 83' lang='lat' dir='ltr'>addit</span> <span class='ocrx_word' id='word_1_375' title='bbox 1141 3524 1189 3561; x_wconf 84' lang='lat' dir='ltr'>de</span> 
     </span>
    </p>
   </div>
   <div class='ocr_carea' id='block_1_7' title="bbox 1242 1598 2175 3573">
    <p class='ocr_par' dir='ltr' id='par_1_8' title="bbox 1242 1598 2134 2656">
     <span class='ocr_line' id='line_1_59' title="bbox 1250 1598 2130 1647; baseline 0.003 -13"><span class='ocrx_word' id='word_1_376' title='bbox 1250 1598 1412 1646; x_wconf 82' lang='lat' dir='ltr'>clypeis,</span> <span class='ocrx_word' id='word_1_377' title='bbox 1432 1599 1513 1636; x_wconf 89' lang='lat' dir='ltr'>sive</span> <span class='ocrx_word' id='word_1_378' title='bbox 1531 1600 1666 1637; x_wconf 84' lang='lat' dir='ltr'>scutis.</span> <span class='ocrx_word' id='word_1_379' title='bbox 1693 1610 1785 1637; x_wconf 83' lang='lat' dir='ltr'>nam</span> <span class='ocrx_word' id='word_1_380' title='bbox 1802 1603 1843 1637; x_wconf 90' lang='lat' dir='ltr'>et</span> <span class='ocrx_word' id='word_1_381' title='bbox 1855 1599 1951 1645; x_wconf 88' lang='lat' dir='ltr'>illic,</span> <span class='ocrx_word' id='word_1_382' title='bbox 1968 1602 2017 1637; x_wconf 84' lang='lat' dir='ltr'>ut</span> <span class='ocrx_word' id='word_1_383' title='bbox 2033 1600 2130 1647; x_wconf 79' lang='lat' dir='ltr'>dixi,</span> 
     </span>
     <span class='ocr_line' id='line_1_60' title="bbox 1249 1651 2131 1703; baseline 0.003 -15"><span class='ocrx_word' id='word_1_384' title='bbox 1249 1651 1531 1690; x_wconf 84' lang='lat' dir='ltr'>inscribebant.</span> <span class='ocrx_word' id='word_1_385' title='bbox 1587 1653 1883 1694; x_wconf 80' lang='lat' dir='ltr'>Quinctilianus</span> <span class='ocrx_word' id='word_1_386' title='bbox 1908 1666 1980 1703; x_wconf 86' lang='lat' dir='ltr'>pro</span> <span class='ocrx_word' id='word_1_387' title='bbox 1999 1654 2131 1693; x_wconf 81' lang='lat' dir='ltr'>Milite</span> 
     </span>
     <span class='ocr_line' id='line_1_61' title="bbox 1248 1704 2132 1757; baseline 0.002 -15"><span class='ocrx_word' id='word_1_388' title='bbox 1248 1711 1368 1746; x_wconf 67' lang='lat' dir='ltr'>c.,12.</span> <span class='ocrx_word' id='word_1_389' title='bbox 1413 1707 1648 1756; x_wconf 66' lang='lat' dir='ltr'>Inscriptam</span> <span class='ocrx_word' id='word_1_390' title='bbox 1668 1707 1711 1757; x_wconf 83' lang='lat' dir='ltr'>in</span> <span class='ocrx_word' id='word_1_391' title='bbox 1726 1713 1835 1744; x_wconf 78' lang='lat' dir='ltr'>scuto</span> <span class='ocrx_word' id='word_1_392' title='bbox 1857 1704 1899 1746; x_wconf 84' lang='lat' dir='ltr'>C.</span> <span class='ocrx_word' id='word_1_393' title='bbox 1919 1707 2048 1744; x_wconf 81' lang='lat' dir='ltr'>Marii</span> <span class='ocrx_word' id='word_1_394' title='bbox 2063 1720 2132 1753; x_wconf 72' lang='lat' dir='ltr'>vto-</span> 
     </span>
     <span class='ocr_line' id='line_1_62' title="bbox 1249 1758 2131 1805; baseline 0 -8"><span class='ocrx_word' id='word_1_395' title='bbox 1249 1772 1348 1798; x_wconf 86' lang='lat' dir='ltr'>men.</span> <span class='ocrx_word' id='word_1_396' title='bbox 1383 1759 1462 1797; x_wconf 87' lang='lat' dir='ltr'>Dio</span> <span class='ocrx_word' id='word_1_397' title='bbox 1474 1765 1543 1805; x_wconf 71' lang='lat'>42,</span> <span class='ocrx_word' id='word_1_398' title='bbox 1567 1764 1630 1798; x_wconf 86' lang='lat'>15.</span> <span class='ocrx_word' id='word_1_399' title='bbox 1667 1758 1900 1796; x_wconf 84' lang='lat' dir='ltr'>Marcellum</span> <span class='ocrx_word' id='word_1_400' title='bbox 1919 1760 1976 1798; x_wconf 86' lang='lat' dir='ltr'>ait</span> <span class='ocrx_word' id='word_1_401' title='bbox 1993 1772 2131 1798; x_wconf 83' lang='lat' dir='ltr'>nomen</span> 
     </span>
     <span class='ocr_line' id='line_1_63' title="bbox 1247 1812 2132 1862; baseline -0.001 -11"><span class='ocrx_word' id='word_1_402' title='bbox 1247 1814 1444 1862; x_wconf 82' lang='lat' dir='ltr'>Pompeii,</span> <span class='ocrx_word' id='word_1_403' title='bbox 1473 1826 1560 1850; x_wconf 86' lang='lat' dir='ltr'>cam</span> <span class='ocrx_word' id='word_1_404' title='bbox 1577 1812 1624 1850; x_wconf 84' lang='lat' dir='ltr'>id</span> <span class='ocrx_word' id='word_1_405' title='bbox 1646 1815 1770 1852; x_wconf 75' lang='lat' dir='ltr'>scutis</span> <span class='ocrx_word' id='word_1_406' title='bbox 1790 1815 1872 1851; x_wconf 74' lang='lat' dir='ltr'>suis</span> <span class='ocrx_word' id='word_1_407' title='bbox 1898 1814 2043 1852; x_wconf 75' lang='lat' dir='ltr'>milites</span> <span class='ocrx_word' id='word_1_408' title='bbox 2068 1815 2132 1852; x_wconf 83' lang='lat' dir='ltr'>in-</span> 
     </span>
     <span class='ocr_line' id='line_1_64' title="bbox 1246 1867 2134 1911; baseline 0.002 -8"><span class='ocrx_word' id='word_1_409' title='bbox 1246 1867 1464 1911; x_wconf 79' lang='lat' dir='ltr'>scriberent,</span> <span class='ocrx_word' id='word_1_410' title='bbox 1510 1867 1664 1904; x_wconf 79' lang='lat' dir='ltr'>delesse.</span> <span class='ocrx_word' id='word_1_411' title='bbox 1705 1867 1766 1904; x_wconf 89' lang='lat' dir='ltr'>uti</span> <span class='ocrx_word' id='word_1_412' title='bbox 1808 1867 1958 1904; x_wconf 84' lang='lat' dir='ltr'>scilicet</span> <span class='ocrx_word' id='word_1_413' title='bbox 2000 1867 2134 1905; x_wconf 73' lang='lat' dir='ltr'>fauto-</span> 
     </span>
     <span class='ocr_line' id='line_1_65' title="bbox 1246 1921 2130 1968; baseline 0.001 -11"><span class='ocrx_word' id='word_1_414' title='bbox 1246 1931 1331 1957; x_wconf 86' lang='lat' dir='ltr'>rem</span> <span class='ocrx_word' id='word_1_415' title='bbox 1369 1931 1409 1956; x_wconf 91' lang='lat' dir='ltr'>se</span> <span class='ocrx_word' id='word_1_416' title='bbox 1443 1922 1585 1958; x_wconf 80' lang='lat' dir='ltr'>Caesari</span> <span class='ocrx_word' id='word_1_417' title='bbox 1615 1921 1862 1958; x_wconf 83' lang='lat' dir='ltr'>ostenderet.</span> <span class='ocrx_word' id='word_1_418' title='bbox 1917 1921 2025 1959; x_wconf 86' lang='lat' dir='ltr'>Idem</span> <span class='ocrx_word' id='word_1_419' title='bbox 2061 1925 2130 1968; x_wconf 81' lang='grc'>50,</span> 
     </span>
     <span class='ocr_line' id='line_1_66' title="bbox 1249 1973 2128 2024; baseline 0.001 -13"><span class='ocrx_word' id='word_1_420' title='bbox 1249 1979 1286 2011; x_wconf 89' lang='lat'>5.</span> <span class='ocrx_word' id='word_1_421' title='bbox 1322 1977 1450 2019; x_wconf 83' lang='lat' dir='ltr'>notat,</span> <span class='ocrx_word' id='word_1_422' title='bbox 1489 1975 1687 2011; x_wconf 79' lang='lat' dir='ltr'>Romanos</span> <span class='ocrx_word' id='word_1_423' title='bbox 1726 1973 1871 2011; x_wconf 88' lang='lat' dir='ltr'>milites</span> <span class='ocrx_word' id='word_1_424' title='bbox 1915 1975 2128 2024; x_wconf 71' lang='lat' dir='ltr'>Cleopatra·</span> 
     </span>
     <span class='ocr_line' id='line_1_67' title="bbox 1244 2028 2128 2077; baseline 0 -12"><span class='ocrx_word' id='word_1_425' title='bbox 1244 2039 1381 2065; x_wconf 84' lang='lat' dir='ltr'>nomen</span> <span class='ocrx_word' id='word_1_426' title='bbox 1395 2029 1517 2065; x_wconf 76' lang='lat' dir='ltr'>scutis</span> <span class='ocrx_word' id='word_1_427' title='bbox 1544 2028 1796 2077; x_wconf 72' lang='lat' dir='ltr'>inscripsisse,</span> <span class='ocrx_word' id='word_1_428' title='bbox 1816 2028 1928 2077; x_wconf 78' lang='lat' dir='ltr'>quasi</span> <span class='ocrx_word' id='word_1_429' title='bbox 1954 2029 2128 2076; x_wconf 80' lang='lat' dir='ltr'>Impera-</span> 
     </span>
     <span class='ocr_line' id='line_1_68' title="bbox 1243 2079 2129 2131; baseline 0 -13"><span class='ocrx_word' id='word_1_430' title='bbox 1243 2082 1354 2118; x_wconf 76' lang='lat' dir='ltr'>toris.</span> <span class='ocrx_word' id='word_1_431' title='bbox 1397 2082 1450 2118; x_wconf 91' lang='lat' dir='ltr'>D.</span> <span class='ocrx_word' id='word_1_432' title='bbox 1468 2080 1701 2118; x_wconf 88' lang='lat' dir='ltr'>Ambrosius</span> <span class='ocrx_word' id='word_1_433' title='bbox 1723 2079 1819 2131; x_wconf 88' lang='lat' dir='ltr'>(sive</span> <span class='ocrx_word' id='word_1_434' title='bbox 1834 2081 1922 2130; x_wconf 90' lang='lat' dir='ltr'>quis</span> <span class='ocrx_word' id='word_1_435' title='bbox 1940 2082 2043 2120; x_wconf 86' lang='lat' dir='ltr'>alius</span> <span class='ocrx_word' id='word_1_436' title='bbox 2062 2081 2129 2119; x_wconf 82' lang='lat' dir='ltr'>ille</span> 
     </span>
     <span class='ocr_line' id='line_1_69' title="bbox 1245 2132 2129 2184; baseline 0 -12"><span class='ocrx_word' id='word_1_437' title='bbox 1245 2132 1428 2184; x_wconf 84' lang='lat' dir='ltr'>scriptor)</span> <span class='ocrx_word' id='word_1_438' title='bbox 1449 2135 1498 2171; x_wconf 86' lang='lat' dir='ltr'>ad</span> <span class='ocrx_word' id='word_1_439' title='bbox 1514 2134 1620 2171; x_wconf 88' lang='lat' dir='ltr'>hunc</span> <span class='ocrx_word' id='word_1_440' title='bbox 1651 2135 1774 2171; x_wconf 84' lang='lat' dir='ltr'>ritum</span> <span class='ocrx_word' id='word_1_441' title='bbox 1792 2134 1967 2183; x_wconf 75' lang='lat' dir='ltr'>respexit</span> <span class='ocrx_word' id='word_1_442' title='bbox 1994 2136 2129 2173; x_wconf 81' lang='lat' dir='ltr'>orati-</span> 
     </span>
     <span class='ocr_line' id='line_1_70' title="bbox 1245 2188 2131 2234; baseline 0.002 -9"><span class='ocrx_word' id='word_1_443' title='bbox 1245 2200 1319 2226; x_wconf 86' lang='lat' dir='ltr'>oue</span> <span class='ocrx_word' id='word_1_444' title='bbox 1338 2188 1496 2225; x_wconf 88' lang='lat' dir='ltr'>funebri</span> <span class='ocrx_word' id='word_1_445' title='bbox 1516 2189 1563 2224; x_wconf 88' lang='lat' dir='ltr'>de</span> <span class='ocrx_word' id='word_1_446' title='bbox 1581 2188 1862 2225; x_wconf 83' lang='lat' dir='ltr'>Valentiniano</span> <span class='ocrx_word' id='word_1_447' title='bbox 1883 2188 1921 2234; x_wconf 73' lang='lat'>§-</span> <span class='ocrx_word' id='word_1_448' title='bbox 1939 2193 2005 2226; x_wconf 83' lang='lat'>58.</span> <span class='ocrx_word' id='word_1_449' title='bbox 2046 2189 2131 2227; x_wconf 79' lang='lat' dir='ltr'>Va-</span> 
     </span>
     <span class='ocr_line' id='line_1_71' title="bbox 1244 2240 2132 2290; baseline 0.002 -12"><span class='ocrx_word' id='word_1_450' title='bbox 1244 2243 1483 2279; x_wconf 79' lang='lat' dir='ltr'>lentinianus</span> <span class='ocrx_word' id='word_1_451' title='bbox 1505 2241 1646 2278; x_wconf 70' lang='lat' dir='ltr'>habens</span> <span class='ocrx_word' id='word_1_452' title='bbox 1663 2242 1706 2278; x_wconf 83' lang='lat' dir='ltr'>in</span> <span class='ocrx_word' id='word_1_453' title='bbox 1723 2254 1763 2279; x_wconf 86' lang='lat' dir='ltr'>se</span> <span class='ocrx_word' id='word_1_454' title='bbox 1778 2242 1996 2290; x_wconf 79' lang='lat' dir='ltr'>imaginem</span> <span class='ocrx_word' id='word_1_455' title='bbox 2019 2240 2132 2280; x_wconf 71' lang='lat' dir='ltr'>Chri-</span> 
     </span>
     <span class='ocr_line' id='line_1_72' title="bbox 1242 2295 2129 2345; baseline 0.001 -13"><span class='ocrx_word' id='word_1_456' title='bbox 1242 2297 1309 2333; x_wconf 82' lang='lat' dir='ltr'>sti.</span> <span class='ocrx_word' id='word_1_457' title='bbox 1319 2323 1329 2331; x_wconf 89' lang='lat'>.</span> <span class='ocrx_word' id='word_1_458' title='bbox 1343 2320 1353 2330; x_wconf 88' lang='lat'>.</span> <span class='ocrx_word' id='word_1_459' title='bbox 1372 2295 1456 2332; x_wconf 88' lang='lat' dir='ltr'>Nec</span> <span class='ocrx_word' id='word_1_460' title='bbox 1473 2295 1663 2343; x_wconf 78' lang='lat' dir='ltr'>injuriam</span> <span class='ocrx_word' id='word_1_461' title='bbox 1678 2296 1895 2345; x_wconf 82' lang='lat' dir='ltr'>putaveris.</span> <span class='ocrx_word' id='word_1_462' title='bbox 1907 2295 2129 2333; x_wconf 68' lang='lat' dir='ltr'>charactere</span> 
     </span>
     <span class='ocr_line' id='line_1_73' title="bbox 1245 2348 2129 2394; baseline 0 -8"><span class='ocrx_word' id='word_1_463' title='bbox 1245 2348 1414 2386; x_wconf 73' lang='lat' dir='ltr'>Domini</span> <span class='ocrx_word' id='word_1_464' title='bbox 1430 2349 1694 2386; x_wconf 78' lang='lat' dir='ltr'>inscribuntur</span> <span class='ocrx_word' id='word_1_465' title='bbox 1706 2355 1743 2385; x_wconf 83' lang='lat' dir='ltr'>et</span> <span class='ocrx_word' id='word_1_466' title='bbox 1753 2349 1912 2394; x_wconf 67' lang='lat' dir='ltr'>servuli,</span> <span class='ocrx_word' id='word_1_467' title='bbox 1923 2354 1962 2386; x_wconf 78' lang='lat' dir='ltr'>et</span> <span class='ocrx_word' id='word_1_468' title='bbox 1977 2350 2129 2386; x_wconf 78' lang='lat' dir='ltr'>nomine</span> 
     </span>
     <span class='ocr_line' id='line_1_74' title="bbox 1247 2402 2129 2450; baseline 0 -12"><span class='ocrx_word' id='word_1_469' title='bbox 1247 2403 1501 2450; x_wconf 79' lang='lat' dir='ltr'>Imperatoris</span> <span class='ocrx_word' id='word_1_470' title='bbox 1529 2403 1748 2450; x_wconf 72' lang='lat' dir='ltr'>signantur</span> <span class='ocrx_word' id='word_1_471' title='bbox 1770 2402 1927 2439; x_wconf 80' lang='lat' dir='ltr'>milites.</span> <span class='ocrx_word' id='word_1_472' title='bbox 1962 2402 2038 2439; x_wconf 89' lang='lat' dir='ltr'>nisi</span> <span class='ocrx_word' id='word_1_473' title='bbox 2065 2406 2129 2440; x_wconf 77' lang='lat' dir='ltr'>ta-</span> 
     </span>
     <span class='ocr_line' id='line_1_75' title="bbox 1245 2455 2128 2504; baseline 0.001 -12"><span class='ocrx_word' id='word_1_474' title='bbox 1245 2467 1337 2492; x_wconf 89' lang='lat' dir='ltr'>men</span> <span class='ocrx_word' id='word_1_475' title='bbox 1366 2455 1416 2492; x_wconf 86' lang='lat' dir='ltr'>ad</span> <span class='ocrx_word' id='word_1_476' title='bbox 1448 2458 1662 2504; x_wconf 84' lang='lat' dir='ltr'>puncturas</span> <span class='ocrx_word' id='word_1_477' title='bbox 1690 2459 1732 2492; x_wconf 88' lang='lat' dir='ltr'>et</span> <span class='ocrx_word' id='word_1_478' title='bbox 1747 2455 1933 2503; x_wconf 78' lang='lat' dir='ltr'>stigmata</span> <span class='ocrx_word' id='word_1_479' title='bbox 1955 2456 2128 2493; x_wconf 87' lang='lat' dir='ltr'>militum</span> 
     </span>
     <span class='ocr_line' id='line_1_76' title="bbox 1244 2508 2128 2557; baseline -0.001 -10"><span class='ocrx_word' id='word_1_480' title='bbox 1244 2509 1316 2548; x_wconf 89' lang='lat' dir='ltr'>hoc</span> <span class='ocrx_word' id='word_1_481' title='bbox 1336 2508 1480 2546; x_wconf 83' lang='lat' dir='ltr'>refers:</span> <span class='ocrx_word' id='word_1_482' title='bbox 1512 2508 1615 2556; x_wconf 91' lang='lat' dir='ltr'>quod</span> <span class='ocrx_word' id='word_1_483' title='bbox 1634 2519 1715 2546; x_wconf 89' lang='lat' dir='ltr'>non</span> <span class='ocrx_word' id='word_1_484' title='bbox 1732 2518 1888 2557; x_wconf 84' lang='lat' dir='ltr'>sperno.</span> <span class='ocrx_word' id='word_1_485' title='bbox 1918 2509 2032 2547; x_wconf 76' lang='lat' dir='ltr'>L1rs.</span> <span class='ocrx_word' id='word_1_486' title='bbox 2066 2510 2128 2546; x_wconf 88' lang='lat' dir='ltr'>De</span> 
     </span>
     <span class='ocr_line' id='line_1_77' title="bbox 1244 2561 2128 2610; baseline 0 -9"><span class='ocrx_word' id='word_1_487' title='bbox 1244 2562 1472 2601; x_wconf 89' lang='lat' dir='ltr'>nominibus</span> <span class='ocrx_word' id='word_1_488' title='bbox 1483 2562 1582 2600; x_wconf 83' lang='lat' dir='ltr'>adde</span> <span class='ocrx_word' id='word_1_489' title='bbox 1595 2565 1773 2600; x_wconf 85' lang='lat' dir='ltr'>nostrum</span> <span class='ocrx_word' id='word_1_490' title='bbox 1792 2561 1848 2599; x_wconf 88' lang='lat' dir='ltr'>H.</span> <span class='ocrx_word' id='word_1_491' title='bbox 1865 2567 1906 2609; x_wconf 74' lang='lat'>2,</span> <span class='ocrx_word' id='word_1_492' title='bbox 1922 2567 1988 2600; x_wconf 79' lang='lat'>85.</span> <span class='ocrx_word' id='word_1_493' title='bbox 2002 2568 2043 2610; x_wconf 84' lang='lat'>3,</span> <span class='ocrx_word' id='word_1_494' title='bbox 2062 2568 2128 2602; x_wconf 80' lang='lat'>13.</span> 
     </span>
     <span class='ocr_line' id='line_1_78' title="bbox 1245 2618 1355 2656; baseline -0.027 0"><span class='ocrx_word' id='word_1_495' title='bbox 1245 2618 1355 2656; x_wconf 66' lang='lat' dir='ltr'>ERN.</span> 
     </span>
    </p>

    <p class='ocr_par' dir='ltr' id='par_1_9' title="bbox 1303 2667 2018 2719">
     <span class='ocr_line' id='line_1_79' title="bbox 1303 2667 2018 2719; baseline -0.003 -11"><span class='ocrx_word' id='word_1_496' title='bbox 1303 2667 1590 2719; x_wconf 73' lang='lat' dir='ltr'>Tumvinctus]</span> <span class='ocrx_word' id='word_1_497' title='bbox 1617 2668 1722 2706; x_wconf 89' lang='lat' dir='ltr'>Bud.</span> <span class='ocrx_word' id='word_1_498' title='bbox 1741 2667 2018 2707; x_wconf 64' lang='lat' dir='ltr'>tuncoz’nctus.</span> 
     </span>
    </p>

    <p class='ocr_par' dir='ltr' id='par_1_10' title="bbox 1243 2721 2132 3147">
     <span class='ocr_line' id='line_1_80' title="bbox 1297 2721 2129 2773; baseline 0 -12"><span class='ocrx_word' id='word_1_499' title='bbox 1297 2723 1537 2761; x_wconf 66' lang='lat' dir='ltr'>Extremum</span> <span class='ocrx_word' id='word_1_500' title='bbox 1553 2723 1745 2760; x_wconf 82' lang='lat' dir='ltr'>malorum</span> <span class='ocrx_word' id='word_1_501' title='bbox 1765 2721 1857 2773; x_wconf 64' lang='lat' dir='ltr'>eta]</span> <span class='ocrx_word' id='word_1_502' title='bbox 1916 2723 2129 2772; x_wconf 75' lang='lat' dir='ltr'>lutei-pun·</span> 
     </span>
     <span class='ocr_line' id='line_1_81' title="bbox 1245 2775 2129 2825; baseline 0 -11"><span class='ocrx_word' id='word_1_503' title='bbox 1245 2776 1324 2814; x_wconf 88' lang='lat' dir='ltr'>ctio</span> <span class='ocrx_word' id='word_1_504' title='bbox 1351 2778 1431 2816; x_wconf 84' lang='lat' dir='ltr'>haec</span> <span class='ocrx_word' id='word_1_505' title='bbox 1461 2776 1627 2813; x_wconf 85' lang='lat' dir='ltr'>debetur</span> <span class='ocrx_word' id='word_1_506' title='bbox 1654 2775 1844 2820; x_wconf 52' lang='lat' dir='ltr'>richenza,</span> <span class='ocrx_word' id='word_1_507' title='bbox 1863 2775 1931 2825; x_wconf 84' lang='lat' dir='ltr'>qui</span> <span class='ocrx_word' id='word_1_508' title='bbox 1959 2776 2014 2813; x_wconf 87' lang='lat' dir='ltr'>sic</span> <span class='ocrx_word' id='word_1_509' title='bbox 2043 2777 2129 2814; x_wconf 81' lang='lat' dir='ltr'>loco</span> 
     </span>
     <span class='ocr_line' id='line_1_82' title="bbox 1246 2829 2132 2877; baseline -0.002 -9"><span class='ocrx_word' id='word_1_510' title='bbox 1246 2831 1456 2875; x_wconf 85' lang='lat' dir='ltr'>succurrit,</span> <span class='ocrx_word' id='word_1_511' title='bbox 1489 2830 1648 2877; x_wconf 87' lang='lat' dir='ltr'>adjutus</span> <span class='ocrx_word' id='word_1_512' title='bbox 1685 2829 1770 2866; x_wconf 90' lang='lat' dir='ltr'>MS.</span> <span class='ocrx_word' id='word_1_513' title='bbox 1801 2829 1907 2867; x_wconf 80' lang='lat' dir='ltr'>Flor.</span> <span class='ocrx_word' id='word_1_514' title='bbox 1961 2831 2036 2868; x_wconf 84' lang='lat' dir='ltr'>Pro</span> <span class='ocrx_word' id='word_1_515' title='bbox 2073 2835 2132 2867; x_wconf 80' lang='lat' dir='ltr'>tot</span> 
     </span>
     <span class='ocr_line' id='line_1_83' title="bbox 1247 2883 2127 2932; baseline -0.003 -10"><span class='ocrx_word' id='word_1_516' title='bbox 1247 2885 1332 2923; x_wconf 82' lang='lat' dir='ltr'>MS.</span> <span class='ocrx_word' id='word_1_517' title='bbox 1350 2883 1483 2922; x_wconf 85' lang='lat' dir='ltr'>Guelf.</span> <span class='ocrx_word' id='word_1_518' title='bbox 1513 2883 1616 2921; x_wconf 89' lang='lat' dir='ltr'>Bud.</span> <span class='ocrx_word' id='word_1_519' title='bbox 1635 2883 1694 2920; x_wconf 88' lang='lat' dir='ltr'>ed.</span> <span class='ocrx_word' id='word_1_520' title='bbox 1713 2883 1842 2922; x_wconf 82' lang='lat' dir='ltr'>Rhen.</span> <span class='ocrx_word' id='word_1_521' title='bbox 1869 2886 1912 2920; x_wconf 88' lang='lat' dir='ltr'>et</span> <span class='ocrx_word' id='word_1_522' title='bbox 1926 2893 2008 2932; x_wconf 84' lang='lat' dir='ltr'>sqq.</span> <span class='ocrx_word' id='word_1_523' title='bbox 2033 2887 2127 2920; x_wconf 81' lang='lat' dir='ltr'>ante</span> 
     </span>
     <span class='ocr_line' id='line_1_84' title="bbox 1246 2934 2128 2987; baseline -0.003 -12"><span class='ocrx_word' id='word_1_524' title='bbox 1246 2938 1423 2987; x_wconf 84' lang='lat' dir='ltr'>Lipsium</span> <span class='ocrx_word' id='word_1_525' title='bbox 1441 2950 1502 2974; x_wconf 88' lang='lat' dir='ltr'>ac.</span> <span class='ocrx_word' id='word_1_526' title='bbox 1550 2937 1658 2974; x_wconf 69' lang='lat' dir='ltr'>ERN.</span> <span class='ocrx_word' id='word_1_527' title='bbox 1713 2937 1850 2974; x_wconf 78' lang='lat' dir='ltr'>Priora</span> <span class='ocrx_word' id='word_1_528' title='bbox 1865 2934 1986 2974; x_wconf 79' lang='lat' dir='ltr'>verba</span> <span class='ocrx_word' id='word_1_529' title='bbox 2004 2936 2128 2973; x_wconf 84' lang='lat' dir='ltr'>inter-</span> 
     </span>
     <span class='ocr_line' id='line_1_85' title="bbox 1245 2986 2127 3039; baseline -0.002 -11"><span class='ocrx_word' id='word_1_530' title='bbox 1245 2986 1360 3028; x_wconf 85' lang='lat' dir='ltr'>cludo</span> <span class='ocrx_word' id='word_1_531' title='bbox 1385 3002 1474 3028; x_wconf 87' lang='lat' dir='ltr'>cum</span> <span class='ocrx_word' id='word_1_532' title='bbox 1501 2991 1594 3038; x_wconf 87' lang='lat' dir='ltr'>Bip.</span> <span class='ocrx_word' id='word_1_533' title='bbox 1624 2994 1665 3026; x_wconf 90' lang='lat' dir='ltr'>et</span> <span class='ocrx_word' id='word_1_534' title='bbox 1691 2990 1910 3039; x_wconf 79' lang='lat' dir='ltr'>praecedens</span> <span class='ocrx_word' id='word_1_535' title='bbox 1934 2993 2127 3037; x_wconf 84' lang='lat' dir='ltr'>punctum</span> 
     </span>
     <span class='ocr_line' id='line_1_86' title="bbox 1243 3041 2127 3092; baseline -0.002 -10"><span class='ocrx_word' id='word_1_536' title='bbox 1243 3045 1352 3082; x_wconf 84' lang='lat' dir='ltr'>tono.</span> <span class='ocrx_word' id='word_1_537' title='bbox 1407 3045 1503 3082; x_wconf 78' lang='lat' dir='ltr'>Mox</span> <span class='ocrx_word' id='word_1_538' title='bbox 1532 3043 1710 3081; x_wconf 82' lang='lat' dir='ltr'>Freinsh.</span> <span class='ocrx_word' id='word_1_539' title='bbox 1739 3041 1911 3080; x_wconf 78' lang='lat' dir='ltr'>malebat</span> <span class='ocrx_word' id='word_1_540' title='bbox 1923 3042 2050 3092; x_wconf 74' lang='lat' dir='ltr'>jussit</span> <span class='ocrx_word' id='word_1_541' title='bbox 2076 3049 2127 3080; x_wconf 84' lang='lat' dir='ltr'>et.</span> 
     </span>
     <span class='ocr_line' id='line_1_87' title="bbox 1247 3109 1459 3147; baseline -0.009 -11"><span class='ocrx_word' id='word_1_542' title='bbox 1247 3109 1328 3136; x_wconf 87' lang='lat' dir='ltr'>non</span> <span class='ocrx_word' id='word_1_543' title='bbox 1347 3109 1459 3147; x_wconf 86' lang='lat' dir='ltr'>opus.</span> 
     </span>
    </p>

    <p class='ocr_par' dir='ltr' id='par_1_11' title="bbox 1243 3147 2175 3402">
     <span class='ocr_line' id='line_1_88' title="bbox 1303 3147 2127 3199; baseline -0.004 -10"><span class='ocrx_word' id='word_1_544' title='bbox 1303 3147 1656 3199; x_wconf 71' lang='lat' dir='ltr'>Circanwtiterant]</span> <span class='ocrx_word' id='word_1_545' title='bbox 1706 3148 1791 3186; x_wconf 85' lang='lat' dir='ltr'>MS.</span> <span class='ocrx_word' id='word_1_546' title='bbox 1813 3149 1945 3187; x_wconf 84' lang='lat' dir='ltr'>Guelf.</span> <span class='ocrx_word' id='word_1_547' title='bbox 1962 3159 1987 3185; x_wconf 88' lang='lat' dir='ltr'>a</span> <span class='ocrx_word' id='word_1_548' title='bbox 2003 3159 2127 3186; x_wconf 84' lang='lat' dir='ltr'>manu</span> 
     </span>
     <span class='ocr_line' id='line_1_89' title="bbox 1245 3201 2124 3252; baseline -0.002 -10"><span class='ocrx_word' id='word_1_549' title='bbox 1245 3216 1320 3246; x_wconf 80' lang='lat' dir='ltr'>sec.</span> <span class='ocrx_word' id='word_1_550' title='bbox 1340 3205 1399 3240; x_wconf 91' lang='lat' dir='ltr'>ed.</span> <span class='ocrx_word' id='word_1_551' title='bbox 1418 3215 1481 3252; x_wconf 87' lang='lat' dir='ltr'>pr.</span> <span class='ocrx_word' id='word_1_552' title='bbox 1500 3204 1843 3240; x_wconf 72' lang='lat' dir='ltr'>circumsteterant.</span> <span class='ocrx_word' id='word_1_553' title='bbox 1861 3201 1911 3239; x_wconf 92' lang='lat' dir='ltr'>V.</span> <span class='ocrx_word' id='word_1_554' title='bbox 1930 3202 1979 3239; x_wconf 80' lang='lat' dir='ltr'>ud</span> <span class='ocrx_word' id='word_1_555' title='bbox 1997 3207 2039 3248; x_wconf 79' lang='lat'>4,</span> <span class='ocrx_word' id='word_1_556' title='bbox 2058 3205 2124 3242; x_wconf 88' lang='grc'>69.</span> 
     </span>
     <span class='ocr_line' id='line_1_90' title="bbox 1245 3255 2175 3302; baseline -0.002 -7"><span class='ocrx_word' id='word_1_557' title='bbox 1245 3260 1339 3295; x_wconf 91' lang='lat' dir='ltr'>Mox</span> <span class='ocrx_word' id='word_1_558' title='bbox 1368 3257 1502 3292; x_wconf 84' lang='lat' dir='ltr'>eadem</span> <span class='ocrx_word' id='word_1_559' title='bbox 1532 3256 1592 3291; x_wconf 87' lang='lat' dir='ltr'>ed.</span> <span class='ocrx_word' id='word_1_560' title='bbox 1624 3265 1683 3302; x_wconf 84' lang='lat' dir='ltr'>pr.</span> <span class='ocrx_word' id='word_1_561' title='bbox 1711 3255 1968 3293; x_wconf 77' lang='lat' dir='ltr'>intendebant.</span> <span class='ocrx_word' id='word_1_562' title='bbox 2015 3256 2125 3294; x_wconf 65' lang='lat' dir='ltr'>ERN.</span> <span class='ocrx_word' id='word_1_563' title='bbox 2169 3286 2175 3298; x_wconf 82' lang='grc'><strong>,</strong></span> 
     </span>
     <span class='ocr_line' id='line_1_91' title="bbox 1243 3308 2126 3349; baseline -0.001 -1"><span class='ocrx_word' id='word_1_564' title='bbox 1243 3311 1347 3349; x_wconf 87' lang='lat' dir='ltr'>Bud.</span> <span class='ocrx_word' id='word_1_565' title='bbox 1375 3314 1416 3347; x_wconf 87' lang='lat' dir='ltr'>et</span> <span class='ocrx_word' id='word_1_566' title='bbox 1443 3309 1503 3346; x_wconf 88' lang='lat' dir='ltr'>ed.</span> <span class='ocrx_word' id='word_1_567' title='bbox 1533 3310 1621 3346; x_wconf 89' lang='lat' dir='ltr'>Put.</span> <span class='ocrx_word' id='word_1_568' title='bbox 1650 3308 1735 3347; x_wconf 87' lang='lat' dir='ltr'>Alc.</span> <span class='ocrx_word' id='word_1_569' title='bbox 1765 3308 1843 3346; x_wconf 83' lang='lat' dir='ltr'>Rh.</span> <span class='ocrx_word' id='word_1_570' title='bbox 1870 3310 2126 3347; x_wconf 73' lang='lat' dir='ltr'>circumcirc-</span> 
     </span>
     <span class='ocr_line' id='line_1_92' title="bbox 1244 3369 1349 3402; baseline -0.029 0"><span class='ocrx_word' id='word_1_571' title='bbox 1244 3369 1349 3402; x_wconf 83' lang='lat' dir='ltr'>rant.</span> 
     </span>
    </p>

    <p class='ocr_par' dir='ltr' id='par_1_12' title="bbox 1243 3412 2125 3573">
     <span class='ocr_line' id='line_1_93' title="bbox 1294 3412 2125 3465; baseline -0.002 -12"><span class='ocrx_word' id='word_1_572' title='bbox 1294 3416 1411 3462; x_wconf 69' lang='lat' dir='ltr'>Mox,</span> <span class='ocrx_word' id='word_1_573' title='bbox 1429 3422 1475 3453; x_wconf 80' lang='lat' dir='ltr'>ut</span> <span class='ocrx_word' id='word_1_574' title='bbox 1488 3415 1657 3465; x_wconf 74' lang='lat' dir='ltr'>proebert&#39;</span> <span class='ocrx_word' id='word_1_575' title='bbox 1673 3426 1740 3451; x_wconf 85' lang='lat' dir='ltr'>ora</span> <span class='ocrx_word' id='word_1_576' title='bbox 1756 3412 1810 3463; x_wconf 87' lang='lat' dir='ltr'>c.]</span> <span class='ocrx_word' id='word_1_577' title='bbox 1847 3415 1940 3452; x_wconf 88' lang='lat' dir='ltr'>Non</span> <span class='ocrx_word' id='word_1_578' title='bbox 1957 3418 2019 3452; x_wconf 86' lang='lat' dir='ltr'>est</span> <span class='ocrx_word' id='word_1_579' title='bbox 2035 3426 2125 3451; x_wconf 79' lang='lat' dir='ltr'>ver-</span> 
     </span>
     <span class='ocr_line' id='line_1_94' title="bbox 1243 3468 2124 3518; baseline -0.002 -11"><span class='ocrx_word' id='word_1_580' title='bbox 1243 3469 1355 3515; x_wconf 85' lang='lat' dir='ltr'>bum,</span> <span class='ocrx_word' id='word_1_581' title='bbox 1383 3470 1488 3506; x_wconf 88' lang='lat' dir='ltr'>unde</span> <span class='ocrx_word' id='word_1_582' title='bbox 1516 3469 1686 3517; x_wconf 86' lang='lat' dir='ltr'>pendeat</span> <span class='ocrx_word' id='word_1_583' title='bbox 1714 3468 1905 3518; x_wconf 83' lang='lat' dir='ltr'>praeberi:</span> <span class='ocrx_word' id='word_1_584' title='bbox 1946 3469 2124 3517; x_wconf 82' lang='lat' dir='ltr'>sequitur</span> 
     </span>
     <span class='ocr_line' id='line_1_95' title="bbox 1244 3522 2124 3573; baseline -0.003 -13"><span class='ocrx_word' id='word_1_585' title='bbox 1244 3524 1351 3563; x_wconf 84' lang='lat' dir='ltr'>enim</span> <span class='ocrx_word' id='word_1_586' title='bbox 1368 3529 1404 3563; x_wconf 81' lang='lat' dir='ltr'>ec</span> <span class='ocrx_word' id='word_1_587' title='bbox 1418 3523 1683 3573; x_wconf 73' lang='lat' dir='ltr'>patiebantur.</span> <span class='ocrx_word' id='word_1_588' title='bbox 1726 3523 1897 3560; x_wconf 86' lang='lat' dir='ltr'>Pronum</span> <span class='ocrx_word' id='word_1_589' title='bbox 1915 3522 2016 3560; x_wconf 78' lang='lat' dir='ltr'>foret</span> <span class='ocrx_word' id='word_1_590' title='bbox 2033 3533 2124 3558; x_wconf 89' lang='lat' dir='ltr'>con-</span> 
     </span>
    </p>
   </div>
  </div>
 </body>
</html>
