2190 3880
738 155 892 205 LIB.
926 156 986 206 V.
1041 158 1203 206 cAP.
1234 165 1316 207 22.
1836 163 1931 209 841

126 296 238 332 nox
275 279 510 332 diremit.
585 279 745 332 Plus
759 280 1087 335 discriminis
1134 281 1279 351 apud
1319 281 1556 334 Giinnes
1593 281 1930 365 Vadamque5
1944 297 1996 338 A.-
2014 298 2069 337 U.

125 349 333 403 Vadam
376 350 589 415 Civilis,
630 351 868 404 Grinnes
909 352 1196 415 Classicus,
1232 354 1645 432 oppugnabant.
1684 372 1783 406 uec
1812 354 2065 442 sistiAfflg·

122 432 394 490 poterant,
422 422 710 475 interfecto
737 422 1034 475 fortissimo
1054 439 1298 492 quoque:
1339 422 1393 472 iu
1418 423 1536 491 quis
1561 423 1928 494 BriganticuS,
1970 457 2041 497 7}
2091 460 2094 462 -

126 490 428 544 Prae'fectus
467 492 587 556 alae,
623 493 924 558 cecider3at
968 511 1127 563 quem
1158 493 1325 544 fidum
1373 490 1636 544 Romanis
1662 506 1717 545 et
1745 494 1932 561 Civili,

122 548 411 626 avuncule,
440 561 711 615 infensum
753 534 1013 616 diximus.
1087 564 1213 627 Sed,
1241 562 1334 614 ubi
1367 561 1592 613 Cerialis
1637 581 1760 615 cum
1789 566 1935 618 dele-

123 641 214 682 cta
238 633 484 713 equitum
511 651 673 686 manu
700 635 977 697 subvenit,
1006 651 1157 685 veisa
1192 633 1430 698 fortuna,
1458 632 1766 704 praecipites
1796 635 1935 687 Ger-

123 702 271 754 mani
299 704 355 755 in
387 720 601 756 amnem
635 717 890 784 aguntur.
962 673 1177 767 'Civilis‚
1203 704 1330 755 dum
1372 703 1643 773 fugientes
1682 716 1934 771 r‚etentat

123 773 342 853 agnitus
369 775 679 844 petitusque
724 774 861 837 telis,
889 773 1077 825 ielieto
1110 792 1270 843 equo,
1310 775 1620 825 tranatavit.
1660 773 1802 826 idem
1827 776 1935 827 Ve-

119 842 260 894 racis
287 842 572 914 effugium.
645 843 906 895 Tutorem
932 843 1340 913 Classicumque
1367 844 1607 914 adpulsae
1633 843 1818 898 lintres
1845 864 1935 898 ve-

121 928 271 965 xere.
345 913 434 966 Ne
471 925 585 966 tum
625 915 844 984 quidem
877 915 1125 966 Romana
1164 914 1348 966 classis
1389 932 1587 984 pugnae
1631 915 1825 978 adfuit,
1872 928 1935 968 ut

113 981 329 1052 jussum
356 994 491 1036 erat.
525 985 617 1038 sed
644 986 861 1037 obstitit
879 984 1113 1037 formido
1140 997 1195 1036 et
1221 985 1468 1055 remiges
1479 1002 1571 1054 per
1596 985 1701 1037 alia
1723 986 1938 1039 militiae

120 1054 310 1106 munia
359 1055 607 1136 dispersi.
685 1056 827 1108 Sane
868 1055 1095 1107 Cerialis
1142 1074 1330 1125 parum
1357 1026 1629 1124 temporis
1673 1057 1740 1108 ad
1778 1074 1935 1109 exse-

122 1124 379 1193 quenda
366 1125 595 1196 imperia
626 1126 826 1179 dabat:
867 1126 1079 1178 subitus
1106 1125 1364 1189 consiliiS‚
1392 1127 1482 1177 sed
1511 1137 1709 1178 eventu
1739 1126 1932 1180 clarus.

120 1195 330 1248 Aderat
357 1196 593 1261 fortuna,
620 1197 783 1249 etiam
824 1197 917 1249 ubi
956 1208 1111 1249 artes
1134 1196 1450 1247 defuissent.
1490 1195 1658 1247 hinc
1646 1197 1750 1265 ipsi
1778 1214 1934 1249 exer-

121 1265 367 1336 cituique
391 1267 571 1319 minor
595 1285 725 1319 cura
749 1265 1073 1336 disciplinae.
1113 1265 1185 1317 Et
1214 1285 1412 1336 paucos
1439 1279 1562 1335 post
1588 1266 1722 1330 dies,
1741 1285 1933 1347 quam-

121 1353 286 1405 quam
362 1337 622 1390 ericulum
652 1337 988 1408 captivitatis
1026 1338 1302 1400 evasisset,
1332 1336 1612 1388 infamiam
1654 1354 1765 1388 non
1794 1340 1931 1390 vita-

119 1406 221 1461 vit.
350 1407 586 1460 rofectus
628 1407 926 1460 Novesium
968 1407 1339 1480 Bonnamque
1370 1408 1437 1458 ad
1478 1406 1700 1459 visenda
1735 1417 2016 1472 castra‚22

120 1494 247 1600 quae
275 1476 591 1531 hiematuris
623 1479 933 1559 legionibus
967 1479 1334 1548 erigebantur,
1352 1476 1594 1529 navibus
1623 1479 1928 1532 remeabat:

163 1559 355 1618 isJecto
380 1549 617 1619 agmine,
643 1549 929 1601 incuriosis
957 1549 1178 1620 vigiliis
1231 1547 1685 1599 Animadversum
1715 1549 1769 1600 id
1794 1549 1935 1602 Ger·

121 1635 336 1673 manis..

376 1632 430 1671 et
458 1619 678 1671 insidias
708 1637 1080 1689 composueie.
1119 1619 1290 1671 electa
1318 1636 1427 1669 nox
1451 1630 1568 1670 atra
1595 1619 1850 1684 nubibuS,
1877 1630 1935 1672 et

122 1706 299 1760 prono
329 1708 486 1742 amne
514 1692 673 1760 rapti,
696 1690 845 1741 nullo
875 1689 1217 1759 prohibente,
1246 1688 1444 1747 vallum
1475 1688 1682 1740 ineunt.

1748 1689 1935 1742 Prima

121 1759 299 1814 caedes
325 1771 444 1813 astu
471 1760 676 1829 adjuta.
716 1761 899 1813 incisis
939 1759 1411 1824 tabernaculorum
1440 1758 1682 1826 funibuS,
1710 1760 1937 1814 suismet

121 1907 264 1953 tusque
281 1903 504 1953 exemplum
531 1908 593 1941 est
610 1904 868 1942 Alemannus.
927 1905 1002 1942 Sed

120 1958 279 1996 Broter.
298 1961 413 1995 notat
422 1957 465 1994 in
483 1958 594 1995 MSS.
609 1959 738 1995 Oxou.
760 1970 843 1997 esse
859 1960 1000 1996 irrum-

115 2023 222 2061 pere.
268 2011 343 2049 Sea
369 2015 502 2049 tamen
518 2024 694 2061 rumpere
721 2013 888 2057 servavi,
907 2013 1002 2060 quia

120 2066 331 2114 irrumpere
345 2077 387 2113 p.
413 2076 493 2102 non
518 2066 676 2110 dicitur,
695 2069 735 2102 et
764 2066 848 2101 sine
881 2065 1002 2102 dubio

120 2118 261 2156 vitium
275 2121 407 2155 ortum
424 2122 486 2155 est
504 2130 524 2154 e
543 2119 652 2155 finali
666 2119 707 2155 in
726 2118 846 2155 verbo
860 2130 1001 2168 praece-

44 2174 46 2176 ’
121 2172 252 2210 dente.
295 2172 404 2209 Ean.
458 2172 560 2209 Bud.
578 2174 801 2221 irrumpere.

176 2225 262 2262 Nec
288 2225 376 2262 sisti
397 2223 596 2275 poterant]
646 2226 711 2262 Sic
739 2236 873 2262 omnes
895 2225 1001 2272 libri,

121 2289 218 2328 quos
236 2277 329 2315 vidi.
361 2277 473 2327 (item
495 2277 616 2329 Bud.)
663 2279 892 2327 Suspicatus
915 2291 1002 2316 sum

121 2332 232 2378 olim,
246 2330 454 2379 legendum
475 2343 558 2369 esse
583 2345 652 2370 nec
668 2334 760 2370 sisti
778 2338 934 2382 poterat
949 2344 1002 2370 sc.

118 2397 198 2431 res,
226 2385 400 2422 malum:
439 2390 574 2422 actum
603 2390 691 2422 erat
720 2387 766 2422 de
793 2386 931 2422 castris
959 2389 1002 2422 et

119 2439 308 2477 obsessisz
338 2439 410 2479 sed.
432 2450 538 2476 nunc
562 2440 692 2485 credo,
711 2440 916 2488 vulgatum
936 2451 1003 2477 ve-

119 2503 209 2530 rum
227 2503 326 2538 esse,
345 2496 386 2529 et
405 2492 559 2530 defendi
586 2505 698 2542 posse
727 2504 775 2530 ex
799 2493 855 2530 H.
875 2499 915 2538 3,
936 2498 1002 2532 71.

120 2545 191 2584 ubi
218 2546 353 2582 eadem
378 2543 516 2583 forma.
543 2545 601 2582 ibi
623 2546 794 2583 refertur
821 2546 869 2582 ad
893 2558 1005 2583 scan-

121 2600 262 2644 dentes,
281 2599 344 2635 hic
363 2600 412 2636 ad
433 2597 601 2636 Civilem
623 2603 664 2635 et
683 2599 914 2644 Classicum,
933 2600 1002 2646 qui

118 2651 418 2701 oppugnabant.
465 2653 558 2689 Mox
577 2652 767 2690 ceciderat
786 2657 846 2689 est
864 2653 906 2690 in
921 2664 1002 2688 om-

117 2705 240 2744 nibus
267 2705 411 2752 libris3
447 2706 515 2742 sed
545 2717 628 2743 rem
663 2717 684 2741 e
718 2706 1002 2743 consuetudine

118 2759 251 2798 Taciti
284 2759 496 2796 aestimanti
521 2760 687 2796 ridetur
730 2760 801 2796 hoc
838 2759 1002 2797 verbum

119 2824 204 2849 esse
220 2823 246 2849 a
262 2813 367 2849 mala
390 2824 526 2851 manu.
581 2813 714 2850 Etiam
743 2824 864 2860 supra
878 2825 911 2850 c.
935 2818 997 2851 19.

121 2868 164 2904 in
181 2865 379 2916 quissent,
395 2865 559 2914 languet
581 2866 718 2914 ‘reifuit
731 2883 746 2907 ;
778 2867 844 2903 sed
862 2870 922 2903 est
941 2870 1001 2902 ta-

119 2930 211 2957 men
240 2919 503 2964 tolerabilius,
532 2930 651 2967 quam
679 2920 716 2956 h.
735 2920 762 2956 l.
797 2921 1000 2964 ceciderat,

122 2984 194 3011 nec
211 2972 319 3009 illius
336 2973 490 3020 generis
508 2973 687 3021 exempla
703 2974 859 3010 desunt.
899 2973 1002 3010 Nam

121 3026 307 3076 praecedit
322 3025 483 3062 verbum
502 3026 663 3062 diversae
680 3026 1000 3074 significationis:

121 3082 185 3118 hic
206 3083 340 3116 autem
368 3089 637 3127 synonymum.
673 3080 729 3116 H.
750 3084 790 3124 3,
811 3085 878 3118 77.
921 3080 1002 3116 Sea·

123 3133 350 3172 Mburnicoe
367 3133 411 3169 in
423 3133 554 3180 primo
572 3134 744 3169 tumultu
761 3142 909 3169 evasere
920 3147 934 3172 ,-
959 3134 1002 3168 in

121 3188 210 3236 quie
220 3186 432 3234 prr-{fectus
442 3186 580 3222 classis
590 3183 847 3233 Apollinaris.
868 3186 1003 3232 Agrie.

123 3245 190 3280 37.
211 3245 428 3276 nostrorum
445 3239 606 3276 trecenti
621 3240 889 3288 quadraginta
909 3238 1003 3275 ceci-

123 3293 212 3329 dere
221 3305 234 3328 .·
255 3294 299 3329 iu
311 3294 399 3342 quis
410 3293 584 3337 Atticm,
599 3292 816 3341 Proeseetm·
827 3291 1003 3328 cohortis.

123 3350 166 3382 et
192 3346 247 3381 sic
263 3356 363 3394 saepe
381 3346 490 3382 alibi.
538 3346 647 3382 ERN.

179 3397 391 3446 Dia-imus]
440 3400 568 3446 Supra
586 3404 627 3443 4,
647 3403 712 3438 70.
741 3398 801 3435 ef.
822 3403 861 3442 2,
882 3403 951 3435 22.

122 3457 130 3464 ·
167 3451 432 3501 ‚qi-anacam]
482 3453 530 3489 V.
564 3453 613 3488 ad
648 3465 683 3488 e.
723 3456 787 3489 18.
834 3452 908 3489 Ed.
944 3461 1005 3499 pr.

125 3505 358 3543 transnavit.
402 3507 508 3543 Emv.
565 3506 667 3541 Bud.
689 3507 918 3542 tranatavit.

183 3558 294 3598 Idem
325 3558 527 3600 Germanis
555 3556 766 3609 effugium]
812 3558 874 3596 De
904 3557 1007 3597 mili-

1053 1906 1141 1941 tum
1170 1904 1252 1941 fato
1272 1902 1355 1950 jam
1387 1903 1499 1942 dixit.
1528 1857 1781 1952 sequebatur,
1809 1906 1858 1940 ut
1888 1903 1936 1941 de

1054 1958 1213 1994 Ducum
1246 1957 1402 1994 casibus
1437 1958 1595 1994 diceret.
1650 1958 1748 1995 Tres
1781 1967 1938 2005 compa-

1053 2014 1159 2056 rent,
1176 2014 1356 2059 quartus,
1371 2011 1516 2057 Verax‚
1528 2009 1652 2048 abest.
1680 2011 1794 2047 Unde
1812 2021 1940 2059 prona

1055 2065 1281 2111 conjectura
1290 2065 1499 2112 legendum
1517 2075 1601 2101 esse
1620 2066 1807 2104 Veracer
1833 2065 1940 2114 quod

1050 2118 1135 2165 jam
1169 2118 1212 2154 in
1240 2121 1412 2154 mentem
1436 2118 1548 2155 venit
1571 2118 1939 2155 ³.Gronovio.1n

1047 2172 1117 2208 red.
1146 2182 1206 2219 pr.
1236 2175 1298 2208 est
1321 2173 1424 2209 idem
1445 2169 1631 2221 germani
1652 2171 1941 2219 transfugium.

1057 2225 1098 2262 Si
1121 2224 1253 2262 verax
1281 2225 1416 2266 eadem
1445 2229 1573 2262 matre
1601 2225 1749 2273 potius,
1767 2235 1887 2288 quam
1916 2235 1940 2261 e

1057 2289 1188 2315 sorore
1208 2278 1344 2316 Civilis
1364 2282 1483 2315 natus
1503 2278 1659 2322 fuisset,
1674 2271 1867 2326 germani*
1878 2280 1941 2314 te-

1055 2343 1253 2369 neremus.
1301 2332 1590 2380 Tranffugium
1620 2333 1675 2367 sie
1701 2331 1791 2377 diei,
1819 2335 1867 2368 ut
1895 2331 1940 2368 in

1054 2385 1248 2434 scriptura
1293 2386 1375 2429 illa,
1412 2385 1585 2422 nondum
1629 2384 1774 2434 reperi.
1829 2385 1941 2425 Eme.

1053 2439 1157 2476 Bud.
1179 2440 1374 2476 Germani.
1406 2440 1528 2476 Recte
1542 2437 1834 2475 Gronovianam
1848 2448 1940 2474 con—

1052 2492 1246 2539 jecturam
1269 2492 1440 2539 probant
1457 2495 1498 2527 et
1514 2491 1606 2539 Bip.
1633 2491 1747 2527 unice
1767 2501 1859 2527 vera
1878 2494 1941 2528 est

1058 2548 1099 2581 et
1117 2545 1354 2592 recipienda.
1379 2545 1582 2581 ·Germani
1600 2544 1746 2581 milites
1764 2544 1878 2581 modo
1895 2544 1939 2581 in

1056 2609 1209 2635 amnem
1232 2600 1309 2634 acti
1329 2598 1529 2635 dicuntur.

1113 2652 1330 2699 Infamiam
1370 2663 1446 2688 non
1487 2649 1654 2700 vitavit]
1705 2649 1807 2687 Bud.
1853 2654 1938 2687 mu-

1057 2706 1167 2742 tavit.

1111 2757 1290 2806 D-isjecto
1309 2757 1490 2807 agmine]
1526 2759 1627 2795 Cum
1644 2755 1722 2793 alio
1739 2756 1823 2793 loco
1839 2755 1939 2793 clas-

1055 2812 1122 2856 sis,
1140 2812 1218 2847 alio
1235 2815 1362 2847 castra
1383 2811 1553 2847 militum
1580 2810 1758 2847 terrestri
1779 2810 1938 2857 itinere,

1055 2864 1248 2901 Cerialem
1266 2868 1610 2913 prosequerentur.
1654 2864 1763 2900 ERN.

1111 2918 1242 2954 Prono
1262 2930 1372 2954 amne
1389 2916 1512 2966 rapti]
1553 2917 1837 2954 Difficultatem
1854 2927 1939 2954 mo*-

1057 2976 1120 3007 vet
1140 2972 1311 3007 Pie-,hena
1328 2982 1373 3006 ex
1391 2981 1449 3016 eo,
1471 2971 1594 3018 quod,
1611 2970 1937 3019 quemadmodum

1058 3023 1220 3062 Cerialis
1236 3025 1397 3060 adverso
1410 3034 1524 3060 amne
1540 3024 1721 3060 Bonnam
1738 3023 1937 3072 profectus

1056 3081 1130 3121 est,
1160 3078 1216 3114 sic
1250 3077 1436 3113 Germani
1463 3087 1617 3126 quoque
1643 3079 1702 3113 ita
1732 3087 1938 3114 occurrere

1056 3131 1291 3178 regredienti
1308 3129 1530 3166 debuerint.
1585 3129 1709 3170 Quasi
1725 3130 1851 3178 fugati
1870 3141 1940 3167 eo-

1056 3183 1144 3220 dem
1161 3184 1245 3220 loco
1263 3184 1556 3228 manserint,-ac
1570 3194 1649 3220 non
1665 3195 1737 3232 per
1754 3183 1938 3231 ambages

1056 3238 1101 3273 in
1136 3236 1222 3273 loca
1253 3237 1455 3285 superiora
1482 3237 1615 3273 venire
1645 3238 1863 3284 potuerint,
1890 3241 1938 3272 ut

1058 3300 1148 3326 eum
1168 3290 1346 3338 persequi
1366 3290 1601 3326 defluentem
1629 3301 1747 3326 amne
1765 3291 1937 3336 possent.

1059 3344 1134 3380 Per
1166 3343 1317 3380 vallum
1349 3343 1486 3379 deinde
1521 3339 1781 3391 intelligenda·
1808 3346 1945 3381 castra

1058 3399 1252 3433 nocturna
1282 3407 1404 3444 prope
1435 3396 1595 3441 flumen,
1614 3396 1683 3432 ubi
1706 3395 1838 3430 classis
1858 3397 1938 3430 sta·

1061 3449 1149 3487 bat:
1190 3451 1297 3487 Eas.

1113 3503 1285 3540 Suismec
1305 3498 1437 3547 coriis]
1474 3500 1664 3538 Tentoriis
1682 3498 1792 3537 MSS.
1810 3497 1941 3536 Vatic.

1060 3557 1157 3605 Agr.
1180 3555 1236 3604 (et
1260 3556 1354 3603 Reg.
1375 3551 1488 3604 Lan.)
1514 3554 1645 3593 Guelf.
1673 3553 1732 3591 ed.
1751 3563 1811 3602 pr.
1865 3552 1944 3591 Et,

1127 3614 1217 3661 23
