2190 3880
659 135 812 185 LIB.
858 135 945 184 IV.
990 135 1156 185 CAP.
1202 140 1283 184 68.
1767 141 1863 187 301

67 263 255 317 uxoris
286 258 618 333 exemplum,
652 280 749 314 suo
786 259 906 314 loco
945 260 1246 314 reddemus

69 352 226 407 spera
249 335 368 388 acie
404 331 528 385 belli
568 335 783 403 inpetus
811 331 978 385 stetit.

67 404 447 474 tates‚‘fasque
484 415 542 456 et
578 405 788 457 foedera
819 405 1101 474 respicere,
1129 402 1464 474 principibus
1492 401 1713 454 Remis:
1767 402 1859 471 qui

64 494 164 549 pet
188 475 396 531 Gallias
421 475 658 540 edixere,
680 484 738 528 ut
758 476 919 528 missis
943 475 988 527 le
1023 476 1122 527 atis
1146 475 1201 527 in
1226 489 1480 526 com-mune
1503 472 1860 537 consultarent,

0 602 1 611 χ
66 549 278 602 libertas
310 565 380 599 απ
406 565 514 617 pax
542 547 786 618 placeret.
858 546 935 599 At
972 494 1165 599 {omae
1201 549 1398 600 cuncta
1425 544 1481 596 in
1507 544 1740 596 deterius
1768 561 1862 595 au-
1878 541 1949 592 68

63 620 180 674 dita
223 618 547 672 Mucianum
593 621 884 690 angebant,
927 636 1013 683 ne,
1045 614 1629 688 quamquamegregii
1681 612 1865 670 Duces

61 691 203 762 (jam
229 692 376 744 enim
401 690 618 744 Gallum
635 691 875 742 Annium
906 701 964 741 et
992 689 1248 742 Petilium
1277 687 1541 741 Cerialem
1565 686 1865 756 delegerat)

63 780 332 816 summam
372 761 512 816 belli>
578 779 727 814 arum
783 761 1092 815 tolerarent.
1168 761 1286 813 Nec
1339 757 1688 828 relinquenda
1739 757 1868 813 urbs

0 881 1 886 ,
63 835 185 889 sine.
214 845 443 888 rectore.
541 846 592 885 ⁴t
639 832 942 885 Domitiani
983 833 1264 884 indomitae
1306 830 1559 884 libidines,
1600 830 1869 886 timeban-

0 893 1 912 ¹
64 916 184 961 tur:
223 904 506 975 suspectiS,
534 905 612 958 uti
642 904 900 968 diximus,
923 903 1109 957 Primo
1135 902 1390 955 Antonio
1407 902 1658 971 Varoque
1683 899 1888 957 Arrio„

62 977 257 1041 Vnum,
286 975 638 1029 Praetorianis
679 975 1018 1046 praeposituS,
1057 977 1165 1027 vim
1201 987 1366 1044 atque
1405 991 1553 1025 arma
1580 972 1867 1025 retinebat.

65 1047 204 1102 Eum
231 1047 526 1101 Mucianus
551 1047 763 1119 pulsum
790 1049 932 1111 loce,
956 1051 1022 1100 ne
1049 1047 1165 1100 sine
1193 1044 1387 1098 solatio
1408 1054 1610 1114 ageret,
1635 1056 1866 1096 annonae

59 1118 327 1193 praefecit.
367 1169 369 1173 ,
403 1119 587 1189 thue
621 1118 926 1172 Domitiani
966 1118 1226 1183 animum,
1256 1117 1400 1168 Varo
1429 1116 1572 1168 haud
1611 1116 1866 1180 alienum,

59 1191 329 1256 deliniret,
354 1189 666 1243 Arretinum
697 1190 1053 1254 Clementem,
1081 1188 1266 1241 domui
1295 1188 1610 1257 Vespasiani
1650 1204 1744 1257 per
1771 1187 1866 1239 ad-

58 1263 325 1316 finitatem
359 1262 620 1317 innexum
649 1272 704 1315 et
731 1261 1100 1333 gratissimum
1140 1259 1481 1323 DomitianO,
1515 1257 1866 1312 Praetorianis

59 1335 382 1408 praeposuit,
398 1342 599 1404 patrem
626 1334 750 1405 ejus,
789 1332 880 1384 sub
912 1329 1042 1385 Caio
1074 1330 1288 1396 Caesare,
1316 1331 1511 1401 egregie
1534 1329 1782 1402 functum
1808 1347 1867 1382 ea

59 1424 204 1471 cura,
243 1405 542 1460 dictitans:
591 1403 760 1458 laetum
796 1403 1044 1459 militibus
1088 1403 1220 1456 idem
1261 1420 1458 1468 nomen,
1496 1412 1647 1473 atque
1686 1402 1866 1472 ipsum,

59 1495 368 1550 quamquam
387 1475 892 1541 'Senatovdiordz'nia
919 1475 988 1527 ad
1011 1483 1226 1546 utraque
1261 1474 1438 1531 munia
1463 1473 1698 1543 sufficere.
1750 1471 1866 1526 Ad-

61 1560 348 1603 sumuntur
374 1565 411 1605 er
430 1548 654 1606 civitate
679 1548 1006 1602 clarissimus
1027 1548 1272 1616 quisque,
1294 1557 1350 1597 et
1372 1545 1461 1597 alii
1491 1563 1586 1616 per
1611 1545 1867 1597 ambitio-

60 1639 206 1674 nem.
279 1620 454 1677 Simul
484 1619 832 1676 Domitianus
862 1618 1262 1688 Mucianusque
1287 1618 1731 1688 accingebantur,
1756 1617 1865 1668 dis-

1 1683 19 1700 ’
60 1692 180 1764 pari
217 1691 443 1747 animo:
487 1691 578 1747 ille
608 1709 712 1762 -spe
749 1709 812 1744 ac
842 1691 1074 1761 juventa
1113 1707 1393 1764 properuS,
1431 1688 1521 1742 hic
1558 1704 1736 1741 moras
1774 1706 1867 1740 ne-

1325 258 1694 329 Sequanorum
1735 273 2000 330 pro-AM,

1053 332 1392 402 Resipiscere
1425 332 1701 399 paullatim
1727 331 1860 384 civi-
1873 331 1996 424 ἐξ·

1900 437 1971 477 71.

25 1914 29 1920 ·
60 1904 161 1946 λουν,
182 1889 372 1938 iaz-nube}
397 1890 433 1945 δὲ
455 1890 500 1945 ἅν
526 1880 580 1939 ἧς
598 1887 732 1950 ἧρὲνΐδα
754 1909 939 1950 προπαγο-
993 1887 1243 1943 scriptionem
1276 1884 1443 1944 opponit
1472 1896 1534 1931 tot
1558 1891 1686 1937 libris,
1716 1891 1756 1928 in
1792 1904 1869 1941 qua

55 1949 215 2005 ςεῦσειεν.
256 1949 689 1999 Lxrs.-‘Pro'’1·:mrov3n
715 1952 793 1999 leg.
823 1950 940 1998 Σεμο’.
991 1951 1201 1987 Arricimcs
1216 1954 1388 1986 vocetur.
1438 1949 1524 1986 Aut
1541 1948 1703 1985 vitiosus
1722 1950 1781 1983 est
1798 1947 1866 1984 ille

59 2005 131 2051 νὺν,
159 2005 370 2044 Salmasius
395 2005 715 2055 autumat,·quia
733 2006 844 2042 Semo
871 2005 939 2041 he·
991 2004 1134 2041 titulus
1151 2015 1216 2051 ap.
1236 2005 1352 2042 Grut.
1369 2008 1410 2049 4,
1429 2007 1468 2040 6.
1491 2008 1561 2039 aut
1577 2003 1627 2039 ad
1641 2002 1761 2038 alium
1777 2013 1867 2050 per-

56 2071 165 2098 roem
182 2061 355 2098 denotat.
380 2059 536 2110 Xiphil.
553 2060 581 2096 1.
600 2071 634 2097 c.
654 2070 688 2095 c.
712 2062 773 2098 16.
810 2060 935 2109 Pepo-

56 2115 183 2153 m'lam
199 2118 325 2152 vocat.

112 2169 372 2218 Nequaquam
385 2166 556 2217 egregii]
587 2167 764 2204 Mei-cero
774 2166 933 2203 accedo:

56 2235 119 2268 ne,
135 2234 360 2272 quanquam
386 2223 541 2270 egregii
555 2221 688 2259 Duces
707 2220 810 2269 (jam
837 2222 938 2257 enim

61 2277 220 2314 Gallum
250 2276 429 2313 Annium
462 2282 500 2313 et
530 2275 721 2313 Petilium
755 2276 942 2312 Cerialem

56 2328 271 2380 delegerat)
300 2341 491 2367 summam
517 2330 605 2367 belli
634 2342 776 2378 parum
803 2330 943 2366 tolera-

55 2390 153 2422 rent.
193 2384 304 2422 Lirs.
358 2383 707 2432 RecepitMerceri
735 2383 941 2420 correctio-

59 2448 151 2476 nem
184 2438 368 2476 Pichena.
418 2437 592 2489 (Probat
631 2442 675 2476 et,
707 2435 940 2486 Acidalius).

59 2493 168 2531 Ante
207 2496 293 2530 erat
335 2493 379 2529 in
412 2492 596 2529 omuibus
633 2491 770 2543 (etiam
790 2500 795 2507 ·
813 2491 934 2539 Bud.)

59 2547 295 2584 Mucianum
311 2547 519 2594 augebant.
561 2546 817 2595 Nequaquam
829 2557 939 2592 egre-

55 2602 122 2649 gii
141 2601 286 2638 Duces.
341 2601 440 2639 «Iam
467 2600 800 2637 enim—tolerare.
850 2599 938 2636 -Nec

59 2654 103 2691 in
126 2653 238 2692 MSS.
268 2653 416 2702 aliquid
438 2654 591 2691 auxilii.
646 2653 719 2690 Vir
742 2653 876 2689 doctus
895 2654 938 2689 in

59 2708 121 2746 ed.
154 2708 305 2757 Gryph.
337 2721 419 2755 nec,
455 2713 934 2757 quamquam—poterant,

58 2763 232 2800 tolerare.
273 2762 381 2800 ERN.
436 2762 582 2799 Similis
598 2762 835 2798 constructio
853 2772 937 2796 ver-

59 2815 200 2854 borum
217 2817 392 2854 occurrit.
404 2816 460 2854 H.
478 2822 519 2862 2,
537 2822 605 2854 23.

115 2870 306 2907 Petilium
339 2871 526 2910 Cerialem
560 2868 766 2919 dilegerat]
814 2870 938 2906 Immo

62 2936 111 2963 ex
124 2924 295 2973 Josepho
314 2922 432 2961 ἁλι-ω’.
450 2930 490 2970 7,
509 2930 534 2962 4
557 2922 659 2974 (23).
687 2923 843 2972 proprie
859 2934 939 2959 non

61 2979 250 3027 dilegerat
265 2978 364 3027 ipse,
377 2981 448 3014 aut
464 2977 742 3026 Vespasianus,
763 2977 828 3013 sed
847 2988 940 3013 casu

61 3037 104 3069 et
126 3032 228 3069 bona
254 3038 357 3071 sorte
386 3031 553 3069 Petilius
572 3031 719 3069 Consul
749 3035 902 3067 creatus
918 3042 942 3067 a

59 3087 298 3135 Vespasiano
328 3087 371 3122 in
394 3086 643 3123 Britanniam
671 3085 814 3121 missus
841 3088 940 3121 erat.

62 3141 136 3178 Ille
159 3153 266 3186 vero,
285 3141 423 3177 audita
450 3142 523 3176 hac
549 3138 780 3185 rebellione,
799 3150 941 3187 oppor-

62 3197 160 3231 tune
188 3195 416 3243 supervenit
440 3199 480 3231 et
500 3196 629 3231 hostes
655 3194 762 3230 vicit.
816 3193 941 3229 Notat

18 3255 21 3257 ·
63 3254 104 3284 et
134 3249 212 3285 Dio
237 3251 306 3295 66,
338 3253 378 3286 3.
424 3250 535 3286 ers.
590 3249 706 3285 Hanc
736 3251 885 3292 notam,
915 3259 939 3284 a

65 3300 272 3339 Gronoviis
288 3302 485 3348 omissam,
504 3315 550 3339 ex
567 3303 660 3339 edit.
678 3313 714 3338 a.
737 3305 852 3342 1627.
871 3301 938 3338 fol.

64 3356 198 3393 Antw.
240 3355 419 3403 supplere
450 3358 608 3395 visum.-
642 3357 827 3393 Ceterum
860 3355 940 3392 Dio

66 3408 255 3461 Κερεάλιον
270 3414 395 3447 vocat.
442 3447 447 3453 ,

116 3463 344 3499 Arretinum
388 3460 628 3512 Clementem]
688 3462 753 3500 Sic
797 3466 939 3499 vocant

65 3527 198 3553 omnes
214 3527 287 3552 scr.
305 3520 346 3553 et
364 3517 450 3554 edd.
469 3521 510 3554 et
526 3518 564 3555 h.
585 3518 610 3554 l.
628 3521 668 3554 et
687 3527 751 3564 ap.
774 3516 937 3560 Sueten.

29 3596 33 3601 -
65 3569 212 3610 Domit.
234 3574 301 3611 11.
327 3574 447 3609 recte.
498 3571 662 3608 Frustra
683 3570 850 3610 Ursinus
878 3570 938 3607 in-

987 2060 1106 2102 tinct,
1137 2062 1183 2094 ut
1211 2058 1335 2094 visum
1367 2057 1515 2106 Ryckio
1541 2057 1589 2094 ad
1614 2057 1656 2107 li.⁸
1682 2057 1709 2094 l.
1757 2057 1866 2094 ERN.

989 2112 1093 2149 Bud.
1110 2114 1370 2149 Arrecinum.'

1048 2168 1292 2216 Quamquam
1306 2167 1504 2204 Senatorii
1521 2164 1683 2214 ordinis]
1729 2165 1866 2203 Sueto·

990 2221 1102 2259 nium
1122 2221 1244 2268 igitur
1263 2221 1387 2268 culpae
1404 2221 1491 2269 quis
1517 2224 1677 2268 purgat,
1693 2218 1866 2256 scriben-

992 2278 1073 2311 tem
1097 2273 1237 2311 Titum
1263 2276 1433 2323 primum
1444 2287 1474 2311 xe
1490 2273 1704 2311 senatoriis
1722 2275 1866 2311 Praete*

991 2330 1052 2365 rio
1075 2328 1332 2366 Praefectum?
1380 2330 1428 2365 In
1453 2328 1549 2365 Tito
1568 2331 1606 2365 6.
1652 2327 1867 2375 Proesecta-

991 2395 1077 2420 ram
1118 2395 1263 2434 quoque
1298 2383 1486 2420 Proetorii
1523 2383 1688 2431 suscepit
1701 2395 1713 2418 .·
1755 2393 1866 2419 nam·

992 2450 1108 2486 quam
1127 2438 1179 2474 ad
1202 2438 1246 2473 id
1274 2443 1422 2486 tempus·
1446 2437 1524 2474 nisi
1548 2437 1596 2472 ab
1619 2436 1767 2485 Equite
1786 2435 1867 2471 Ro*

990 2503 1104 2528 mano
1131 2491 1459 2528 administratam.
1515 2490 1678 2527 Occulte
1695 2489 1868 2525 adsenti-

990 2549 1058 2581 tur
1092 2544 1242 2581 Plinius
1276 2544 1387 2582 Praef.
1425 2545 1575 2592 operis:
1621 2544 1733 2580 Dum
1765 2543 1870 2580 illud

985 2600 1098 2647 patri
1119 2600 1270 2647 pariter
1287 2604 1323 2635 et
1339 2597 1527 2647 Equestri
1545 2598 1670 2635 ordini
1686 2602 1867 2646 praestas,

992 2652 1209 2700 Praefectus
1227 2652 1417 2690 Prcetorio
1437 2651 1532 2699 ejus,
1570 2652 1720 2688 Tamen
1735 2654 1869 2687 noster

992 2706 1122 2755 palam
1140 2707 1333 2751 adfirmat,
1352 2706 1594 2743 Clementem
1622 2705 1726 2742 hunc
1748 2705 1867 2741 Arre-

990 2762 1121 2798 tinum
1135 2764 1175 2796 et
1189 2761 1418 2797 Praefectum
1437 2764 1476 2796 et
1492 2762 1717 2797 senatorem
1734 2758 1869 2794 fuisse.

992 2813 1101 2851 Adde
1137 2824 1221 2862 quae
1248 2814 1382 2851 notavi
1416 2814 1465 2850 ad
1491 2814 1541 2851 A.
1572 2820 1614 2860 4,
1642 2819 1708 2850 40.
1754 2814 1865 2850 Lirs.

993 2868 1066 2905 Sed
1084 2868 1186 2915 vide,
1204 2880 1288 2917 quae
1314 2880 1385 2915 pro
1402 2866 1590 2905 Suetonio
1609 2867 1664 2904 ibi
1683 2867 1869 2905 diximus.

993 2923 1066 2960 Ed.
1078 2934 1143 2970 pr.
1164 2934 1236 2971 pro
1255 2934 1487 2971 quamquam
1504 2922 1623 2958 habet
1641 2928 1839 2970 tamquam
1854 2933 1868 2955 .-

993 2977 1119 3017 male:
1150 2988 1221 3014 nec
1239 2977 1280 3013 in
1300 2988 1345 3012 eo
1362 2976 1568 3024 quicquam
1592 2988 1662 3024 pro
1679 2975 1871 3012 Suetonio

994 3031 1148 3076 auxilii,
1167 3036 1211 3067 ut
1229 3031 1422 3067 Gruterus
1439 3030 1636 3077 sperabat.
1664 3029 1774 3066 ERN.
1804 3028 1869 3066 Cf.

995 3085 1154 3121 omnino
1167 3085 1348 3121 Oudend.
1367 3085 1415 3120 ad
1435 3084 1542 3122 Suet.
1554 3085 1580 3121 l.
1599 3096 1632 3121 c.
1650 3088 1691 3119 et
1703 3083 1868 3120 Guther.

996 3140 1042 3176 de
1061 3139 1171 3176 offic.
1191 3139 1294 3176 dom.
1315 3139 1419 3186 Aug.
1434 3144 1473 3183 2,
1490 3143 1529 3175 4.
1612 3175 1618 3178 ,

1045 3195 1312 3229 Assumuntur
1359 3205 1379 3228 c
1429 3193 1585 3229 civitate
1631 3191 1869 3228 clarissimus

994 3246 1167 3296 quis-que]
1219 3247 1311 3282 Post
1339 3245 1496 3283 brevem
1524 3245 1636 3294 quasi
1663 3245 1867 3293 digressio·

993 3311 1082 3336 nem
1099 3301 1201 3337 redit
1218 3301 1267 3336 ad
1284 3311 1381 3346 rem,
1400 3301 1446 3336 de
1470 3300 1716 3348 expeditione
1734 3310 1758 3335 a
1777 3300 1869 3335 Mu·-

993 3356 1105 3390 ciano
1138 3357 1334 3402 suscepta,
1368 3358 1408 3391 et
1452 3357 1741 3396 commemorat,
1772 3363 1867 3399 quos

993 3420 1123 3445 secum
1144 3410 1185 3445 in
1205 3408 1372 3446 Galliam
1397 3408 1616 3444 abduxerit.
1672 3407 1765 3442 Mox
1787 3405 1868 3439 MS.

993 3463 1124 3501 Guelf.
1165 3463 1341 3513 dispersi,
1374 3466 1418 3499 at
1458 3462 1500 3498 in
1534 3471 1658 3509 marg.
1708 3459 1870 3505 dispari.

994 3517 1101 3555 Eas.
