2190 3880
231 152 335 199 sss
673 183 676 186 ⁴
743 147 804 196 c,
836 119 1223 199 commus
1252 148 1540 203 merrus

234 286 292 329 et
317 273 628 329 Chamavos
655 291 689 327 a
714 282 870 402 tergo
891 274 1186 350 :Dulgibini
1207 289 1264 332 et
1289 279 1556 334 Chasuari
1578 277 1805 335 cludunt
1833 277 2066 351 aliaeque

154 408 158 412 ,
236 359 447 420 gentes,
473 346 618 401 haud
645 348 797 419 perin
837 365 867 402 e
893 362 1228 404 memoratae.
1282 351 1334 405 A
1361 353 1540 405 fronte
1569 351 1728 407 Frisii
1756 354 2066 424 excipiuntr

239 418 538 493 Mcy'oribus
571 419 948 492 minoribusque
985 419 1170 475 Frisiis
1204 422 1530 476 vocabulum
1569 435 1651 476 est
1686 442 1762 478 ex
1795 426 1962 478 modo
1987 425 2068 477 vi-

226 494 402 559 ¹rium.
439 503 686 564 utraequ'e
723 494 972 546 nationes
1010 509 1179 564 usque
1217 495 1287 548 ad
1321 493 1605 548 Oceanum
1640 495 1837 550 Rheno
1865 503 2070 569 'praete-

241 570 467 629 xuntur,
484 565 839 636 ambiuntque
857 564 1130 616 inmensos
1148 564 1367 639 insuper
1391 565 1540 620 lacus
1566 579 1622 620 et
1642 567 1908 621 Romanis
1934 569 2072 622 clas-

243 638 393 691 sibus
430 637 735 708 naviga-tos·
812 634 1003 708 Ipsum
1041 637 1173 705 quin
1212 640 1378 692 etiam
1409 638 1691 692 Oceanum
1718 640 1810 693 illa
1838 641 2071 694 tentavi·
2128 669 2134 673 ·

240 727 381 763 mus.
420 721 477 762 et
502 723 779 779 superesse
817 707 996 762 adhuc
1025 707 1280 764 Herculis
1307 711 1587 764 columnas
1614 712 1765 765 sama
1796 710 2071 784 vulgavit:

243 782 359 836 sive
380 781 517 834 adiit
541 778 826 845 HerculeS,
849 798 963 847 seu,
985 780 1251 852 quidquid
1280 783 1482 855 ubique
1511 784 1864 856 magnificum
1889 794 1990 848 est,
2016 783 2074 836 in

243 853 547 908 claritatem
584 851 703 922 ejus
740 851 939 906 referre
975 856 1368 907 consensimus.
1447 855 1567 909 Nec
1605 856 1783 909 defuit
1817 855 2075 909 audentia

248 926 431 980 Druso
470 923 842 980 Germanico:
879 924 972 978 sed
1011 926 1230 980 obstitit
1269 926 1523 981 Oceanus
1551 928 1606 981 in
1647 947 1704 981 se
1724 927 1886 981 simul
1913 938 2078 999 atque

246 999 305 1050 in
335 996 631 1051 Herculem
658 996 873 1067 inquiri.
950 997 1095 1052 Mox
1132 1017 1294 1052 nemo
1322 1001 1586 1054 tentavit:
1628 1001 1973 1072 sanctiusque
2010 1018 2076 1053 ao

176 1114 178 1118 .
247 1069 580 1123 reverentius
610 1068 814 1135 vis-um,
852 1069 920 1122 de
957 1071 1093 1123 actis
1143 1070 1389 1126 Deorum
1435 1072 1670 1139 credere,
1706 1089 1872 1144 quam
1919 1071 2076 1126 scire.

169 1151 235 1200 35
255 1141 656 1197 Hactenus-iri:
675 1141 1034 1196 Occidentem
1082 1142 1437 1198 Germaniam
1484 1146 1756 1198 novimus·
1834 1142 1900 1196 In
1941 1144 2077 1216 Sep-

252 1214 600 1269 temtrionem
625 1214 837 1286 ingenti
875 1215 1024 1269 flexu
1051 1216 1210 1281 redit.
1283 1216 1368 1270 Ae
1394 1217 1573 1289 primo
1610 1218 1796 1270 statim
1824 1215 2079 1270 Chauco·

251 1307 371 1342 rum
411 1304 563 1359 gene,
601 1293 931 1358 quamquam
971 1288 1198 1360 incipiat
1236 1308 1269 1342 a
1308 1287 1514 1356 Frisiis,
1553 1309 1617 1342 ac
1654 1302 1865 1360 partem
1906 1287 2079 1341 litoris

250 1370 504 1432 occupet,
543 1359 809 1424 omnium,
846 1377 979 1430 quas
1017 1362 1270 1433 exposui,
1308 1362 1555 1433 gentium
1591 1362 1848 1415 lateribus
1886 1362 2081 1414 obten-

250 1433 417 1498 ditur,
445 1432 617 1484 donec
646 1431 703 1500 in
733 1431 926 1486 Cattos
949 1435 1406 1504 usquesinuetur.
1481 1433 1619 1487 Tam
1638 1435 1946 1487 inmensum
1973 1443 2082 1486 ter·-

252 1504 708 1575 rarumspatiu‘m
739 1523 848 1574 non
890 1510 1077 1558 tenent
1099 1517 1318 1560 tantum
1358 1506 1590 1573 Chauci,
1618 1506 1711 1560 sed
1748 1518 1804 1559 et
1841 1505 2080 1576 inplent:

255 1578 657 1650 populusinter
686 1575 989 1631 Germanos
1010 1578 1398 1643 nobilissimuS,
1420 1580 1623 1649 quique
1646 1578 2081 1650 magnitudinem

257 1668 408 1703 suam
449 1649 617 1701 malit-⁷
631 1648 854 1719 justitia
890 1650 1049 1703 tueri.
1088 1651 1204 1704 sine
1241 1651 1564 1723 cupiditate,
1601 1652 1717 1704 sine
1754 1650 2084 1722 inpotentia,

256 1722 428 1793 quieti
469 1722 958 1792 secretique‚nulla
983 1738 1297 1795 provocant
1336 1722 1491 1790 bella,
1519 1723 1677 1776 nullis
1714 1723 1960 1794 raptibus
1982 1734 2084 1776 aut

257 1793 558 1864 latrociniis
588 1794 960 1865 populantur.
1035 1794 1210 1868 quue
1267 1800 1607 1870 praecipuum
1647 1795 1860 1866 virtutis
1899 1813 1963 1848 ac
2003 1794 2085 1848 vio·

257 1868 400 1920 rium
439 1877 822 1939 argumentum
860 1878 960 1935 est,
987 1871 1153 1939 quod,
1181 1880 1243 1923 ut
1281 1870 1582 1941 superiores
1621 1879 1807 1939 agant,
1840 1885 1947 1919 non
1990 1884 2086 1939 per

259 1940 487 2010 injurias
525 1939 912 2010 adsequuntur.
990 1941 1257 2014 Prompta
1294 1953 1476 1995 tamen
1514 1941 1768 1994 omnibus
1806 1957 1973 2005 arma,
2001 1957 2087 2005 ac,

262 2013 307 2064 si
346 2029 429 2065 res
470 2024 678 2084 poscat,
715 2011 1021 2080 exercitus3
1061 2013 1354 2087 plurimum
1401 2014 1642 2067 virorum
1680 2028 2084 2084 equorumque:

315 2157 536 2208 Dulgibini
552 2164 589 2196 et
614 2156 824 2209 Cho-suari]
868 2155 968 2199 Istos
987 2159 1088 2198 Ptol.
1107 2165 1149 2208 2,

1204 2162 1328 2212 Long.
1382 2162 1532 2199 Contra
1549 2159 1634 2198 Ms.
1653 2158 1822 2198 Humm.
1840 2161 1881 2196 et
1897 2156 1959 2194 ed.
1974 2158 2086 2194 vetus

265 2216 332 2251 11.
361 2213 636 2263 Dulgumnz'os
660 2217 802 2260 νοσεῖς
832 2214 902 2252 hos
925 2216 1149 2262 Casuarios,

1204 2217 1310 2267 apud
1337 2216 1510 2254 Groslot.
1539 2215 1818 2260 consuevimus,
1848 2211 1953 2264 quod
1981 2212 2088 2248 rece·

264 2264 408 2306 Strabo
423 2266 454 2304 1.
476 2268 513 2307 7.
529 2279 568 2316 p.
588 2273 683 2308 291.
716 2268 980 2317 Chattuarios,
993 2268 1094 2311 Ven.
1109 2275 1150 2316 2,

269 2326 360 2360 105.
413 2322 637 2372 Attuarios.
684 2321 884 2362 Ammian.
919 2324 1044 2362 Marc.
1082 2329 1151 2372 20,

270 2381 334 2416 10.
371 2377 583 2414 Attuarios
606 2377 793 2424 Francos.
1022 2419 1024 2421 ‚
1145 2378 1147 2381 ⁴

326 2431 506 2481 Utroeque
535 2430 727 2484 nationes]
762 2429 1003 2471 MS.'1*u1-ic.
1033 2430 1154 2471 «Ταπ-

267 2498 342 2539 que
359 2485 542 2524 nationis.
565 2484 692 2524 'Earn
853 2488 856 2492 ’

324 2541 440 2579 Rom.
463 2537 777 2592 classibus'etc.]
807 2539 986 2591 Respicit
1012 2539 1062 2579 ad
1089 2552 1155 2580 ex-

267 2595 509 2647 peditionem
545 2595 788 2642 Germanici,
822 2595 869 2632 de
904 2594 982 2645 qua
1025 2596 1077 2635 A.
1107 2603 1156 2642 ⁴2.

269 2650 388 2698 initio
401 2649 581 2698 tradidit5
598 2653 638 2687 et
652 2649 774 2688 Drusi
790 2651 927 2700 patris.
955 2650 1051 2689 Mox
1071 2651 1157 2690 MS.

269 2704 408 2744 Turic.
427 2706 536 2754 illac-2
592 2706 701 2744 ERN.
755 2704 832 2744 Ed.
859 2704 957 2743 Nor.
977 2708 1019 2743 et
1043 2706 1159 2744 Rom.

199 2804 202 2807 ,
271 2765 314 2798 et
329 2761 419 2798 Put.
436 2760 527 2799 illa.

327 2815 516 2854 Herculis
543 2812 757 2864 colu-mnas]
781 2813 843 2852 Ad
861 2814 987 2853 instar
1004 2826 1157 2863 earum,

273 2879 371 2920 quas
398 2869 449 2907 ad
472 2869 620 2907 fretum
648 2870 891 2907 Gaditanum
915 2870 1065 2908 finxere
1094 2883 1159 2908 ve-

271 2929 394 2971 teres,
414 2923 455 2961 in
474 2923 751 2973 Septentrione
771 2925 890 2976 etiam
911 2924 1156 2974 quaerebant.

272 2977 336 3036 ,Ἑρ
350 2973 532 3017 referunt
559 2978 717 3028 quidam
744 2984 918 3018 montem
943 2980 1040 3017 Sevo
1057 2978 1159 3018 Nor-

273 3034 413 3081 vagioe,
430 3037 691 3071 memoratum
718 3034 847 3072 Plinio
874 3033 932 3073 H.
953 3034 1005 3071 N.
1031 3041 1073 3081 4,
1097 3039 1169 3073 130·

276 3086 380 3140 (97.)
404 3087 470 3125 cui
484 3088 720 3140 respondeat
735 3088 836 3127 alius
855 3089 896 3126 in
915 3087 1103 3127 Cimbria.

331 3138 493 3190 Referre
523 3141 796 3192 consensimus]
835 3143 1015 3192 Scriptus
1043 3143 1159 3190 liber,

275 3196 419 3246 referre
436 3199 712 3235 consuevimus.
757 3198 872 3236 Ltrs.
913 3197 1080 3247 Recepit
1097 3199 1160 3236 Pi·

276 3251 415 3298 cheno..
461 3250 518 3288 At
539 3251 659 3288 ceteri
683 3251 775 3289 libri
795 3257 892 3291 vett.
918 3253 997 3291 mei
1026 3263 1160 3291 omnes

276 3306 535 3358 con-§emimus
551 3318 563 3341 .-
598 3315 695 3354 quos
725 3316 806 3344 non
830 3307 1034 3344 deserum:
1070 3318 1160 3344 cum

280 3361 400 3397 etiam
419 3361 676 3398 consensimus
691 3355 891 3398 commode
917 3362 1086 3408 dicatur,
1103 3362 1162 3399 fa·

276 3410 470 3463 citiusque
498 3411 685 3451 librarius
705 3426 727 3452 e
743 3417 999 3454 consensimus
1022 3416 1160 3454 fecerit

278 3469 557 3515 consuevimus,
577 3478 695 3518 quam
724 3481 774 3507 ex
799 3470 872 3508 hoc
897 3469 1008 3508 illud.
1063 3470 1159 3508 eod.

278 3524 411 3572 Kapp.
446 3522 496 3574 (s.
525 3521 586 3562 ed.
616 3522 729 3574 Nor.)
765 3528 860 3563 ante
890 3526 1010 3562 etiam
1038 3523 1160 3562 babet

277 3586 484 3626 magnum,
502 3587 582 3616 non
598 3579 867 3629 magnifieum.
911 3578 1022 3619 ERN.
1062 3579 1162 3616 Con·

278 3634 466 3673 sensimus
495 3633 707 3675 ed.-·-R0m.
738 3637 781 3672 et
804 3633 911 3675 Nor.
944 3634 1041 3675 item
1074 3633 1162 3675 MS.

1205 2284 1298 2321 pere
1326 2271 1421 2320 Bip.
1448 2282 1538 2308 cum
1560 2262 1832 2319 Baneggero.
1886 2265 2088 2316 Magnum

1205 2326 1327 2365 habet
1363 2330 1405 2363 et
1434 2325 1499 2364 ed.
1539 2326 1654 2363 Rom.
1684 2331 1726 2360 et
1759 2322 1839 2360 alia
1872 2325 1986 2359 vetus
2022 2332 2091 2369 ap.

1205 2380 1380 2419 Groslot.
1399 2381 1495 2417 item
1513 2379 1599 2416 MS..
1618 2377 1813 2427 Longolii.
1870 2376 1992 2426 quue
2011 2375 2089 2412 for-

1207 2446 1279 2474 san
1296 2434 1441 2471 verius.
1513 2433 1516 2436 ’
2031 2432 2033 2434 ’

1215 2535 1218 2537 Α
1235 2487 1237 2491 ’
1261 2489 1396 2527 Druso
1416 2484 1662 2536 Germanico]
1685 2483 1979 2526 Freinshemius
1996 2495 2089 2528 con·

1204 2544 1296 2593 jicit
1313 2544 1450 2581 Druso
1466 2549 1504 2581 ee
1520 2543 1758 2581 Germanico.
1811 2541 1868 2580 At
1884 2539 2092 2578 Germani-

1209 2610 1280 2637 cus
1311 2599 1515 2637 Oceanum
1543 2601 1703 2635 tantum
1732 2595 1919 2642 tentavit,
1935 2598 1993 2638 ‚ut
2021 2606 2093 2644 per

1211 2665 1303 2692 eum
1336 2653 1608 2702 ingrederetur
1651 2647 1826 2689 hostium
1853 2650 1978 2694 fines,
2011 2660 2092 2687 nou

1211 2712 1261 2747 ut
1272 2709 1491 2758 inquireret
1508 2707 1556 2744 de
1574 2706 1687 2745 farnae
1706 2705 1886 2745 veritate.
1934 2703 2094 2742 Obstitit

1213 2764 1364 2814 inquiri
1386 2762 1551 2801 fortasse
1581 2761 1737 2801 defendi
1761 2759 1896 2808 aliquo
1926 2757 2092 2816 alterius

1210 2817 1414 2868 scriptoris
1449 2817 1534 2854 loco
1570 2816 1734 2865 poterit,
1765 2815 1918 2863 dicique
1961 2816 2092 2867 potest

1212 2872 1347 2910 eadem
1383 2871 1581 2920 analogia,
1611 2881 1691 2920 qua
1725 2868 1901 2919 impediit
1928 2868 2092 2918 inquiri,

1212 2939 1301 2977 pro,
1320 2940 1394 2978 quo
1410 2928 1542 2965 minus
1558 2927 1664 2978 inqu.
1720 2923 1798 2961 Sed
1824 2929 1959 2961 tamen
1981 2921 2093 2959 valde

1211 2993 1360 3033 pronus
1379 2992 1467 3019 sum
1484 2981 1525 3019 in
1542 2980 1642 3016 hanc
1660 2982 1830 3028 partem,
1846 2982 1892 3016 ut
1909 2976 2092 3018 Tacitum

1212 3037 1363 3075 dedisse
1379 3041 1515 3086 putem
1530 3034 1758 3086 inquirenti,
1777 3037 1818 3069 et
1836 3030 1932 3071 illud
1949 3041 1971 3068 e
1989 3041 2094 3068 corn-

1212 3092 1357 3142 pendio
1369 3089 1563 3128 scribendi
1582 3096 1721 3127 natum
1743 3095 1840 3126 esse.
1874 3086 1983 3125 ERN.

1268 3146 1332 3184 Ac
1341 3143 1489 3196 primo]
1513 3143 1599 3183 MS.
1619 3143 1741 3192 Long.
1774 3145 1818 3183 A
1828 3141 1970 3195 primo.
1988 3137 2092 3187 quod

1216 3201 1342 3250 Long.
1361 3198 1514 3248 probat.
1561 3198 1623 3235 De
1645 3197 1812 3235 Chaucis
1825 3206 1858 3234 s,
1878 3193 2019 3232 Caucis
2042 3205 2090 3230 ex

1214 3255 1389 3305 professo
1426 3253 1507 3303 egit
1549 3252 1639 3290 Joh.
1683 3248 1829 3290 schild.
1863 3254 1900 3287 8.
1935 3246 2092 3306 Auricae

1220 3313 1337 3351 1742.

1267 3362 1509 3402 Exercitus.-
1532 3359 1752 3411 plurimum
1771 3355 1863 3407 vin]
1895 3355 1982 3397 MS.
2007 3355 2091 3395 Tu·

1213 3418 1285 3456 ric.
1319 3417 1514 3455 exercitus
1541 3414 1741 3465 plurimus
1765 3413 1836 3449 vir.
1870 3424 1904 3449 e.
1951 3410 2090 3451 Oratio

1213 3482 1307 3510 sane
1323 3470 1459 3508 durior
1475 3474 1551 3516 est,
1569 3473 1609 3506 et
1626 3467 1844 3516 abruptior,
1861 3465 1935 3503 etsi
1949 3476 1994 3504 ea
2011 3475 2092 3503 non

1213 3530 1275 3563 est
1300 3523 1471 3562 insolens
1501 3525 1654 3566 Tacito,
1698 3521 1762 3559 An
1785 3521 2017 3571 plurimum,
2034 3518 2092 3556 sa·

1214 3585 1322 3618 ctum
1347 3585 1407 3618 est
1432 3591 1454 3616 e
1470 3579 1671 3630 plurium:
1699 3577 1893 3618 exercitus
1912 3573 2092 3632 pluriun}

1213 3637 1386 3676 virorum
1405 3647 1490 3688 equ.
1533 3634 1642 3673 Enim.
