2190 3880
282 119 380 165 296
883 115 1499 184 His‘romARUM

148 242 546 298 A..U.subversa
572 252 913 315 cremataque
940 266 954 300 ε
994 246 1060 300 iis
1089 257 1298 300 tantum
1330 246 1698 324 relictiS,>quae
1737 244 2084 318 Magontiaci

157 314 258 404 22⁴}-
289 333 352 366 ac
382 313 720 374 Vindonissa)
749 316 853 370 sita
892 331 1036 373 sunt.
1112 319 1282 390 Legio
1309 319 1676 373 sextadecima
1716 337 1840 370 cum
1867 318 2084 374 auxiliis

178 385 448 457 7'1.'Si¹1¹ul
473 387 667 449 deditis
694 407 726 440 a
753 389 993 454 Novesio
1021 390 1075 441 in
1105 391 1373 442 coloniam
1400 388 1752 450 Treverorum
1783 390 2084 460 transgredi

199 471 268 524 62
275 458 522 527 jubetur,
549 459 819 530 praefinita
858 461 964 525 die,
991 461 1133 514 intra
1158 479 1320 531 quam
1354 462 1546 513 castris
1581 461 1884 515 excederet.
1957 458 2086 514 Me-

283 530 433 583 dium
479 550 642 592 omne
679 544 892 602 tempus
936 550 1029 602 per
1075 533 1245 584 varias
1288 549 1442 584 curas
1468 549 1658 602 egere:
1704 533 2084 603 ignavissimus

281 602 529 673 quisque,
556 621 820 656 caesorum
855 603 997 672 apud
1025 602 1223 655 Vetera
1262 603 1533 674 exemplo,
1571 617 1858 675 paventes;
1897 605 2086 658 melior

281 690 406 746 pars
427 676 619 727 rubore
637 688 693 726 et
709 673 960 727 infamia:
987 673 1137 745 quale
1151 673 1283 727 illud
1297 673 1432 727 iter?
1449 675 1561 746 quis
1575 674 1678 729 dux
1693 666 1826 743 vice?
1851 674 1898 727 et
1913 677 2083 730 omnia

280 747 336 797 2⁹71
365 745 579 798 arbitrio
606 763 794 810 eorum,
818 764 938 817 quos
963 746 1080 800 vitae
1117 747 1342 816 necisque
1379 746 1605 799 dominos
1618 745 1879 819 fecissent.
1952 746 2084 812 Alii,

280 819 427 870 nulla
467 817 745 869 dedecoris
788 835 934 882 cura,
976 818 1280 889 pecuniam,
1307 831 1400 871 aut
1444 819 1721 871 carissima
1761 817 2084 890 sibimetipsi

281 889 635 941 circumdare.
711 889 951 950 Quidam
991 890 1249 960 expedire
1276 908 1441 957 arma,
1469 889 1695 962 telisque
1727 904 1999 959 tamquam
2027 891 2087 950 in

281 960 452 1017 aciem
495 958 726 1031 accingi.
804 959 947 1025 Haec
986 961 1394 1026 m'editantibuS‚
1441 963 1661 1016 advenit
1709 961 2086 1032 proficiscendi

279 1031 433 1097 hora,
460 1033 868 1103 exspectatione
898 1032 1119 1086 tristior.
1194 1033 1415 1104 Quippe
1443 1033 1585 1086 intra
1608 1033 1804 1090 vallum
1830 1032 2087 1087 deformi-

282 1114 364 1155 tas
395 1103 538 1157 haud
569 1104 788 1175 perinde
815 1103 1102 1158 notabilis:
1150 1105 1357 1157 detexit
1388 1103 1741 1177 ignominiam
1771 1123 1992 1177 campus
2029 1118 2089 1159 et

281 1176 414 1228 dies,
492 1175 744 1236 Revulsae
771 1176 1166 1248 Imperatorum
1194 1177 1301 1229 ima
1347 1178 1476 1243 ineS,
1499 1177 1764 1229 inhonora
1789 1177 1962 1247 signa,
1982 1174 2087 1245 ful-'-

280 1248 539 1320 gentibus
568 1248 696 1302 hinc
724 1249 848 1302 inde
877 1249 1158 1302 Gallorum
1189 1220 1425 1302 vexillis:
1465 1249 1624 1301 silens
1647 1266 1860 1320 agmen,
1887 1259 1943 1301 et
1975 1248 2087 1313 vel-

281 1334 343 1372 ut
383 1319 562 1391 longae
603 1322 907 1391 exsequiae:
948 1322 1060 1374 dux
1092 1321 1351 1374 Claudius
1381 1321 1628 1386 Sanctus,
1656 1320 1852 1373 effosso
1894 1320 2087 1376 oculoz'

281 1392 429 1444 dirus
455 1410 566 1454 ore,
590 1392 811 1462 ingenio
834 1393 1080 1446 debilior.
1122 1392 1448 1462 Duplicatur
1469 1394 1756 1463 flagitium,
1780 1389 2088 1464 postquam,

281 1464 507 1516 desertis
535 1464 917 1518 Bonnensibus
945 1465 1152 1530 castriS,
1180 1464 1346 1516 altera
1371 1483 1426 1517 se
1451 1464 1595 1536 legio
1623 1465 1932 1518 miscuerat.
1995 1463 2087 1531 Et,

281 1535 812 1608 vulgata'captarum
855 1537 1131 1610 legionum
1174 1536 1336 1601 fama,
1378 1537 1581 1602 cuncti,
1607 1538 1700 1608 qui
1745 1535 1926 1609 paullo
1963 1549 2089 1590 ante

283 1606 659 1661 Romanorum
702 1607 896 1661 nomen
945 1609 1253 1671 horrebant,
1297 1620 1670 1679 procurrentes
1711 1627 1781 1662 ex
1823 1608 1966 1680 agris
2009 1620 2088 1662 te-

282 1681 493 1751 ctisque
520 1694 575 1733 et
617 1681 854 1750 undique
898 1681 1052 1734 effusi
1093 1680 1311 1733 insolito
1353 1680 1662 1752 spectaculo
1688 1679 1917 1733 nimium
1943 1679 2091 1733 frue-

280 1753 497 1805 bantur.
575 1751 701 1805 Non
734 1753 856 1805 tulit
883 1753 966 1806 ala
1010 1753 1295 1805 Picentina
1335 1752 1595 1823 gaudium
1639 1752 1947 1805 insultantis
1974 1752 2089 1806 vul-

281 1825 370 1898 gi:
427 1825 727 1896 spretisque
769 1826 954 1894 Sancti
998 1825 1273 1896 promissis
1310 1837 1404 1876 aut
1446 1824 1626 1889 miniS,
1668 1823 2090 1895 Magontiacum

283 1898 486 1948 abeunt
510 1919 523 1950 :
563 1916 625 1949 ac
654 1896 794 1949 forte
821 1898 986 1950 obvio
1014 1895 1360 1949 interfectore
1388 1895 1631 1961 Vocul'ae,
1662 1896 1932 1968 LonginO,
1958 1915 2091 1949 con-'-

276 1967 444 2038 jectis
469 1969 523 2020 in
552 1987 674 2021 eum
718 1969 856 2034 telis,
885 1969 1100 2021 initium
1138 1967 1482 2021 exsolvendae
1512 1969 1568 2020 in
1611 1981 1883 2038 posterum
1912 1969 2089 2040 culpae

286 2040 481 2093 secere.
559 2040 846 2111 LegioneS,
874 2040 1010 2094 nihil
1038 2052 1247 2093 mutato
1273 2040 1481 2105 itinere,
1508 2049 1633 2092 ante
1659 2040 1868 2093 moenia
1891 2037 2091 2094 Treve-

200 2112 270 2170 63
287 2131 467 2168 rorum
491 2114 801 2166 considunt.
878 2113 1070 2166 Civilis
1099 2124 1155 2165 et
1183 2111 1472 2180 ClassicuS,
1500 2113 1658 2166 rebus
1687 2111 1936 2165 secundis
1963 2113 2091 2167 sub-

343 2301 588 2339 Vindonissae
603 2300 700 2352 sita]
731 2302 780 2338 V.
803 2301 852 2338 ad
868 2313 901 2339 c.
921 2305 985 2340 70.

338 2357 467 2406 Legio
486 2354 640 2404 XIIL]
672 2357 720 2393 V.
740 2356 844 2392 dicta
861 2356 909 2392 ad
929 2367 962 2393 c.
985 2357 1050 2391 26.

338 2410 440 2454 Hoec
468 2410 758 2461 meditantibus]
791 2410 893 2451 Quis
918 2412 1035 2457 neget
1051 2419 1075 2444 a
1097 2407 1161 2444 Li-

283 2463 402 2502 viano
421 2465 636 2513 exemplari
665 2465 774 2503 esse?
806 2465 874 2513 qui
901 2464 943 2502 in
965 2462 1161 2500 deditione

283 2519 356 2557 illa
372 2519 480 2568 turpi
510 2519 556 2555 ad
577 2519 766 2557 Furculas
798 2525 838 2562 9,
860 2524 897 2557 5.
953 2519 1054 2556 Haec
1074 2517 1162 2565 sre-

283 2574 488 2618 mentz'bus,
503 2574 647 2622 inquit,
667 2575 761 2611 horu
766 2574 916 2623 fatalis
934 2570 1163 2622 ignominioe

284 2628 455 2674 advenit,
470 2630 600 2666 omnia
609 2630 784 2666 tristiora
796 2628 1028 2678 experiundo
1027 2628 1168 2675 factu·

284 2694 346 2719 ra.
402 2684 513 2720 ers.

342 2738 494 2775 Inneoea
512 2735 648 2788 signa]
678 2737 871 2774 Budensis
891 2737 1009 2773 codex
1028 2736 1165 2773 inhora

285 2792 417 2840 signa.
448 2793 560 2830 Rom.
589 2792 632 2829 in
663 2803 744 2829 ora.
799 2791 1035 2827 Divinabam
1056 2790 1164 2835 olim,

280 2847 438 2884 ’inversa
469 2848 589 2896 signa
634 2846 739 2897 quod
764 2845 988 2895 ignominiae
1017 2845 1108 2890 fuit,
1125 2850 1163 2881 et

286 2902 410 2938 victos
440 2912 481 2937 se
508 2900 732 2938 fatentium.
789 2900 1019 2948 spartianus
1040 2901 1079 2936 in
1099 2900 1166 2937 Se-

287 2966 381 2992 vero
398 2959 437 2994 7.
474 2952 523 2992 In
548 2955 748 3006 palatc'um
778 2955 904 2992 eodem
922 2954 1056 2991 habitu
1076 2965 1166 3003 per·

286 3011 407 3054 rexit,
434 3011 613 3058 prolatis
640 3011 768 3058 signis
795 3019 880 3061 quoe
910 3009 1166 3045 Proeeorianis

290 3064 497 3108 ademerat,
532 3065 694 3113 supinis.
733 3063 807 3102 uon'
840 3064 990 3101 erectis.
1059 3063 1165 3100 Idem

286 3123 520 3166 usurpatum
544 3119 582 3154 in
615 3117 756 3156 dolore.
799 3117 961 3156 Tacitus
986 3117 1036 3154 A.
1056 3122 1095 3158 3,
1125 3122 1164 3153 2.

289 3171 564 3210 Proececlebant
596 3174 790 3221 incompta
822 3173 957 3220 signa,
975 3172 1076 3209 versi
1089 3171 1164 3219 fiz-

289 3237 382 3263 sces.
437 3225 537 3262 Pedo
568 3225 837 3263 Albinovanus
871 3226 919 3265 ad
955 3226 1103 3263 Liviam
1127 3238 1162 3262 v.

294 3284 385 3318 141.
419 3280 523 3320 Quos
534 3281 708 3328 primam
727 3281 959 3328 videfastes,
974 3281 1165 3329 insumere

291 3334 400 3374 m‘di,-
431 3333 507 3371 Sed
525 3334 605 3371 vidi
623 3345 745 3371 vers-os
776 3335 1037 3383 indiciumque
1057 3335 1164 3371 ''aali-

289 3387 348 3428 At
364 3398 467 3425 nuuc
486 3392 615 3435 putem
637 3387 874 3424 commodius
889 3387 963 3434 legi
979 3387 1164 3423 inhonora

287 3443 425 3491 sigim,
454 3443 489 3478 id
510 3446 582 3486 est,
602 3441 805 3490 squallida,
826 3452 904 3477 non
932 3446 1066 3486 uncta,
1086 3452 1164 3477 non

290 3497 483 3542 nitidata:
515 3507 598 3544 quoe
617 3494 1043 3544 ‹1pponitfidgentibus
1074 3495 1164 3531 Gae-

291 3552 417 3592 larum
433 3551 586 3589 vexillis
600 3565 612 3588 .-
640 3553 712 3588 aut
740 3551 871 3600 potius
888 3549 1051 3587 retineri
1067 3549 1164 3590 illud

1216 2302 1375 2346 innexa,
1396 2311 1484 2338 cum
1501 2298 1776 2348 explicatione,
1793 2301 1913 2350 signa
1931 2301 2090 2348 inne-ta,

1216 2354 1255 2391 id
1286 2360 1360 2401 est,
1378 2355 1462 2391 sine
1491 2365 1596 2392 nexu
1617 2358 1658 2392 et
1674 2354 1781 2391 nuda
1799 2354 1934 2391 fuisse.
1987 2355 2090 2393 Nam

1216 2409 1342 2445 solent
1359 2407 1548 2457 imagines
1569 2408 1807 2456 Principum,
1817 2409 1956 2457 clypei,
1973 2410 2094 2448 etiam

1215 2474 1364 2499 corona:
1391 2468 1431 2499 et
1451 2462 1550 2499 talia.
1569 2463 1728 2500 innecti.
1777 2464 1887 2501 Ln’s.
1928 2464 1980 2501 In
1996 2465 2093 2502 lem-a

1217 2518 1334 2554 etiam
1356 2517 1458 2555 Flor.
1498 2518 1549 2554 In
1568 2529 1637 2554 ora
1668 2517 1765 2566 Agr.
1801 2517 1995 2555 Inhonora
2008 2519 2094 2567 jam

1216 2572 1386 2608 correxit
1400 2572 1613 2617 Victorius,
1626 2571 1710 2608 loco
1727 2583 1846 2620 supra
1858 2572 2030 2610 indicato
2041 2573 2093 2610 ad

1226 2631 1288 2672 15,
1311 2632 1375 2663 25.
1408 2626 1530 2675 Lipsii
1557 2626 1835 2663 correctionem
1865 2627 2015 2675 recepit
2030 2627 2098 2665 Pi-

1220 2681 1345 2717 chena
1371 2692 1458 2718 cum
1479 2691 1583 2730 seqq.
1604 2679 1798 2718 omnibus.
1815 2681 1854 2718 J.
1871 2682 2093 2720 Gronovius

1218 2739 1352 2772 tamen
1371 2747 1392 2771 e
1407 2734 1572 2772 lectione
1588 2735 1818 2773 Florentina
1827 2737 1960 2783 potius
1973 2737 2093 2773 extri—

1219 2789 1335 2826 cabat.
1364 2791 1516 2828 viliora.
1547 2790 1655 2828 ERN.
1682 2789 1794 2827 Alias
1818 2789 1984 2831 aliorum
2001 2801 2093 2828 con-

1214 2845 1388 2893 jecturas
1426 2842 1585 2881 exhibet
1617 2844 1657 2882 J.
1691 2845 1814 2882 Gron.
1855 2845 2092 2894 Exemplum

1219 2899 1277 2936 rei
1297 2898 1414 2935 habes
1438 2897 1486 2936 A.
1516 2903 1554 2945 1,
1573 2902 1638 2935 24.
1679 2897 1749 2935 ubi
1773 2899 1944 2948 legiam-v
1970 2899 2091 2938 nullis

1221 2953 1439 3004 insignibus
1454 2954 1673 3001 fulgentes.
1694 2953 1798 2990 Bud.
1817 2954 1972 2991 revolee.
2029 2952 2093 2990 Sic

1223 3007 1366 3057 ubique
1386 3008 1538 3055 volgus,
1557 3008 1736 3056 volgatus
1753 3011 1795 3043 et
1811 3006 1967 3044 similia.

1273 3063 1375 3099 Dux
1399 3061 1586 3099 Claudius
1614 3060 1800 3111 Sanctus]
1839 3061 1990 3099 Ducem
2020 3061 2092 3098 viae

1219 3116 1358 3152 deditis
1385 3116 1521 3153 datum
1553 3114 1736 3163 intelligi,
1762 3115 1845 3162 jam
1872 3126 1898 3151 a
1921 3115 2093 3154 Pichena

1217 3171 1424 3208 monitum.
1480 3171 1517 3206 1s
1545 3170 1656 3207 dirus
1681 3182 1744 3207 ore
1773 3169 1931 3216 dicitur)
1948 3167 2000 3206 ob
2027 3170 2094 3206 de·

1217 3223 1452 3261 formitatem
1471 3223 1521 3260 ab
1539 3223 1676 3260 effosso
1691 3223 1815 3260 oculo.
1850 3223 1983 3271 Atque
2001 3223 2092 3262 hinc

1218 3278 1384 3326 intelligi
1417 3277 1531 3313 debet
1556 3274 1723 3314 alterum
1755 3277 1890 3314 debilis
1919 3278 2091 3326 ingenio.

1218 3333 1318 3369 Nam
1348 3332 1484 3369 debiles
1502 3331 1685 3368 dicuntur
1701 3331 1806 3379 capti
1821 3331 1954 3380 aliquo
1971 3343 2093 3370 mem-

1221 3386 1301 3422 bro.
1355 3386 1493 3434 ltaque
1523 3385 1578 3422 nil
1608 3385 1715 3422 aliud
1734 3389 1807 3431 est,
1832 3397 1947 3434 quam
1974 3388 2006 3424 si
2034 3387 2093 3424 di-

1218 3441 1352 3484 xisset,
1372 3440 1500 3476 foedus
1528 3451 1610 3485 ore,
1635 3439 1792 3488 ingenio
1820 3440 1973 3478 foedior.
2018 3443 2094 3479 ce-

1220 3499 1347 3531 terum
1366 3495 1477 3530 colon
1494 3506 1576 3531 esse
1594 3493 1709 3530 debet
1731 3497 1819 3542 post
1836 3497 1959 3544 oculo,
1977 3498 2024 3534 ut
2047 3495 2093 3537 in

1218 3548 1303 3587 edd.
1325 3549 1477 3602 primis,
1496 3559 1575 3587 non
1591 3559 1755 3587 comma.
1796 3549 1907 3588 ERN.
