2190 3880
257 164 357 220 372

771 163 828 216 C.
862 160 1251 218 CORNELIUS
1283 163 1570 217 TACITUS

261 287 442 343 adhuc
467 306 548 343 eae
584 288 856 356 civitateS,
880 291 940 345 in
978 293 1178 363 quibus
1217 300 1434 359 tantum
1468 289 1707 365 virgines
1751 289 1987 354 nubunt,
2019 296 2078 341 et

264 377 391 412 cum
417 377 515 431 spe
539 371 780 432 votoque
804 362 992 414 uxoris
1020 362 1186 414 semel
1212 362 1599 436 transigitur.)
1620 361 1714 414 Sic
1739 379 1905 414 unum
1934 360 2078 413 acci·

261 430 424 502 piunt
448 432 723 497 mariv-tum,
745 447 856 503 quo
883 432 1048 484 modo
1075 449 1244 483 unum
1271 448 1469 501 corpus
1495 446 1767 501 unamque
1793 434 1982 496 vitam,
2006 447 2078 484 ne

260 500 652 572 ulla-cogitatio
678 503 839 565 ultra,
864 520 932 554 ne
959 501 1175 571 longior
1197 500 1490 572 cupiditaS,
1516 518 1585 552 ne
1612 512 1887 571 tamquam
1911 502 2076 555 mari·

259 581 404 636 tum-‚2
425 572 518 630 sed
546 583 823 643 tamquam
862 571 1292 635 matrimonium,
1329 581 1533 624 ament.

1608 571 1910 625 Numerum
1938 572 2076 625 libe-

258 658 444 695 rorum
484 642 657 707 finire,
696 654 792 694 aut
816 658 1148 711 quemquam
1188 659 1259 694 ex
1298 642 1512 712 agnatis
1549 658 1762 708 necare,
1801 642 2072 714 flagitium

258 711 510 766 habetur.
549 713 778 783 plusque
817 712 894 764 ibi
933 712 1065 764 boni
1111 729 1290 764 mores
1318 711 1517 777 valent,
1543 730 1707 781 quam
1742 711 1871 765 alibi
1916 713 2076 767 bonae

175 782 245 832 20
258 782 423 855 leges.

502 783 567 834 In
595 783 743 835 omni
772 782 937 835 domo
965 781 1098 835 nudi
1123 801 1188 835 ac
1214 781 1439 847 sordidi,
1466 783 1523 835 in
1552 782 1652 835 hos
1679 795 1847 848 artuS,
1871 783 1928 835 in
1954 783 2077 838 haec

257 870 508 923 corpora,
539 871 664 923 quae
706 853 986 917 miramur,
1025 863 1397 906 excrescunt-
1444 853 1556 906 Sua
1594 871 1865 925 quemque
1901 865 2076 907 mater

258 924 519 977 uberibus
546 923 661 989 alit,
689 942 790 977 nec
816 923 1026 976 ancillis
1051 941 1117 976 ac
1145 924 1451 977 nutricibus
1477 924 1816 994 delegantur.
1881 922 2079 978 Domi-

253 1012 383 1047 num
420 1014 485 1055 ac
512 1012 727 1047 servum
752 994 914 1047 nullis
939 994 1279 1048 educationis
1305 993 1515 1048 deliciis
1541 995 1851 1066 dignoscas·

1926 995 2078 1050 Inter

254 1066 444 1119 eadem
472 1083 692 1137 pecora,
720 1067 775 1119 in
803 1066 992 1119 eadem
1020 1065 1189 1118 humo
1215 1066 1425 1136 degunt
1449 1087 1463 1120 ε
1503 1066 1678 1119 donec
1709 1076 1842 1120 aetas
1868 1078 2082 1140 separet

249 1208 416 1247 remedio
449 1208 572 1255 locus,
604 1207 687 1257 ubi,
732 1208 998 1261 qua-suerunt
1022 1209 1138 1258 vitia,

250 1275 376 1300 mores
404 1270 510 1302 sunt.
554 1262 667 1302 LIPS.
709 1265 805 1302 eod.
835 1265 969 1314 Kapp.
994 1263 1043 1314 (s.
1072 1264 1136 1302 ed.

249 1316 447 1368 Norimb.)
482 1314 696 1355 vocantur&
728 1317 831 1367 quod
865 1318 951 1366 jam
983 1317 1139 1356 notavit

249 1367 382 1408 Rhea.
426 1373 534 1409 ERN.
589 1371 663 1408 Sed
683 1371 743 1410 ed.
765 1373 880 1409 Rom.
907 1377 1080 1410 vocatur.

303 1423 454 1461 Melius
470 1437 524 1461 eae
543 1423 739 1473 civitates]
789 1426 900 1463 Inter
917 1437 1015 1474 quas
1040 1424 1137 1462 civi-

246 1477 352 1513 tates
377 1477 498 1514 fuisse
524 1477 667 1516 Erulos
690 1480 868 1528 reperio:
904 1479 1010 1528 apud
1038 1490 1135 1527 quos

247 1530 346 1566 adeo
370 1531 540 1568 secundo
566 1531 817 1570 matrimonio
835 1543 914 1570 non
930 1532 1054 1578 locus,
1073 1533 1138 1571 uti

244 1592 349 1620 uxor
373 1586 518 1623 marito
539 1590 697 1623 mortuo
723 1586 865 1635 laqueo
891 1586 975 1623 se'se
999 1587 1135 1623 statim

238 1636 361 1683 juxta
389 1639 640 1687 sepulchrum
671 1640 877 1677 indueret:
909 1639 985 1677 nisi
1006 1640 1136 1677 invisa

243 1690 375 1728 <rivere
393 1690 531 1730 mallet
548 1696 589 1729 et
606 1693 778 1731 infamis.
807 1694 1031 1742 'Procopius
1050 1697 1134 1730 tra-

242 1742 304 1782 dit
323 1750 363 1790 9,
387 1751 452 1783 14.
505 1747 567 1783 De
586 1743 689 1784 bello'
707 1746 941 1785 Gothorum.
987 1748 1101 1785 ers.

301 1798 364 1836 Nc
388 1800 474 1836 ulla
494 1800 700 1851 cogitatio]
750 1801 972 1850 Groslotius
988 1804 1052 1838 ter
1067 1813 1135 1838 vo-

243 1849 351 1888 rebat
375 1865 457 1899 nec,
484 1865 505 1890 e
526 1860 602 1890 vet.
629 1856 715 1891 cod.
771 1854 901 1892 Primo
918 1855 1003 1892 loco
1018 1854 1132 1892 facile

242 1905 421 1954 probem,
440 1917 520 1944 non
547 1907 732 1956 reliquis:
762 1909 840 1946 nisi
867 1908 988 1946 etiam
1012 1908 1133 1946 corri-

241 1969 311 2006 gas
328 1966 465 1997 amane
480 1975 492 1996 .-
522 1962 625 2010 quod
653 1960 877 2010 probarem,
898 1962 930 2000 si
958 1960 1051 1999 libri
1073 1963 1134 2000 fa-

242 2017 393 2050 verent.
439 2014 551 2052 ERN.
608 2016 682 2054 Ed.
710 2017 823 2058 Rom.
854 2020 896 2053 et
921 2016 1060 2054 Norib.
1090 2020 1131 2054 et

240 2067 331 2103 Put.
350 2079 412 2113 ne,
429 2079 490 2114 nc,
510 2081 569 2105 ue.
710 2077 712 2081 ’

298 2121 515 2170 Tamquam
538 2121 745 2172 maritum]
795 2124 843 2160 In
874 2123 981 2172 Lips.
1009 2123 1130 2160 tertia

239 2178 300 2210 est
323 2176 518 2220 meritum,
537 2177 656 2224 quod,
674 2181 732 2212 ut·
749 2178 790 2212 in
818 2176 907 2213 aliis
931 2178 1048 2223 forte,
1068 2182 1130 2215 est

239 2228 382 2265 vitium
406 2240 628 2276 operarum.
682 2229 729 2266 In
757 2230 898 2267 ultima
923 2234 984 2267 est
1008 2232 1129 2268 mari-

238 2286 325 2317 tum
340 2295 352 2316 :
381 2282 485 2328 quod
510 2283 553 2320 in
579 2282 762 2321 omnibus
781 2284 878 2321 meis
896 2287 990 2321 ante
1019 2285 1128 2333 Lips.

238 2338 310 2371 e'st.
355 2335 465 2374 ERN.

294 2386 511 2426 Numerum
524 2387 729 2427 liberorum
727 2388 867 2441 finire]
886 2390 935 2426 V.
949 2389 1126 2439 Lipsium

237 2449 302 2489 cp.
323 2445 389 2478 85.
426 2443 541 2480 Cent.
566 2449 600 2480 1.
623 2443 672 2479 ad
690 2443 845 2492 Belgas.
893 2442 1004 2482 ERN.

292 2489 366 2533 Ea·
384 2498 548 2544 agnatis
564 2496 715 2547 necare]
754 2497 929 2544 agnatos
945 2496 1007 2533 hic
1024 2495 1125 2534 acci·

237 2547 321 2595 pies
349 2559 430 2586 non
456 2550 651 2599 ἀγχιςιῖς,
669 2554 741 2587 aut
765 2551 969 2598 συγγενεῖς,
986 2551 1054 2587 sed
1075 2550 1125 2587 li—

236 2601 364 2647 beros,
383 2604 451 2652 qui
467 2603 750 2654 adnascuntur.
777 2605 852 2640 etsi
866 2604 1023 2641 mallem
1042 2616 1125 2641 om-

237 2655 333 2692 nino
352 2656 485 2703 scribi,
500 2659 652 2707 gnatis.
687 2657 791 2695 Illud
809 2662 944 2696 autem
962 2658 1124 2704 mirum,

235 2707 421 2747 Tacitum
450 2712 633 2747 omittere
663 2711 898 2760 insignitum
926 2711 1037 2748 illum
1070 2713 1125 2748 ri·

234 2766 323 2799 tum
347 2767 389 2800 et
409 2764 648 2815 peculiarem
673 2764 896 2810 Germanis,
914 2766 962 2802 de
990 2765 1125 2814 explo-

233 2817 388 2854 ratione
404 2817 633 2856 liberorum.
687 2817 841 2856 Prolem
861 2820 966 2856 enim
989 2824 1123 2856 natam

233 2870 283 2906 ad
301 2871 485 2909 Rhenum
502 2872 697 2919 ferebant,
712 2872 925 2921 clypeoque
942 2874 1121 2922 impone·

236 2923 347 2961 bant.
375 2925 408 2962 si
428 2925 544 2963 undis
564 2925 829 2974 abriperetur,
849 2926 1011 2963 notham
1030 2938 1121 2963 cen·

233 2977 375 3014 sebant
390 2988 407 3023 3‘
433 2980 466 3016 si
483 2980 696 3024 innataret,
713 2990 802 3017 vere
822 2991 948 3018 suam.
1000 2981 1121 3018 Clau-

231 3030 374 3068 dianus
395 3033 436 3068 in
453 3033 642 3071 Rufinum
665 3039 705 3079 2,
728 3039 815 3071 112.
860 3033 1033 3085 thuos
1049 3046 1119 3071 na-

230 3091 379 3122 scentes
397 3087 578 3134 taz-plorat·
588 3089 757 3136 gurgite
777 3086 948 3125 Rhenus.
991 3087 1119 3125 Julia-

231 3147 309 3175 nus
325 3139 368 3175 in
391 3141 558 3187 epistola
581 3145 641 3177 16.
669 3141 717 3177 ad
738 3141 979 3178 Maximum:
1011 3140 1117 3178 nei·-

231 3244 297 3293 μὶν
316 3245 406 3283 νὸθα
426 3245 494 3282 ’νῦν
509 3247 648 3299 βρεφόν
670 3246 879 3299 :antefixa
905 3250 990 3290 ’ταῖς
1008 3244 1116 3290 δίναις

233 3297 389 3346 oripi-ma,
406 3299 584 3352 nasci->rte
604 3300 795 3340 ἀκολάςου
813 3300 949 3357 λίχους
966 3301 1119 3354 remei:

233 3351 391 3404 otgivam
427 3351 528 3390 “Oea
544 3350 573 3391 δ’
591 3351 636 3391 ἂν
652 3353 787 3402 {myra}
807 3355 978 3406 καθὰςῡῧ
1004 3355 1118 3406 erig-

229 3420 368 3452 μσιτος,
388 3405 549 3459 ὑπεράνω
574 3407 641 3444 τοῦ
661 3402 794 3447 ava-1⁷05
821 3406 956 3459 αἰωρεῖ,
975 3407 1041 3444 καὶ
1069 3408 1118 3458 τῇ

227 3459 345 3512 μητρὶ
373 3474 399 3497 η·
420 3459 549 3512 εμοῦσῃ
578 3461 693 3498 πάλιν
725 3459 773 3501 εἰς
803 3460 934 3512 χεῖρας
964 3456 1115 3505 when,

230 3511 349 3565 ὥσπερ
367 3475 567 3551 aginam&
583 3529 661 3551 »rava
676 3513 881 3567 puga-vein»
900 3512 999 3555 αὐτῆ
1015 3513 1119 3551 κιθ-

229 3565 321 3616 αρὲὖι
348 3567 416 3605 καὶ
444 3566 653 3616 aiseium-vm
679 3568 813 3620 γέμω
842 3566 908 3609 τὴν
933 3555 1002 3610 ΔῬοῖἲ
1029 3580 1118 3607 ται·

1191 1206 1249 1251 ὃὸς
1275 1205 1458 1264 cotoneis·
1478 1206 1782 1263 ἐκδησάμενος.
1831 1208 2020 1249 Meminit
2037 1212 2081 1249 et

1192 1264 1369 1301 Galenus
1398 1265 1460 1301 De
1489 1265 1661 1301 sanitate
1684 1262 1835 1302 tuenda
1869 1270 1906 1311 1,
1939 1269 2003 1303 10.
2038 1269 2080 1303 et

1191 1316 1471 1359 Nazianzenus
1514 1329 1633 1356 carm.
1668 1322 1736 1358 49.
1779 1318 1830 1355 ad
1863 1317 2006 1356 Nicob.
2037 1330 2081 1359 v.

1195 1375 1286 1408 142.
1337 1371 1507 1409 Nonnus
1548 1372 1592 1408 in
1625 1371 1871 1420 Dionysiacis
1908 1374 1976 1418 46,
2011 1375 2080 1411 55.

1189 1423 1242 1460 ab
1287 1424 1360 1461 hac
1403 1436 1544 1463 caussa
1584 1425 1769 1463 Rhenum
1813 1423 2081 1475 ὶλεγχιγόμον

1189 1479 1437 1526 agnominat,
1465 1478 1574 1516 velut
1599 1479 1774 1527 iudicem
1802 1479 2078 1528 vindicemque

1189 1532 1390 1580 conjugii:
1437 1535 1477 1569 et
1510 1532 1607 1578 vidi,
1642 1533 1709 1582 qui
1749 1532 1879 1570 Rheni
1916 1536 2076 1580 etymon

1189 1584 1282 1622 hine
1309 1586 1522 1634 petendum
1547 1586 1809 1632 adseveraret,
1839 1587 1952 1636 quasi
1980 1597 2077 1634 pur·

1188 1639 1354 1692 gatofiS.
1412 1640 1540 1677 Purus
1566 1639 1723 1688 quidem
1738 1651 1922 1678 sermone
1940 1643 2077 1678 nostro

1187 1702 1282 1742 reyn
1299 1693 1460 1731 dicitur.
1514 1693 1588 1731 Sed
1613 1693 1728 1740 addo,
1745 1693 1946 1731 Valerium
1964 1692 2077 1731 Flac·

1187 1756 1276 1782 cum
1306 1749 1347 1792 6,
1377 1749 1472 1784 336.
1507 1747 1557 1783 ad
1586 1747 1747 1796 Scythas
1774 1751 1816 1784 et
1839 1747 1889 1784 ad
1916 1747 2075 1786 Phasim

1186 1799 1293 1836 hunc
1321 1801 1443 1838 ritum
1473 1799 1623 1851 (nescio
1647 1812 1700 1838 an
1728 1813 1776 1839 ex
1805 1799 1913 1851 vero)
1944 1805 2075 1838 trans-

1186 1853 1303 1891 ferre.
1358 1855 1422 1891 Ita
1455 1855 1560 1892 enim
1597 1853 1653 1892 ibi
1689 1855 1882 1904 quispiam
1902 1855 2076 1893 z—wubi·

1185 1912 1270 1944 tam
1297 1909 1394 1946 soevi
1422 1908 1651 1946 duravimus
1678 1921 1791 1946 amne
1821 1909 2073 1958 Progeniem,

1185 1966 1370 2011 natosque
1385 1961 1499 1998 rudes
1516 1963 1538 2000 ?
1575 1962 1689 2000 Ln’s.
1732 1963 1933 2012 Adgnati,
1951 1974 2074 2012 supra

1186 2025 1396 2052 numerum
1414 2016 1516 2062 nati,
1533 2013 1704 2064 iaea'yovoa.
1753 2017 1817 2053 Sic
1835 2020 1876 2053 et
1893 2017 2072 2055 Perizon.

1183 2068 1232 2104 ad
1252 2068 1399 2105 Melam
1432 2074 1469 2115 1,
1490 2076 1527 2107 8.
1555 2069 1597 2106 in
1616 2070 1730 2107 Misc.
1756 2070 1853 2108 Obs.
1869 2070 1957 2108 crit.
1980 2074 2013 2109 t.
2033 2077 2073 2110 8.

1183 2132 1224 2169 p.
1247 2126 1337 2160 118.
1373 2122 1527 2160 Juliani
1544 2124 1629 2159 loco
1646 2124 1716 2162 cit.
1734 2123 1833 2160 adde
1851 2123 1936 2172 ejus
1955 2124 2072 2163 Orat.

1184 2181 1222 2212 2.
1241 2175 1288 2212 de
1306 2176 1414 2214 laud.
1433 2176 1659 2215 Constantii
1689 2177 1730 2214 in
1758 2178 1861 2216 med.
1905 2178 2006 2219 Quae
2022 2178 2069 2215 de

1183 2229 1453 2278 exploratione
1486 2231 1563 2268 ista
1593 2230 1809 2270 liberorum
1838 2232 2070 2279 traduntur,

1181 2283 1363 2321 fabulosa
1376 2295 1475 2330 esse,
1488 2284 1586 2332 jure
1599 2294 1624 2321 a
1634 2285 1775 2322 Tacito
1792 2286 2071 2333 praetermissa,

1183 2341 1302 2383 putat
1334 2336 1528 2386 Amelang
1557 2339 1599 2375 in
1635 2339 1839 2387 opusculo·
1858 2338 2072 2386 subjuncto

1181 2390 1350 2426 versioni
1368 2393 1502 2428 Germ.
1522 2392 1651 2428 Taciti
1667 2392 1714 2428 de
1734 2392 1791 2430 M.
1809 2393 1860 2430 G.
1879 2391 1994 2429 editae
2016 2393 2069 2429 ab

1178 2443 1221 2480 J.
1242 2443 1299 2480 H.
1320 2443 1378 2481 M.
1402 2445 1590 2491 Ernesti3
1619 2444 1792 2482 fabulam
1821 2450 1955 2483 autem
1976 2446 2068 2483 inde

1178 2499 1322 2541 ortam,
1340 2498 1443 2544 quod
1471 2498 1641 2535 infantes
1662 2498 1816 2536 flumini
1835 2499 2068 2548 immergere

1178 2549 1260 2586 sint
1289 2550 1397 2588 soliti
1427 2551 1615 2589 Germani
1644 2551 1693 2590 ad
1725 2551 1903 2591 duranda
1931 2564 2067 2592 eorum

1176 2614 1352 2651 corpora.

1235 2658 1321 2694 Nec
1347 2658 1504 2695 ancillis
1521 2664 1558 2696 et
1575 2659 1792 2698 nutricibus
1815 2658 2064 2712 delegantur]

1179 2710 1380 2759 Insignem
1414 2712 1650 2760 elegantiam
1679 2713 1890 2751 observent
1914 2715 2066 2753 tirones

1179 2762 1221 2800 in
1238 2764 1358 2802 verbo
1377 2764 1618 2814 delegantur.
1671 2766 1811 2805 Sumta
1834 2769 2066 2818 metaphora

1175 2817 1228 2854 ab
1246 2818 1309 2864 iis,
1328 2820 1396 2868 qui
1423 2818 1699 2866 creditoribus,
1718 2821 1955 2871 omninoque
1977 2824 2065 2872 qni·

1176 2870 1251 2909 bus
1270 2870 1431 2919 debent,
1444 2883 1523 2909 non
1542 2873 1619 2922 ipsi
1636 2874 1796 2912 solvunt
1810 2886 1859 2911 ex
1875 2886 1982 2922 arca,
1997 2877 2064 2913 sed

1174 2925 1222 2961 ad
1234 2925 1331 2963 alios
1347 2926 1575 2972 amendant,
1590 2937 1616 2964 a
1633 2927 1792 2978 quibus,
1804 2938 1876 2966 suo
1892 2929 2064 2974 nomine.

1173 2980 1382 3027 pecuniam
1414 2980 1625 3029 accipiant,
1643 2983 1747 3030 quod
1771 2981 1920 3020 dicitur
1941 2982 2062 3021 etiam

1171 3033 1314 3071 solvere
1335 3047 1411 3084 per
1439 3034 1735 3084 delegationem.
1791 3036 1966 3074 Omnino
1992 3037 2062 3076 Ci-

1173 3097 1264 3123 cero
1292 3091 1347 3133 et,
1363 3089 1678 3137 elegantissimus
1709 3088 1876 3138 quisque
1908 3089 2061 3138 tropico

1172 3139 1290 3186 hujus
1320 3141 1430 3179 verbi
1462 3153 1539 3180 usu
1572 3142 1805 3181 delectatur.
1844 3141 1932 3181 vid.
1962 3153 1999 3180 v.
2024 3156 2060 3183 e.

1172 3193 1282 3232 clav.
1301 3195 1386 3234 cie.
1416 3196 1459 3235 iu
1477 3195 1517 3233 h.
1536 3205 1574 3234 v.
1602 3200 1643 3233 et
1665 3196 1788 3234 Grou.
1811 3193 1909 3234 obs.
1936 3200 1974 3243 1,
1993 3201 2060 3236 20.

1169 3246 1279 3284 Ean.

1226 3297 1471 3351 agnoscas]
1510 3300 1787 3350 Antiquissimi
1813 3298 1908 3340 libri
1931 3301 2059 3342 dinos-

1171 3366 1250 3391 cas.
1291 3356 1375 3392 cod.
1411 3354 1541 3403 Kapp.
1577 3356 1638 3392 ed.
1673 3355 1775 3403 Spir.
1817 3355 1928 3395 ERN.
1983 3356 2059 3397 Ed.

1170 3406 1350 3445 Norimb.
1393 3410 1554 3446 omnino
1586 3409 1775 3446 diam-as.
1818 3414 1957 3448 contra
1990 3412 2056 3450 ed.

1160 3460 1283 3498 Rom.
1307 3467 1456 3499 noscas.
1482 3463 1574 3500 Put.
1597 3462 1819 3510 dignoscas.

1224 3514 1363 3552 Donec
1392 3522 1490 3554 etas
1514 3522 1667 3565 'separet
1696 3517 1901 3565 ingenuos,
1929 3518 2054 3555 virtus

1171 3566 1377 3623 agnoscat]
1411 3569 1575 3620 Videfli
1591 3569 1705 3622 libet,
1720 3569 1873 3614 observ.
1898 3574 2052 3611 nostras
