<?xml version="1.0" encoding="UTF-8"?>
<!DOCTYPE html PUBLIC "-//W3C//DTD XHTML 1.0 Transitional//EN"
    "http://www.w3.org/TR/xhtml1/DTD/xhtml1-transitional.dtd">
<html xmlns="http://www.w3.org/1999/xhtml" xml:lang="en" lang="en">
 <head>
  <title>
</title>
<meta http-equiv="Content-Type" content="text/html;charset=utf-8" />
  <meta name='ocr-system' content='tesseract 3.04.00' />
  <meta name='ocr-capabilities' content='ocr_page ocr_carea ocr_par ocr_line ocrx_word'/>
</head>
<body>
  <div class='ocr_page' id='page_1' title='image "./p1operaexrecensi02taciuoft_0294.png"; bbox 0 0 2190 3880; ppageno 0'>
   <div class='ocr_carea' id='block_1_1' title="bbox 169 133 2138 1994">
    <p class='ocr_par' dir='ltr' id='par_1_1' title="bbox 169 133 2138 1994">
     <span class='ocr_line' id='line_1_1' title="bbox 310 133 1541 189; baseline -0.001 -5"><span class='ocrx_word' id='word_1_1' title='bbox 310 139 408 189; x_wconf 62' lang='lat'><strong>27⁶2</strong></span> <span class='ocrx_word' id='word_1_2' title='bbox 931 133 1541 184; x_wconf 82' lang='lat' dir='ltr'>HISTORIARUM</span> 
     </span>
     <span class='ocr_line' id='line_1_2' title="bbox 175 258 2128 335; baseline 0.005 -25"><span class='ocrx_word' id='word_1_3' title='bbox 175 280 227 318; x_wconf 85' lang='lat' dir='ltr'><strong>A.</strong></span> <span class='ocrx_word' id='word_1_4' title='bbox 244 279 296 318; x_wconf 84' lang='lat' dir='ltr'><strong>U.</strong></span> <span class='ocrx_word' id='word_1_5' title='bbox 315 278 411 330; x_wconf 88' lang='lat' dir='ltr'><strong>per</strong></span> <span class='ocrx_word' id='word_1_6' title='bbox 451 258 584 311; x_wconf 88' lang='lat' dir='ltr'><strong>fines</strong></span> <span class='ocrx_word' id='word_1_7' title='bbox 627 277 750 312; x_wconf 88' lang='lat' dir='ltr'><strong>suos</strong></span> <span class='ocrx_word' id='word_1_8' title='bbox 777 258 994 314; x_wconf 88' lang='lat' dir='ltr'><strong>Treveri</strong></span> <span class='ocrx_word' id='word_1_9' title='bbox 1033 273 1297 326; x_wconf 80' lang='lat' dir='ltr'><strong>struxere,</strong></span> <span class='ocrx_word' id='word_1_10' title='bbox 1325 263 1646 335; x_wconf 71' lang='lat' dir='ltr'>magnisque</span> <span class='ocrx_word' id='word_1_11' title='bbox 1682 263 1917 319; x_wconf 85' lang='lat' dir='ltr'><strong>invicem</strong></span> <span class='ocrx_word' id='word_1_12' title='bbox 1960 265 2128 320; x_wconf 82' lang='lat' dir='ltr'><strong>cladi-</strong></span> 
     </span>
     <span class='ocr_line' id='line_1_3' title="bbox 169 331 2126 410; baseline 0.004 -27"><span class='ocrx_word' id='word_1_13' title='bbox 169 335 284 406; x_wconf 22' lang='lat'>‘8233</span> <span class='ocrx_word' id='word_1_14' title='bbox 316 333 415 384; x_wconf 88' lang='lat' dir='ltr'><strong>bus</strong></span> <span class='ocrx_word' id='word_1_15' title='bbox 442 349 566 384; x_wconf 88' lang='lat' dir='ltr'><strong>eum</strong></span> <span class='ocrx_word' id='word_1_16' title='bbox 596 331 883 385; x_wconf 88' lang='lat' dir='ltr'><strong>Germanis</strong></span> <span class='ocrx_word' id='word_1_17' title='bbox 910 335 1210 398; x_wconf 78' lang='lat' dir='ltr'>certabant,</span> <span class='ocrx_word' id='word_1_18' title='bbox 1237 335 1412 386; x_wconf 90' lang='lat' dir='ltr'><strong>donec</strong></span> <span class='ocrx_word' id='word_1_19' title='bbox 1446 337 1675 407; x_wconf 83' lang='lat' dir='ltr'><strong>egregia·</strong></span> <span class='ocrx_word' id='word_1_20' title='bbox 1693 342 1823 410; x_wconf 84' lang='lat' dir='ltr'><strong>erga</strong></span> <span class='ocrx_word' id='word_1_21' title='bbox 1853 337 2126 409; x_wconf 87' lang='lat' dir='ltr'>Populum</span> 
     </span>
     <span class='ocr_line' id='line_1_4' title="bbox 179 389 1575 484; baseline 0.002 -29"><span class='ocrx_word' id='word_1_22' title='bbox 179 389 298 484; x_wconf 37' lang='lat' dir='ltr'><strong>Aio&amp;</strong></span> <span class='ocrx_word' id='word_1_23' title='bbox 315 404 624 456; x_wconf 87' lang='lat' dir='ltr'><strong>Romanum</strong></span> <span class='ocrx_word' id='word_1_24' title='bbox 655 406 848 457; x_wconf 85' lang='lat' dir='ltr'><strong>merita</strong></span> <span class='ocrx_word' id='word_1_25' title='bbox 874 423 1004 457; x_wconf 78' lang='lat' dir='ltr'><strong>mox</strong></span> <span class='ocrx_word' id='word_1_26' title='bbox 1033 405 1255 457; x_wconf 84' lang='lat' dir='ltr'><strong>rebelles</strong></span> <span class='ocrx_word' id='word_1_27' title='bbox 1283 405 1575 459; x_wconf 79' lang='lat' dir='ltr'><strong>foedarent.</strong></span> 
     </span>
     <span class='ocr_line' id='line_1_5' title="bbox 171 470 2127 548; baseline -0.001 -12"><span class='ocrx_word' id='word_1_28' title='bbox 171 496 221 536; x_wconf 84' lang='lat' dir='ltr'><strong>A.</strong></span> <span class='ocrx_word' id='word_1_29' title='bbox 246 470 294 535; x_wconf 69' lang='lat' dir='ltr'><strong>u.</strong></span> <span class='ocrx_word' id='word_1_30' title='bbox 387 476 601 529; x_wconf 83' lang='lat' dir='ltr'><strong>Interea</strong></span> <span class='ocrx_word' id='word_1_31' title='bbox 629 477 992 548; x_wconf 85' lang='lat' dir='ltr'><strong>Vespasianus</strong></span> <span class='ocrx_word' id='word_1_32' title='bbox 1031 477 1228 528; x_wconf 89' lang='lat' dir='ltr'><strong>iterum</strong></span> <span class='ocrx_word' id='word_1_33' title='bbox 1269 495 1332 529; x_wconf 88' lang='lat' dir='ltr'><strong>ac</strong></span> <span class='ocrx_word' id='word_1_34' title='bbox 1357 476 1512 529; x_wconf 85' lang='lat' dir='ltr'><strong>Titus</strong></span> <span class='ocrx_word' id='word_1_35' title='bbox 1539 477 1898 534; x_wconf 80' lang='lat' dir='ltr'><strong>Consulatum</strong></span> <span class='ocrx_word' id='word_1_36' title='bbox 1933 483 2127 534; x_wconf 86' lang='lat' dir='ltr'><strong>absen-</strong></span> 
     </span>
     <span class='ocr_line' id='line_1_6' title="bbox 190 548 2127 622; baseline 0.004 -23"><span class='ocrx_word' id='word_1_37' title='bbox 190 554 283 591; x_wconf 81' lang='lat'><strong>824.</strong></span> <span class='ocrx_word' id='word_1_38' title='bbox 313 558 392 600; x_wconf 91' lang='lat' dir='ltr'><strong>tes</strong></span> <span class='ocrx_word' id='word_1_39' title='bbox 433 549 702 614; x_wconf 78' lang='lat' dir='ltr'><strong>inierunt3</strong></span> <span class='ocrx_word' id='word_1_40' title='bbox 743 560 934 600; x_wconf 85' lang='lat' dir='ltr'><strong>maesta</strong></span> <span class='ocrx_word' id='word_1_41' title='bbox 981 558 1037 600; x_wconf 88' lang='lat' dir='ltr'><strong>et</strong></span> <span class='ocrx_word' id='word_1_42' title='bbox 1063 548 1352 618; x_wconf 79' lang='lat' dir='ltr'><strong>multiplici</strong></span> <span class='ocrx_word' id='word_1_43' title='bbox 1396 562 1542 601; x_wconf 89' lang='lat' dir='ltr'><strong>metu</strong></span> <span class='ocrx_word' id='word_1_44' title='bbox 1584 555 1843 622; x_wconf 85' lang='lat' dir='ltr'><strong>suspensa</strong></span> <span class='ocrx_word' id='word_1_45' title='bbox 1879 554 2127 617; x_wconf 86' lang='lat' dir='ltr'><strong>civitate,</strong></span> 
     </span>
     <span class='ocr_line' id='line_1_7' title="bbox 175 607 2131 702; baseline 0.003 -29"><span class='ocrx_word' id='word_1_46' title='bbox 175 607 454 702; x_wconf 43' lang='lat' dir='ltr'><strong>Ailoquae,</strong></span> <span class='ocrx_word' id='word_1_47' title='bbox 483 639 643 691; x_wconf 86' lang='lat' dir='ltr'><strong>super</strong></span> <span class='ocrx_word' id='word_1_48' title='bbox 681 620 942 671; x_wconf 84' lang='lat' dir='ltr'><strong>instantia</strong></span> <span class='ocrx_word' id='word_1_49' title='bbox 976 618 1134 684; x_wconf 87' lang='lat' dir='ltr'><strong>mala,</strong></span> <span class='ocrx_word' id='word_1_50' title='bbox 1172 619 1335 672; x_wconf 83' lang='lat' dir='ltr'><strong>falsos</strong></span> <span class='ocrx_word' id='word_1_51' title='bbox 1377 639 1604 692; x_wconf 83' lang='lat' dir='ltr'><strong>pavores</strong></span> <span class='ocrx_word' id='word_1_52' title='bbox 1648 622 1927 678; x_wconf 88' lang='lat' dir='ltr'><strong>induerat:</strong></span> <span class='ocrx_word' id='word_1_53' title='bbox 1968 624 2131 678; x_wconf 82' lang='lat' dir='ltr'><strong>desci-</strong></span> 
     </span>
     <span class='ocr_line' id='line_1_8' title="bbox 226 689 2127 768; baseline 0.002 -23"><span class='ocrx_word' id='word_1_54' title='bbox 226 689 294 768; x_wconf 73' lang='lat'><strong>3‘3</strong></span> <span class='ocrx_word' id='word_1_55' title='bbox 310 693 436 746; x_wconf 83' lang='lat' dir='ltr'><strong>visse</strong></span> <span class='ocrx_word' id='word_1_56' title='bbox 484 692 745 764; x_wconf 77' lang='lat' dir='ltr'><strong>Africam.</strong></span> <span class='ocrx_word' id='word_1_57' title='bbox 798 709 874 744; x_wconf 82' lang='lat' dir='ltr'><strong>res</strong></span> <span class='ocrx_word' id='word_1_58' title='bbox 917 709 1075 743; x_wconf 82' lang='lat' dir='ltr'><strong>novas</strong></span> <span class='ocrx_word' id='word_1_59' title='bbox 1117 691 1352 744; x_wconf 80' lang='lat' dir='ltr'><strong>moliente</strong></span> <span class='ocrx_word' id='word_1_60' title='bbox 1399 692 1467 745; x_wconf 92' lang='lat' dir='ltr'><strong>L.</strong></span> <span class='ocrx_word' id='word_1_61' title='bbox 1509 693 1718 747; x_wconf 79' lang='lat' dir='ltr'><strong>Pisone.</strong></span> <span class='ocrx_word' id='word_1_62' title='bbox 1795 693 1849 747; x_wconf 90' lang='lat' dir='ltr'><strong>Is</strong></span> <span class='ocrx_word' id='word_1_63' title='bbox 1895 712 2127 766; x_wconf 78' lang='lat' dir='ltr'><strong>praeerat</strong></span> 
     </span>
     <span class='ocr_line' id='line_1_9' title="bbox 224 763 2138 837; baseline 0.001 -19"><span class='ocrx_word' id='word_1_64' title='bbox 224 782 226 784; x_wconf 75' lang='grc'>’</span> <span class='ocrx_word' id='word_1_65' title='bbox 310 764 630 836; x_wconf 79' lang='lat' dir='ltr'><strong>provinciae,</strong></span> <span class='ocrx_word' id='word_1_66' title='bbox 657 781 999 834; x_wconf 83' lang='lat' dir='ltr'><strong>nequaquam</strong></span> <span class='ocrx_word' id='word_1_67' title='bbox 1047 763 1296 816; x_wconf 87' lang='lat' dir='ltr'><strong>turbidus</strong></span> <span class='ocrx_word' id='word_1_68' title='bbox 1336 764 1590 835; x_wconf 82' lang='lat' dir='ltr'><strong>ingenio:</strong></span> <span class='ocrx_word' id='word_1_69' title='bbox 1642 767 1753 830; x_wconf 89' lang='lat' dir='ltr'><strong>sed,</strong></span> <span class='ocrx_word' id='word_1_70' title='bbox 1796 767 1925 837; x_wconf 87' lang='lat' dir='ltr'><strong>quia</strong></span> <span class='ocrx_word' id='word_1_71' title='bbox 1964 786 2138 830; x_wconf 69' lang='lat' dir='ltr'><strong>naves-</strong></span> 
     </span>
     <span class='ocr_line' id='line_1_10' title="bbox 268 835 2130 907; baseline 0.003 -18"><span class='ocrx_word' id='word_1_72' title='bbox 268 874 270 876; x_wconf 95' lang='grc'>-</span> <span class='ocrx_word' id='word_1_73' title='bbox 308 836 522 890; x_wconf 84' lang='lat' dir='ltr'><strong>saevitia</strong></span> <span class='ocrx_word' id='word_1_74' title='bbox 547 835 741 887; x_wconf 84' lang='lat' dir='ltr'><strong>hiemis</strong></span> <span class='ocrx_word' id='word_1_75' title='bbox 773 835 1217 906; x_wconf 83' lang='lat' dir='ltr'><strong>prohibebantur,</strong></span> <span class='ocrx_word' id='word_1_76' title='bbox 1243 835 1454 907; x_wconf 78' lang='lat' dir='ltr'><strong>vulguS,</strong></span> <span class='ocrx_word' id='word_1_77' title='bbox 1483 837 1738 891; x_wconf 84' lang='lat' dir='ltr'><strong>alimenta</strong></span> <span class='ocrx_word' id='word_1_78' title='bbox 1765 837 1822 891; x_wconf 87' lang='lat' dir='ltr'><strong>in</strong></span> <span class='ocrx_word' id='word_1_79' title='bbox 1847 840 1960 891; x_wconf 85' lang='lat' dir='ltr'><strong>dies</strong></span> <span class='ocrx_word' id='word_1_80' title='bbox 1989 858 2130 894; x_wconf 87' lang='lat' dir='ltr'><strong>mer-</strong></span> 
     </span>
     <span class='ocr_line' id='line_1_11' title="bbox 307 907 2128 978; baseline 0.002 -17"><span class='ocrx_word' id='word_1_81' title='bbox 307 909 419 962; x_wconf 88' lang='lat' dir='ltr'><strong>cari</strong></span> <span class='ocrx_word' id='word_1_82' title='bbox 448 907 687 972; x_wconf 86' lang='lat' dir='ltr'><strong>solitum,</strong></span> <span class='ocrx_word' id='word_1_83' title='bbox 716 907 804 960; x_wconf 87' lang='lat' dir='ltr'><strong>eui</strong></span> <span class='ocrx_word' id='word_1_84' title='bbox 834 926 940 959; x_wconf 89' lang='lat' dir='ltr'><strong>una</strong></span> <span class='ocrx_word' id='word_1_85' title='bbox 965 926 1034 960; x_wconf 85' lang='lat' dir='ltr'><strong>ex</strong></span> <span class='ocrx_word' id='word_1_86' title='bbox 1081 907 1390 978; x_wconf 84' lang='lat' dir='ltr'><strong>Republica</strong></span> <span class='ocrx_word' id='word_1_87' title='bbox 1429 929 1662 964; x_wconf 84' lang='lat' dir='ltr'><strong>annonae</strong></span> <span class='ocrx_word' id='word_1_88' title='bbox 1705 925 1853 976; x_wconf 77' lang='lat' dir='ltr'><strong>cura,</strong></span> <span class='ocrx_word' id='word_1_89' title='bbox 1885 912 2128 966; x_wconf 86' lang='lat' dir='ltr'><strong>clausum</strong></span> 
     </span>
     <span class='ocr_line' id='line_1_12' title="bbox 306 980 2126 1055; baseline 0.003 -22"><span class='ocrx_word' id='word_1_90' title='bbox 306 980 455 1046; x_wconf 83' lang='lat' dir='ltr'><strong>litus,</strong></span> <span class='ocrx_word' id='word_1_91' title='bbox 483 981 698 1032; x_wconf 86' lang='lat' dir='ltr'><strong>retineri</strong></span> <span class='ocrx_word' id='word_1_92' title='bbox 723 992 1078 1044; x_wconf 79' lang='lat' dir='ltr'><strong>commeatuS,</strong></span> <span class='ocrx_word' id='word_1_93' title='bbox 1108 980 1238 1032; x_wconf 87' lang='lat' dir='ltr'><strong>dum</strong></span> <span class='ocrx_word' id='word_1_94' title='bbox 1270 981 1443 1046; x_wconf 88' lang='lat' dir='ltr'><strong>timet,</strong></span> <span class='ocrx_word' id='word_1_95' title='bbox 1471 983 1764 1049; x_wconf 82' lang='lat' dir='ltr'><strong>credebat;</strong></span> <span class='ocrx_word' id='word_1_96' title='bbox 1798 986 2126 1055; x_wconf 85' lang='lat' dir='ltr'><strong>augentibus</strong></span> 
     </span>
     <span class='ocr_line' id='line_1_13' title="bbox 307 1051 2128 1126; baseline 0.003 -21"><span class='ocrx_word' id='word_1_97' title='bbox 307 1053 510 1105; x_wconf 85' lang='lat' dir='ltr'><strong>famam</strong></span> <span class='ocrx_word' id='word_1_98' title='bbox 535 1051 860 1117; x_wconf 80' lang='lat' dir='ltr'><strong>Vitellianis,</strong></span> <span class='ocrx_word' id='word_1_99' title='bbox 883 1053 973 1122; x_wconf 89' lang='lat' dir='ltr'><strong>qui</strong></span> <span class='ocrx_word' id='word_1_100' title='bbox 1005 1051 1245 1104; x_wconf 86' lang='lat' dir='ltr'><strong>studium</strong></span> <span class='ocrx_word' id='word_1_101' title='bbox 1272 1054 1507 1123; x_wconf 85' lang='lat' dir='ltr'><strong>partium</strong></span> <span class='ocrx_word' id='word_1_102' title='bbox 1536 1055 1776 1117; x_wconf 73' lang='lat' dir='ltr'><strong>nondum</strong></span> <span class='ocrx_word' id='word_1_103' title='bbox 1804 1068 2128 1126; x_wconf 51' lang='lat' dir='ltr'><strong>posuer-ann</strong></span> 
     </span>
     <span class='ocr_line' id='line_1_14' title="bbox 310 1124 2128 1200; baseline 0.002 -22"><span class='ocrx_word' id='word_1_104' title='bbox 310 1143 378 1178; x_wconf 91' lang='lat' dir='ltr'><strong>ne</strong></span> <span class='ocrx_word' id='word_1_105' title='bbox 408 1125 706 1178; x_wconf 87' lang='lat' dir='ltr'><strong>victoribus</strong></span> <span class='ocrx_word' id='word_1_106' title='bbox 733 1124 954 1195; x_wconf 84' lang='lat' dir='ltr'><strong>quidem</strong></span> <span class='ocrx_word' id='word_1_107' title='bbox 997 1125 1212 1196; x_wconf 79' lang='lat' dir='ltr'><strong>ingrato</strong></span> <span class='ocrx_word' id='word_1_108' title='bbox 1243 1143 1476 1190; x_wconf 86' lang='lat' dir='ltr'><strong>rumore,</strong></span> <span class='ocrx_word' id='word_1_109' title='bbox 1503 1143 1735 1196; x_wconf 86' lang='lat' dir='ltr'><strong>quorum</strong></span> <span class='ocrx_word' id='word_1_110' title='bbox 1776 1127 2128 1200; x_wconf 59' lang='lat' dir='ltr'><strong>cupiditiam,</strong></span> 
     </span>
     <span class='ocr_line' id='line_1_15' title="bbox 309 1196 2129 1270; baseline 0.002 -20"><span class='ocrx_word' id='word_1_111' title='bbox 309 1197 549 1251; x_wconf 85' lang='lat' dir='ltr'><strong>externis</strong></span> <span class='ocrx_word' id='word_1_112' title='bbox 570 1215 786 1267; x_wconf 89' lang='lat' dir='ltr'><strong>quoque</strong></span> <span class='ocrx_word' id='word_1_113' title='bbox 816 1197 967 1249; x_wconf 88' lang='lat' dir='ltr'><strong>bellis</strong></span> <span class='ocrx_word' id='word_1_114' title='bbox 997 1196 1372 1268; x_wconf 82' lang='lat' dir='ltr'><strong>inexplebileS,</strong></span> <span class='ocrx_word' id='word_1_115' title='bbox 1395 1198 1539 1252; x_wconf 85' lang='lat' dir='ltr'><strong>nulla</strong></span> <span class='ocrx_word' id='word_1_116' title='bbox 1565 1207 1822 1270; x_wconf 84' lang='lat' dir='ltr'><strong>umquam</strong></span> <span class='ocrx_word' id='word_1_117' title='bbox 1847 1199 2023 1255; x_wconf 84' lang='lat' dir='ltr'><strong>civilis</strong></span> <span class='ocrx_word' id='word_1_118' title='bbox 2049 1201 2129 1253; x_wconf 91' lang='lat' dir='ltr'><strong>vi-</strong></span> 
     </span>
     <span class='ocr_line' id='line_1_16' title="bbox 223 1269 2129 1341; baseline 0.001 -17"><span class='ocrx_word' id='word_1_119' title='bbox 223 1281 295 1334; x_wconf 80' lang='grc'><strong>39</strong></span> <span class='ocrx_word' id='word_1_120' title='bbox 312 1270 485 1324; x_wconf 87' lang='lat' dir='ltr'><strong>ctoria</strong></span> <span class='ocrx_word' id='word_1_121' title='bbox 509 1271 746 1322; x_wconf 84' lang='lat' dir='ltr'><strong>satiavit.</strong></span> <span class='ocrx_word' id='word_1_122' title='bbox 790 1269 912 1322; x_wconf 88' lang='lat' dir='ltr'><strong>Kal.</strong></span> <span class='ocrx_word' id='word_1_123' title='bbox 932 1269 966 1323; x_wconf 89' lang='lat' dir='ltr'>J</span> <span class='ocrx_word' id='word_1_124' title='bbox 973 1270 1207 1322; x_wconf 87' lang='lat' dir='ltr'><strong>anuariis</strong></span> <span class='ocrx_word' id='word_1_125' title='bbox 1236 1269 1288 1321; x_wconf 87' lang='lat' dir='ltr'><strong>in</strong></span> <span class='ocrx_word' id='word_1_126' title='bbox 1315 1270 1539 1336; x_wconf 85' lang='lat' dir='ltr'><strong>Senatu,</strong></span> <span class='ocrx_word' id='word_1_127' title='bbox 1565 1289 1727 1341; x_wconf 86' lang='lat' dir='ltr'><strong>quem</strong></span> <span class='ocrx_word' id='word_1_128' title='bbox 1753 1269 1934 1326; x_wconf 87' lang='lat' dir='ltr'><strong>Julius</strong></span> <span class='ocrx_word' id='word_1_129' title='bbox 1957 1272 2129 1326; x_wconf 87' lang='lat' dir='ltr'><strong>Fron-</strong></span> 
     </span>
     <span class='ocr_line' id='line_1_17' title="bbox 312 1342 2128 1416; baseline 0.002 -21"><span class='ocrx_word' id='word_1_130' title='bbox 312 1343 478 1406; x_wconf 87' lang='lat' dir='ltr'><strong>tinus,</strong></span> <span class='ocrx_word' id='word_1_131' title='bbox 521 1342 734 1395; x_wconf 83' lang='lat' dir='ltr'><strong>Praetor</strong></span> <span class='ocrx_word' id='word_1_132' title='bbox 773 1342 1030 1406; x_wconf 79' lang='lat' dir='ltr'><strong>urbanuS,</strong></span> <span class='ocrx_word' id='word_1_133' title='bbox 1071 1355 1378 1408; x_wconf 87' lang='lat' dir='ltr'><strong>vocaverat,</strong></span> <span class='ocrx_word' id='word_1_134' title='bbox 1422 1343 1642 1414; x_wconf 87' lang='lat' dir='ltr'><strong>Legatis</strong></span> <span class='ocrx_word' id='word_1_135' title='bbox 1684 1343 2128 1416; x_wconf 82' lang='lat' dir='ltr'><strong>exercitibusque</strong></span> 
     </span>
     <span class='ocr_line' id='line_1_18' title="bbox 309 1412 2126 1484; baseline 0.001 -16"><span class='ocrx_word' id='word_1_136' title='bbox 309 1435 374 1468; x_wconf 81' lang='lat' dir='ltr'><strong>ae</strong></span> <span class='ocrx_word' id='word_1_137' title='bbox 418 1415 686 1484; x_wconf 72' lang='lat' dir='ltr'><strong>Regibu3‚</strong></span> <span class='ocrx_word' id='word_1_138' title='bbox 741 1412 912 1465; x_wconf 76' lang='lat' dir='ltr'><strong>landes</strong></span> <span class='ocrx_word' id='word_1_139' title='bbox 950 1420 1219 1483; x_wconf 82' lang='lat' dir='ltr'><strong>gratesque</strong></span> <span class='ocrx_word' id='word_1_140' title='bbox 1269 1414 1533 1468; x_wconf 81' lang='lat' dir='ltr'><strong>deeretae:</strong></span> <span class='ocrx_word' id='word_1_141' title='bbox 1587 1427 1643 1468; x_wconf 91' lang='lat' dir='ltr'><strong>et</strong></span> <span class='ocrx_word' id='word_1_142' title='bbox 1681 1414 1870 1468; x_wconf 85' lang='lat' dir='ltr'><strong>Tertio</strong></span> <span class='ocrx_word' id='word_1_143' title='bbox 1902 1415 2126 1470; x_wconf 79' lang='lat' dir='ltr'><strong>Juliano</strong></span> 
     </span>
     <span class='ocr_line' id='line_1_19' title="bbox 309 1484 2130 1561; baseline 0.001 -19"><span class='ocrx_word' id='word_1_144' title='bbox 309 1487 577 1551; x_wconf 83' lang='lat' dir='ltr'><strong>Praetura,</strong></span> <span class='ocrx_word' id='word_1_145' title='bbox 602 1494 865 1557; x_wconf 78' lang='lat' dir='ltr'><strong>tamquam</strong></span> <span class='ocrx_word' id='word_1_146' title='bbox 891 1484 1342 1557; x_wconf 79' lang='lat' dir='ltr'><strong>transgredientem</strong></span> <span class='ocrx_word' id='word_1_147' title='bbox 1367 1487 1421 1539; x_wconf 80' lang='lat' dir='ltr'><strong>in</strong></span> <span class='ocrx_word' id='word_1_148' title='bbox 1439 1496 1614 1558; x_wconf 76' lang='lat' dir='ltr'><strong>partes</strong></span> <span class='ocrx_word' id='word_1_149' title='bbox 1645 1484 1942 1558; x_wconf 80' lang='lat' dir='ltr'><strong>Vespasiani</strong></span> <span class='ocrx_word' id='word_1_150' title='bbox 1970 1487 2130 1561; x_wconf 77' lang='lat' dir='ltr'><strong>legio-</strong></span> 
     </span>
     <span class='ocr_line' id='line_1_20' title="bbox 305 1557 2128 1623; baseline 0.002 -12"><span class='ocrx_word' id='word_1_151' title='bbox 305 1579 419 1612; x_wconf 82' lang='lat' dir='ltr'><strong>nem</strong></span> <span class='ocrx_word' id='word_1_152' title='bbox 455 1558 759 1623; x_wconf 79' lang='lat' dir='ltr'><strong>deseruisset,</strong></span> <span class='ocrx_word' id='word_1_153' title='bbox 799 1557 996 1622; x_wconf 87' lang='lat' dir='ltr'><strong>ablata,</strong></span> <span class='ocrx_word' id='word_1_154' title='bbox 1027 1571 1085 1610; x_wconf 90' lang='lat' dir='ltr'><strong>ut</strong></span> <span class='ocrx_word' id='word_1_155' title='bbox 1124 1557 1182 1610; x_wconf 90' lang='lat' dir='ltr'><strong>in</strong></span> <span class='ocrx_word' id='word_1_156' title='bbox 1213 1557 1455 1612; x_wconf 89' lang='lat' dir='ltr'><strong>Plotium</strong></span> <span class='ocrx_word' id='word_1_157' title='bbox 1497 1559 1596 1613; x_wconf 90' lang='lat' dir='ltr'><strong>Gri</strong></span> <span class='ocrx_word' id='word_1_158' title='bbox 1639 1559 1769 1613; x_wconf 90' lang='lat' dir='ltr'><strong>hum</strong></span> <span class='ocrx_word' id='word_1_159' title='bbox 1814 1561 2128 1615; x_wconf 85' lang='lat' dir='ltr'><strong>transferre-</strong></span> 
     </span>
     <span class='ocr_line' id='line_1_21' title="bbox 310 1629 2129 1704; baseline 0.002 -22"><span class='ocrx_word' id='word_1_160' title='bbox 310 1645 414 1685; x_wconf 88' lang='lat' dir='ltr'><strong>tur.</strong></span> <span class='ocrx_word' id='word_1_161' title='bbox 492 1631 707 1684; x_wconf 87' lang='lat' dir='ltr'><strong>Hormo</strong></span> <span class='ocrx_word' id='word_1_162' title='bbox 749 1631 989 1701; x_wconf 82' lang='lat' dir='ltr'><strong>dignitas</strong></span> <span class='ocrx_word' id='word_1_163' title='bbox 1033 1629 1312 1702; x_wconf 89' lang='lat' dir='ltr'><strong>Equestris</strong></span> <span class='ocrx_word' id='word_1_164' title='bbox 1356 1631 1499 1684; x_wconf 84' lang='lat' dir='ltr'><strong>data.</strong></span> <span class='ocrx_word' id='word_1_165' title='bbox 1629 1644 1648 1684; x_wconf 93' lang='lat' dir='ltr'><strong>t</strong></span> <span class='ocrx_word' id='word_1_166' title='bbox 1690 1650 1841 1698; x_wconf 83' lang='lat' dir='ltr'><strong>mox,</strong></span> <span class='ocrx_word' id='word_1_167' title='bbox 1878 1633 2129 1704; x_wconf 87' lang='lat' dir='ltr'><strong>ejurante</strong></span> 
     </span>
     <span class='ocr_line' id='line_1_22' title="bbox 309 1702 2128 1776; baseline 0.001 -20"><span class='ocrx_word' id='word_1_168' title='bbox 309 1704 596 1769; x_wconf 87' lang='lat' dir='ltr'><strong>Frontino,</strong></span> <span class='ocrx_word' id='word_1_169' title='bbox 646 1703 832 1755; x_wconf 84' lang='lat' dir='ltr'><strong>Caesar</strong></span> <span class='ocrx_word' id='word_1_170' title='bbox 877 1702 1228 1755; x_wconf 87' lang='lat' dir='ltr'><strong>Domitianus</strong></span> <span class='ocrx_word' id='word_1_171' title='bbox 1268 1702 1571 1757; x_wconf 87' lang='lat' dir='ltr'><strong>Praeturam</strong></span> <span class='ocrx_word' id='word_1_172' title='bbox 1619 1704 1786 1776; x_wconf 89' lang='lat' dir='ltr'><strong>cepit.</strong></span> <span class='ocrx_word' id='word_1_173' title='bbox 1850 1703 1984 1776; x_wconf 89' lang='lat' dir='ltr'><strong>Ejus</strong></span> <span class='ocrx_word' id='word_1_174' title='bbox 2028 1723 2128 1758; x_wconf 91' lang='lat' dir='ltr'><strong>no-</strong></span> 
     </span>
     <span class='ocr_line' id='line_1_23' title="bbox 305 1774 2130 1850; baseline 0.004 -22"><span class='ocrx_word' id='word_1_175' title='bbox 305 1794 433 1829; x_wconf 86' lang='lat' dir='ltr'><strong>men</strong></span> <span class='ocrx_word' id='word_1_176' title='bbox 487 1775 732 1847; x_wconf 87' lang='lat' dir='ltr'><strong>epistolis</strong></span> <span class='ocrx_word' id='word_1_177' title='bbox 798 1774 1100 1846; x_wconf 88' lang='lat' dir='ltr'><strong>edictisque</strong></span> <span class='ocrx_word' id='word_1_178' title='bbox 1153 1777 1594 1847; x_wconf 67' lang='lat' dir='ltr'><strong>praeponebatur,</strong></span> <span class='ocrx_word' id='word_1_179' title='bbox 1641 1777 1723 1831; x_wconf 86' lang='lat' dir='ltr'><strong>vis</strong></span> <span class='ocrx_word' id='word_1_180' title='bbox 1777 1795 1941 1850; x_wconf 89' lang='lat' dir='ltr'><strong>penes</strong></span> <span class='ocrx_word' id='word_1_181' title='bbox 1994 1775 2130 1835; x_wconf 55' lang='lat' dir='ltr'><strong>Mu—</strong></span> 
     </span>
     <span class='ocr_line' id='line_1_24' title="bbox 305 1847 2129 1922; baseline 0.001 -21"><span class='ocrx_word' id='word_1_182' title='bbox 305 1850 526 1901; x_wconf 87' lang='lat' dir='ltr'><strong>cianum</strong></span> <span class='ocrx_word' id='word_1_183' title='bbox 563 1861 710 1901; x_wconf 88' lang='lat' dir='ltr'><strong>erat:</strong></span> <span class='ocrx_word' id='word_1_184' title='bbox 765 1847 869 1900; x_wconf 89' lang='lat' dir='ltr'><strong>nisi</strong></span> <span class='ocrx_word' id='word_1_185' title='bbox 912 1848 1059 1918; x_wconf 90' lang='lat' dir='ltr'><strong>quod</strong></span> <span class='ocrx_word' id='word_1_186' title='bbox 1101 1847 1356 1919; x_wconf 87' lang='lat' dir='ltr'><strong>pleraque</strong></span> <span class='ocrx_word' id='word_1_187' title='bbox 1403 1848 1776 1916; x_wconf 78' lang='lat' dir='ltr'><strong>DomitianuS,</strong></span> <span class='ocrx_word' id='word_1_188' title='bbox 1814 1847 2129 1922; x_wconf 83' lang='lat' dir='ltr'><strong>instiganti-</strong></span> 
     </span>
     <span class='ocr_line' id='line_1_25' title="bbox 305 1920 2128 1994; baseline 0.001 -21"><span class='ocrx_word' id='word_1_189' title='bbox 305 1923 409 1973; x_wconf 91' lang='lat' dir='ltr'><strong>bus</strong></span> <span class='ocrx_word' id='word_1_190' title='bbox 462 1920 672 1984; x_wconf 84' lang='lat' dir='ltr'><strong>amiciS,</strong></span> <span class='ocrx_word' id='word_1_191' title='bbox 717 1932 811 1973; x_wconf 87' lang='lat' dir='ltr'><strong>aut</strong></span> <span class='ocrx_word' id='word_1_192' title='bbox 871 1920 1089 1991; x_wconf 85' lang='lat' dir='ltr'><strong>propria</strong></span> <span class='ocrx_word' id='word_1_193' title='bbox 1135 1920 1381 1985; x_wconf 90' lang='lat' dir='ltr'><strong>libidine,</strong></span> <span class='ocrx_word' id='word_1_194' title='bbox 1426 1921 1682 1975; x_wconf 82' lang='lat' dir='ltr'><strong>audebat.</strong></span> <span class='ocrx_word' id='word_1_195' title='bbox 1774 1921 1883 1975; x_wconf 91' lang='lat' dir='ltr'><strong>Sed</strong></span> <span class='ocrx_word' id='word_1_196' title='bbox 1933 1922 2128 1994; x_wconf 83' lang='lat' dir='ltr'><strong>praeci-</strong></span> 
     </span>
    </p>
   </div>
   <div class='ocr_carea' id='block_1_2' title="bbox 304 1991 2125 2066">
    <p class='ocr_par' dir='ltr' id='par_1_2' title="bbox 304 1991 2125 2066">
     <span class='ocr_line' id='line_1_26' title="bbox 304 1991 2125 2066; baseline 0.001 -19"><span class='ocrx_word' id='word_1_197' title='bbox 304 2011 446 2066; x_wconf 88' lang='lat' dir='ltr'><strong>puus</strong></span> <span class='ocrx_word' id='word_1_198' title='bbox 493 1992 759 2046; x_wconf 87' lang='lat' dir='ltr'><strong>Muciano</strong></span> <span class='ocrx_word' id='word_1_199' title='bbox 813 2003 991 2046; x_wconf 87' lang='lat' dir='ltr'><strong>metus</strong></span> <span class='ocrx_word' id='word_1_200' title='bbox 1032 2011 1062 2046; x_wconf 92' lang='lat' dir='ltr'><strong>e</strong></span> <span class='ocrx_word' id='word_1_201' title='bbox 1108 1991 1295 2046; x_wconf 88' lang='lat' dir='ltr'><strong>Primo</strong></span> <span class='ocrx_word' id='word_1_202' title='bbox 1331 1991 1579 2049; x_wconf 88' lang='lat' dir='ltr'><strong>Antonio</strong></span> <span class='ocrx_word' id='word_1_203' title='bbox 1625 1993 1881 2066; x_wconf 82' lang='lat' dir='ltr'><strong>Varoque</strong></span> <span class='ocrx_word' id='word_1_204' title='bbox 1932 1994 2125 2049; x_wconf 88' lang='lat' dir='ltr'><strong>Arrio:</strong></span> 
     </span>
    </p>
   </div>
   <div class='ocr_carea' id='block_1_3' title="bbox 301 2173 1190 2278">
    <p class='ocr_par' dir='ltr' id='par_1_3' title="bbox 301 2173 1190 2278">
     <span class='ocr_line' id='line_1_27' title="bbox 359 2173 1189 2224; baseline 0 -13"><span class='ocrx_word' id='word_1_205' title='bbox 359 2175 404 2211; x_wconf 86' lang='lat' dir='ltr'><strong>Is</strong></span> <span class='ocrx_word' id='word_1_206' title='bbox 428 2180 599 2224; x_wconf 82' lang='lat' dir='ltr'><strong>proeerat</strong></span> <span class='ocrx_word' id='word_1_207' title='bbox 626 2173 855 2224; x_wconf 77' lang='lat' dir='ltr'><strong>provinciae]</strong></span> <span class='ocrx_word' id='word_1_208' title='bbox 898 2175 1077 2212; x_wconf 83' lang='lat' dir='ltr'><strong>Proeerat</strong></span> <span class='ocrx_word' id='word_1_209' title='bbox 1109 2185 1189 2211; x_wconf 88' lang='lat' dir='ltr'><strong>non</strong></span> 
     </span>
     <span class='ocr_line' id='line_1_28' title="bbox 301 2228 1190 2278; baseline 0.001 -14"><span class='ocrx_word' id='word_1_210' title='bbox 301 2233 364 2266; x_wconf 83' lang='lat' dir='ltr'><strong>est</strong></span> <span class='ocrx_word' id='word_1_211' title='bbox 384 2230 424 2265; x_wconf 88' lang='lat' dir='ltr'><strong>in</strong></span> <span class='ocrx_word' id='word_1_212' title='bbox 451 2228 556 2266; x_wconf 81' lang='lat' dir='ltr'><strong>Flor.</strong></span> <span class='ocrx_word' id='word_1_213' title='bbox 573 2229 677 2266; x_wconf 88' lang='lat' dir='ltr'><strong>Bud.</strong></span> <span class='ocrx_word' id='word_1_214' title='bbox 699 2229 759 2265; x_wconf 89' lang='lat' dir='ltr'><strong>ed.</strong></span> <span class='ocrx_word' id='word_1_215' title='bbox 780 2241 841 2277; x_wconf 78' lang='lat' dir='ltr'><strong>pr.</strong></span> <span class='ocrx_word' id='word_1_216' title='bbox 858 2229 1083 2278; x_wconf 82' lang='lat' dir='ltr'><strong>frustraque</strong></span> <span class='ocrx_word' id='word_1_217' title='bbox 1101 2232 1190 2265; x_wconf 82' lang='lat' dir='ltr'><strong>ten-</strong></span> 
     </span>
    </p>
   </div>
   <div class='ocr_carea' id='block_1_4' title="bbox 1244 2173 2129 2280">
    <p class='ocr_par' dir='ltr' id='par_1_4' title="bbox 1244 2173 2129 2280">
     <span class='ocr_line' id='line_1_29' title="bbox 1245 2173 2128 2225; baseline -0.001 -12"><span class='ocrx_word' id='word_1_218' title='bbox 1245 2174 1359 2225; x_wconf 80' lang='lat' dir='ltr'><strong>quod.</strong></span> <span class='ocrx_word' id='word_1_219' title='bbox 1406 2173 1506 2216; x_wconf 80' lang='lat' dir='ltr'><strong>iilud</strong></span> <span class='ocrx_word' id='word_1_220' title='bbox 1549 2185 1701 2213; x_wconf 80' lang='lat' dir='ltr'><strong>verum.</strong></span> <span class='ocrx_word' id='word_1_221' title='bbox 1780 2174 1993 2213; x_wconf 73' lang='lat' dir='ltr'><strong>Praeoextui</strong></span> <span class='ocrx_word' id='word_1_222' title='bbox 2035 2173 2128 2212; x_wconf 86' lang='lat' dir='ltr'><strong>ficto</strong></span> 
     </span>
     <span class='ocr_line' id='line_1_30' title="bbox 1244 2227 2129 2280; baseline -0.001 -13"><span class='ocrx_word' id='word_1_223' title='bbox 1244 2229 1380 2278; x_wconf 83' lang='lat' dir='ltr'><strong>aptius</strong></span> <span class='ocrx_word' id='word_1_224' title='bbox 1412 2234 1485 2268; x_wconf 84' lang='lat' dir='ltr'><strong>est.</strong></span> <span class='ocrx_word' id='word_1_225' title='bbox 1531 2231 1641 2268; x_wconf 70' lang='lat' dir='ltr'><strong>ERN.</strong></span> <span class='ocrx_word' id='word_1_226' title='bbox 1680 2227 1786 2268; x_wconf 87' lang='lat' dir='ltr'><strong>Bud.</strong></span> <span class='ocrx_word' id='word_1_227' title='bbox 1820 2241 1892 2267; x_wconf 87' lang='lat' dir='ltr'><strong>nec</strong></span> <span class='ocrx_word' id='word_1_228' title='bbox 1919 2229 2024 2280; x_wconf 79' lang='lat' dir='ltr'><strong>quod</strong></span> <span class='ocrx_word' id='word_1_229' title='bbox 2056 2240 2129 2266; x_wconf 85' lang='lat' dir='ltr'><strong>nec</strong></span> 
     </span>
    </p>
   </div>
   <div class='ocr_carea' id='block_1_5' title="bbox 299 2282 1192 3262">
    <p class='ocr_par' dir='ltr' id='par_1_5' title="bbox 299 2282 1190 2760">
     <span class='ocr_line' id='line_1_31' title="bbox 299 2282 1190 2331; baseline 0 -11"><span class='ocrx_word' id='word_1_230' title='bbox 299 2286 365 2320; x_wconf 79' lang='lat' dir='ltr'><strong>tat</strong></span> <span class='ocrx_word' id='word_1_231' title='bbox 383 2282 577 2331; x_wconf 85' lang='lat' dir='ltr'><strong>explicare</strong></span> <span class='ocrx_word' id='word_1_232' title='bbox 596 2284 812 2320; x_wconf 80' lang='lat' dir='ltr'><strong>Rhenanus</strong></span> <span class='ocrx_word' id='word_1_233' title='bbox 840 2284 920 2320; x_wconf 85' lang='lat' dir='ltr'><strong>ita:</strong></span> <span class='ocrx_word' id='word_1_234' title='bbox 951 2284 1031 2320; x_wconf 76' lang='lat' dir='ltr'><strong>n&#39;on</strong></span> <span class='ocrx_word' id='word_1_235' title='bbox 1060 2282 1190 2320; x_wconf 89' lang='lat' dir='ltr'><strong>turbi-</strong></span> 
     </span>
     <span class='ocr_line' id='line_1_32' title="bbox 299 2338 1190 2387; baseline 0.001 -13"><span class='ocrx_word' id='word_1_236' title='bbox 299 2338 375 2375; x_wconf 84' lang='lat' dir='ltr'><strong>dus</strong></span> <span class='ocrx_word' id='word_1_237' title='bbox 395 2338 617 2387; x_wconf 74' lang='lat' dir='ltr'><strong>provinciae,</strong></span> <span class='ocrx_word' id='word_1_238' title='bbox 637 2342 782 2375; x_wconf 82' lang='lat' dir='ltr'><strong>natura</strong></span> <span class='ocrx_word' id='word_1_239' title='bbox 810 2338 960 2387; x_wconf 84' lang='lat' dir='ltr'><strong>ingenii</strong></span> <span class='ocrx_word' id='word_1_240' title='bbox 988 2338 1063 2376; x_wconf 88' lang='lat' dir='ltr'><strong>sui.</strong></span> <span class='ocrx_word' id='word_1_241' title='bbox 1111 2338 1190 2375; x_wconf 87' lang='lat' dir='ltr'><strong>Im·</strong></span> 
     </span>
     <span class='ocr_line' id='line_1_33' title="bbox 299 2391 1188 2443; baseline 0 -14"><span class='ocrx_word' id='word_1_242' title='bbox 299 2402 366 2430; x_wconf 85' lang='lat' dir='ltr'><strong>mo</strong></span> <span class='ocrx_word' id='word_1_243' title='bbox 385 2392 531 2429; x_wconf 85' lang='lat' dir='ltr'><strong>excidit</strong></span> <span class='ocrx_word' id='word_1_244' title='bbox 548 2405 637 2439; x_wconf 78' lang='lat' dir='ltr'><strong>vox,</strong></span> <span class='ocrx_word' id='word_1_245' title='bbox 658 2397 702 2430; x_wconf 87' lang='lat' dir='ltr'><strong>ut</strong></span> <span class='ocrx_word' id='word_1_246' title='bbox 719 2393 806 2429; x_wconf 80' lang='lat' dir='ltr'><strong>aiiae</strong></span> <span class='ocrx_word' id='word_1_247' title='bbox 828 2392 924 2429; x_wconf 86' lang='lat' dir='ltr'><strong>alibi</strong></span> <span class='ocrx_word' id='word_1_248' title='bbox 945 2391 1002 2443; x_wconf 84' lang='lat' dir='ltr'><strong>(et</strong></span> <span class='ocrx_word' id='word_1_249' title='bbox 1020 2393 1062 2430; x_wconf 87' lang='lat' dir='ltr'><strong>in</strong></span> <span class='ocrx_word' id='word_1_250' title='bbox 1083 2392 1188 2430; x_wconf 90' lang='lat' dir='ltr'><strong>Bud.</strong></span> 
     </span>
     <span class='ocr_line' id='line_1_34' title="bbox 302 2445 1188 2498; baseline -0.001 -13"><span class='ocrx_word' id='word_1_251' title='bbox 302 2458 384 2485; x_wconf 85' lang='lat' dir='ltr'><strong>non</strong></span> <span class='ocrx_word' id='word_1_252' title='bbox 420 2445 560 2498; x_wconf 84' lang='lat' dir='ltr'><strong>raro.).</strong></span> <span class='ocrx_word' id='word_1_253' title='bbox 616 2447 812 2485; x_wconf 79' lang='lat' dir='ltr'><strong>Turbidus</strong></span> <span class='ocrx_word' id='word_1_254' title='bbox 845 2449 1006 2496; x_wconf 79' lang='lat' dir='ltr'><strong>ingenio</strong></span> <span class='ocrx_word' id='word_1_255' title='bbox 1038 2447 1188 2484; x_wconf 81' lang='lat' dir='ltr'><strong>usitata</strong></span> 
     </span>
     <span class='ocr_line' id='line_1_35' title="bbox 302 2501 1189 2551; baseline -0.002 -11"><span class='ocrx_word' id='word_1_256' title='bbox 302 2501 443 2540; x_wconf 84' lang='lat' dir='ltr'><strong>Tacito</strong></span> <span class='ocrx_word' id='word_1_257' title='bbox 462 2502 630 2551; x_wconf 78' lang='lat' dir='ltr'><strong>phrasis.</strong></span> <span class='ocrx_word' id='word_1_258' title='bbox 665 2503 751 2539; x_wconf 73' lang='lat' dir='ltr'><strong>Jac.</strong></span> <span class='ocrx_word' id='word_1_259' title='bbox 771 2502 994 2539; x_wconf 80' lang='lat' dir='ltr'><strong>Gronovius</strong></span> <span class='ocrx_word' id='word_1_260' title='bbox 1015 2502 1189 2551; x_wconf 85' lang='lat' dir='ltr'><strong>suspica-</strong></span> 
     </span>
     <span class='ocr_line' id='line_1_36' title="bbox 302 2556 1189 2607; baseline 0 -13"><span class='ocrx_word' id='word_1_261' title='bbox 302 2561 373 2594; x_wconf 82' lang='lat' dir='ltr'><strong>tur</strong></span> <span class='ocrx_word' id='word_1_262' title='bbox 390 2556 511 2593; x_wconf 80' lang='lat' dir='ltr'><strong>fuisse</strong></span> <span class='ocrx_word' id='word_1_263' title='bbox 529 2558 564 2594; x_wconf 79' lang='lat' dir='ltr'><strong>is</strong></span> <span class='ocrx_word' id='word_1_264' title='bbox 572 2570 680 2607; x_wconf 82' lang='lat' dir='ltr'><strong>proc.</strong></span> <span class='ocrx_word' id='word_1_265' title='bbox 700 2557 762 2594; x_wconf 85' lang='lat' dir='ltr'><strong>vel</strong></span> <span class='ocrx_word' id='word_1_266' title='bbox 776 2570 861 2606; x_wconf 77' lang='lat' dir='ltr'><strong>pro.</strong></span> <span class='ocrx_word' id='word_1_267' title='bbox 877 2557 1088 2607; x_wconf 69' lang='lat' dir='ltr'><strong>provincia*</strong></span> <span class='ocrx_word' id='word_1_268' title='bbox 1107 2557 1134 2594; x_wconf 91' lang='lat' dir='ltr'><strong>i.</strong></span> <span class='ocrx_word' id='word_1_269' title='bbox 1154 2567 1189 2594; x_wconf 86' lang='lat' dir='ltr'><strong>e.</strong></span> 
     </span>
     <span class='ocr_line' id='line_1_37' title="bbox 303 2610 1187 2660; baseline -0.001 -11"><span class='ocrx_word' id='word_1_270' title='bbox 303 2611 534 2657; x_wconf 68' lang='lat' dir='ltr'><strong>proconsul,</strong></span> <span class='ocrx_word' id='word_1_271' title='bbox 551 2617 672 2660; x_wconf 82' lang='lat' dir='ltr'><strong>atque</strong></span> <span class='ocrx_word' id='word_1_272' title='bbox 689 2612 781 2650; x_wconf 84' lang='lat' dir='ltr'><strong>hinc</strong></span> <span class='ocrx_word' id='word_1_273' title='bbox 799 2612 987 2649; x_wconf 83' lang='lat' dir='ltr'><strong>omissum</strong></span> <span class='ocrx_word' id='word_1_274' title='bbox 1005 2610 1187 2657; x_wconf 84' lang='lat' dir='ltr'><strong>verbum,</strong></span> 
     </span>
     <span class='ocr_line' id='line_1_38' title="bbox 303 2666 1189 2716; baseline -0.002 -12"><span class='ocrx_word' id='word_1_275' title='bbox 303 2678 386 2704; x_wconf 89' lang='lat' dir='ltr'><strong>non</strong></span> <span class='ocrx_word' id='word_1_276' title='bbox 404 2666 644 2715; x_wconf 87' lang='lat' dir='ltr'><strong>adsequente</strong></span> <span class='ocrx_word' id='word_1_277' title='bbox 671 2670 713 2704; x_wconf 86' lang='lat' dir='ltr'><strong>et</strong></span> <span class='ocrx_word' id='word_1_278' title='bbox 742 2668 927 2705; x_wconf 79' lang='lat' dir='ltr'><strong>vitiosum</strong></span> <span class='ocrx_word' id='word_1_279' title='bbox 945 2670 1113 2716; x_wconf 81' lang='lat' dir='ltr'><strong>putante</strong></span> <span class='ocrx_word' id='word_1_280' title='bbox 1140 2666 1189 2703; x_wconf 88' lang='lat' dir='ltr'><strong>li-</strong></span> 
     </span>
     <span class='ocr_line' id='line_1_39' title="bbox 302 2719 851 2760; baseline 0 -2"><span class='ocrx_word' id='word_1_281' title='bbox 302 2719 450 2759; x_wconf 86' lang='lat' dir='ltr'><strong>brario.</strong></span> <span class='ocrx_word' id='word_1_282' title='bbox 477 2722 568 2759; x_wconf 86' lang='lat' dir='ltr'><strong>Non</strong></span> <span class='ocrx_word' id='word_1_283' title='bbox 587 2721 713 2760; x_wconf 89' lang='lat' dir='ltr'><strong>credo.</strong></span> <span class='ocrx_word' id='word_1_284' title='bbox 742 2722 851 2760; x_wconf 77' lang='lat' dir='ltr'><strong>ERN.</strong></span> 
     </span>
    </p>

    <p class='ocr_par' dir='ltr' id='par_1_6' title="bbox 303 2774 1192 3197">
     <span class='ocr_line' id='line_1_40' title="bbox 366 2774 1189 2826; baseline -0.001 -12"><span class='ocrx_word' id='word_1_285' title='bbox 366 2774 457 2814; x_wconf 85' lang='lat' dir='ltr'><strong>Una</strong></span> <span class='ocrx_word' id='word_1_286' title='bbox 474 2787 527 2814; x_wconf 57' lang='lat' dir='ltr'><strong>ea*</strong></span> <span class='ocrx_word' id='word_1_287' title='bbox 542 2777 640 2826; x_wconf 77' lang='lat' dir='ltr'><strong>Rep.</strong></span> <span class='ocrx_word' id='word_1_288' title='bbox 659 2787 822 2814; x_wconf 71' lang='lat' dir='ltr'><strong>annona&gt;</strong></span> <span class='ocrx_word' id='word_1_289' title='bbox 837 2775 951 2826; x_wconf 77' lang='lat' dir='ltr'><strong>cura]</strong></span> <span class='ocrx_word' id='word_1_290' title='bbox 973 2775 1085 2814; x_wconf 83' lang='lat' dir='ltr'><strong>Nihil</strong></span> <span class='ocrx_word' id='word_1_291' title='bbox 1101 2786 1189 2813; x_wconf 88' lang='lat' dir='ltr'><strong>mu-</strong></span> 
     </span>
     <span class='ocr_line' id='line_1_41' title="bbox 303 2829 1190 2880; baseline 0.001 -13"><span class='ocrx_word' id='word_1_292' title='bbox 303 2830 484 2867; x_wconf 81' lang='lat' dir='ltr'><strong>tandum.</strong></span> <span class='ocrx_word' id='word_1_293' title='bbox 521 2829 622 2868; x_wconf 77' lang='lat' dir='ltr'><strong>&#39;sale</strong></span> <span class='ocrx_word' id='word_1_294' title='bbox 639 2830 738 2869; x_wconf 86' lang='lat' dir='ltr'><strong>illud</strong></span> <span class='ocrx_word' id='word_1_295' title='bbox 755 2831 960 2868; x_wconf 67' lang='lat' dir='ltr'><strong>Juvenahs</strong></span> <span class='ocrx_word' id='word_1_296' title='bbox 979 2831 1025 2867; x_wconf 89' lang='lat' dir='ltr'><strong>de</strong></span> <span class='ocrx_word' id='word_1_297' title='bbox 1044 2830 1190 2880; x_wconf 83' lang='lat' dir='ltr'><strong>populo</strong></span> 
     </span>
     <span class='ocr_line' id='line_1_42' title="bbox 304 2885 1192 2932; baseline -0.003 -8"><span class='ocrx_word' id='word_1_298' title='bbox 304 2885 484 2924; x_wconf 82' lang='lat' dir='ltr'><strong>Romano</strong></span> <span class='ocrx_word' id='word_1_299' title='bbox 515 2889 576 2923; x_wconf 84' lang='lat' dir='ltr'><strong>est</strong></span> <span class='ocrx_word' id='word_1_300' title='bbox 610 2892 674 2932; x_wconf 85' lang='lat'><strong>10,</strong></span> <span class='ocrx_word' id='word_1_301' title='bbox 704 2887 924 2923; x_wconf 71' lang='lat' dir='ltr'><strong>80.--duas</strong></span> <span class='ocrx_word' id='word_1_302' title='bbox 949 2891 1103 2923; x_wconf 79' lang='lat' dir='ltr'><strong>tantum</strong></span> <span class='ocrx_word' id='word_1_303' title='bbox 1132 2897 1192 2922; x_wconf 85' lang='lat' dir='ltr'><strong>res</strong></span> 
     </span>
     <span class='ocr_line' id='line_1_43' title="bbox 306 2939 1191 2991; baseline 0 -16"><span class='ocrx_word' id='word_1_304' title='bbox 306 2941 452 2978; x_wconf 73' lang='lat' dir='ltr'><strong>auxius</strong></span> <span class='ocrx_word' id='word_1_305' title='bbox 479 2946 589 2990; x_wconf 82' lang='lat' dir='ltr'><strong>optat</strong></span> <span class='ocrx_word' id='word_1_306' title='bbox 613 2954 756 2991; x_wconf 84' lang='lat' dir='ltr'><strong>panem</strong></span> <span class='ocrx_word' id='word_1_307' title='bbox 772 2946 809 2977; x_wconf 81' lang='lat' dir='ltr'><strong>et</strong></span> <span class='ocrx_word' id='word_1_308' title='bbox 839 2943 1033 2983; x_wconf 72' lang='lat' dir='ltr'><strong>circenses,</strong></span> <span class='ocrx_word' id='word_1_309' title='bbox 1087 2939 1191 2976; x_wconf 82' lang='lat' dir='ltr'><strong>Nam</strong></span> 
     </span>
     <span class='ocr_line' id='line_1_44' title="bbox 304 2994 1189 3044; baseline -0.002 -12"><span class='ocrx_word' id='word_1_310' title='bbox 304 2994 425 3032; x_wconf 79' lang='lat' dir='ltr'><strong>Pana</strong></span> <span class='ocrx_word' id='word_1_311' title='bbox 482 2995 735 3033; x_wconf 86' lang='lat' dir='ltr'><strong>substituunt</strong></span> <span class='ocrx_word' id='word_1_312' title='bbox 756 3035 761 3041; x_wconf 68' lang='grc'><strong>,</strong></span> <span class='ocrx_word' id='word_1_313' title='bbox 793 2995 1009 3044; x_wconf 84' lang='lat' dir='ltr'><strong>leguntque</strong></span> <span class='ocrx_word' id='word_1_314' title='bbox 1071 2994 1189 3031; x_wconf 84' lang='lat' dir='ltr'><strong>male.</strong></span> 
     </span>
     <span class='ocr_line' id='line_1_45' title="bbox 305 3043 1186 3087; baseline -0.002 0"><span class='ocrx_word' id='word_1_315' title='bbox 305 3043 419 3087; x_wconf 77' lang='lat' dir='ltr'><strong>ers.</strong></span> <span class='ocrx_word' id='word_1_316' title='bbox 454 3050 528 3086; x_wconf 85' lang='lat' dir='ltr'><strong>Cui</strong></span> <span class='ocrx_word' id='word_1_317' title='bbox 553 3064 632 3087; x_wconf 77' lang='lat' dir='ltr'><strong>una</strong></span> <span class='ocrx_word' id='word_1_318' title='bbox 663 3049 892 3086; x_wconf 84' lang='lat' dir='ltr'><strong>exciderant</strong></span> <span class='ocrx_word' id='word_1_319' title='bbox 918 3063 940 3086; x_wconf 88' lang='lat' dir='ltr'><strong>e</strong></span> <span class='ocrx_word' id='word_1_320' title='bbox 972 3049 1058 3086; x_wconf 86' lang='lat' dir='ltr'><strong>MS.</strong></span> <span class='ocrx_word' id='word_1_321' title='bbox 1085 3049 1186 3085; x_wconf 87' lang='lat' dir='ltr'><strong>Bud.</strong></span> 
     </span>
     <span class='ocr_line' id='line_1_46' title="bbox 305 3098 1187 3142; baseline 0 -1"><span class='ocrx_word' id='word_1_322' title='bbox 305 3105 453 3141; x_wconf 84' lang='lat' dir='ltr'><strong>iterum</strong></span> <span class='ocrx_word' id='word_1_323' title='bbox 497 3098 684 3142; x_wconf 81' lang='lat' dir='ltr'><strong>tendente</strong></span> <span class='ocrx_word' id='word_1_324' title='bbox 729 3104 934 3142; x_wconf 79' lang='lat' dir='ltr'><strong>defendere</strong></span> <span class='ocrx_word' id='word_1_325' title='bbox 978 3104 1187 3141; x_wconf 78' lang='lat' dir='ltr'><strong>Rhenano.</strong></span> 
     </span>
     <span class='ocr_line' id='line_1_47' title="bbox 304 3157 602 3197; baseline -0.013 0"><span class='ocrx_word' id='word_1_326' title='bbox 304 3159 466 3197; x_wconf 81' lang='lat' dir='ltr'><strong>frustra.</strong></span> <span class='ocrx_word' id='word_1_327' title='bbox 497 3157 602 3196; x_wconf 60' lang='lat' dir='ltr'><strong>ERN.</strong></span> 
     </span>
    </p>

    <p class='ocr_par' dir='ltr' id='par_1_7' title="bbox 361 3211 1188 3262">
     <span class='ocr_line' id='line_1_48' title="bbox 361 3211 1188 3262; baseline 0.002 -15"><span class='ocrx_word' id='word_1_328' title='bbox 361 3211 555 3262; x_wconf 65' lang='lat' dir='ltr'><strong>Regibus]</strong></span> <span class='ocrx_word' id='word_1_329' title='bbox 590 3214 770 3258; x_wconf 70' lang='lat' dir='ltr'><strong>Sollemo,</strong></span> <span class='ocrx_word' id='word_1_330' title='bbox 801 3213 1015 3260; x_wconf 78' lang='lat' dir='ltr'><strong>Antiocho,</strong></span> <span class='ocrx_word' id='word_1_331' title='bbox 1045 3213 1188 3262; x_wconf 86' lang='lat' dir='ltr'><strong>Agrip-</strong></span> 
     </span>
    </p>
   </div>
   <div class='ocr_carea' id='block_1_6' title="bbox 304 3276 1189 3645">
    <p class='ocr_par' dir='ltr' id='par_1_8' title="bbox 335 3279 377 3304">
     <span class='ocr_line' id='line_1_49' title="bbox 335 3279 377 3304; baseline 0 0"><span class='ocrx_word' id='word_1_332' title='bbox 335 3279 377 3304; x_wconf 65' lang='grc' dir='ltr'><strong>τε.</strong></span> 
     </span>
    </p>

    <p class='ocr_par' dir='ltr' id='par_1_9' title="bbox 304 3276 1189 3645">
     <span class='ocr_line' id='line_1_50' title="bbox 305 3276 1188 3370; baseline 0.001 -12"><span class='ocrx_word' id='word_1_333' title='bbox 305 3276 332 3317; x_wconf 72' lang='lat' dir='ltr'>p</span> <span class='ocrx_word' id='word_1_334' title='bbox 365 3321 496 3358; x_wconf 78' lang='lat' dir='ltr'><strong>Tertio</strong></span> <span class='ocrx_word' id='word_1_335' title='bbox 523 3319 708 3370; x_wconf 64' lang='lat' dir='ltr'><strong>Juliano]</strong></span> <span class='ocrx_word' id='word_1_336' title='bbox 765 3322 893 3358; x_wconf 65' lang='lat' dir='ltr'><strong>Te.»rt2·o</strong></span> <span class='ocrx_word' id='word_1_337' title='bbox 930 3321 1014 3358; x_wconf 79' lang='lat' dir='ltr'><strong>MS.</strong></span> <span class='ocrx_word' id='word_1_338' title='bbox 1056 3321 1188 3359; x_wconf 80' lang='lat' dir='ltr'><strong>Guelf.</strong></span> 
     </span>
     <span class='ocr_line' id='line_1_51' title="bbox 305 3375 1189 3423; baseline -0.003 -10"><span class='ocrx_word' id='word_1_339' title='bbox 305 3376 393 3415; x_wconf 84' lang='lat' dir='ltr'><strong>edd.</strong></span> <span class='ocrx_word' id='word_1_340' title='bbox 426 3375 553 3413; x_wconf 80' lang='lat' dir='ltr'><strong>Rhen.</strong></span> <span class='ocrx_word' id='word_1_341' title='bbox 574 3385 655 3422; x_wconf 79' lang='lat' dir='ltr'><strong>sqq.</strong></span> <span class='ocrx_word' id='word_1_342' title='bbox 688 3381 735 3412; x_wconf 91' lang='lat' dir='ltr'><strong>ut</strong></span> <span class='ocrx_word' id='word_1_343' title='bbox 766 3375 870 3412; x_wconf 74' lang='lat' dir='ltr'><strong>infra</strong></span> <span class='ocrx_word' id='word_1_344' title='bbox 901 3387 932 3414; x_wconf 92' lang='lat' dir='ltr'><strong>c.</strong></span> <span class='ocrx_word' id='word_1_345' title='bbox 962 3380 1026 3412; x_wconf 86' lang='lat'><strong>40.</strong></span> <span class='ocrx_word' id='word_1_346' title='bbox 1053 3386 1189 3423; x_wconf 87' lang='lat' dir='ltr'><strong>quam-</strong></span> 
     </span>
     <span class='ocr_line' id='line_1_52' title="bbox 304 3428 1189 3480; baseline -0.001 -13"><span class='ocrx_word' id='word_1_347' title='bbox 304 3441 424 3480; x_wconf 84' lang='lat' dir='ltr'><strong>quam</strong></span> <span class='ocrx_word' id='word_1_348' title='bbox 455 3434 494 3467; x_wconf 83' lang='lat' dir='ltr'><strong>et</strong></span> <span class='ocrx_word' id='word_1_349' title='bbox 521 3428 575 3466; x_wconf 86' lang='lat' dir='ltr'><strong>ibi</strong></span> <span class='ocrx_word' id='word_1_350' title='bbox 601 3429 769 3467; x_wconf 59' lang='lat' dir='ltr'><strong>Ursinus</strong></span> <span class='ocrx_word' id='word_1_351' title='bbox 788 3443 808 3467; x_wconf 80' lang='lat' dir='ltr'><strong>e</strong></span> <span class='ocrx_word' id='word_1_352' title='bbox 839 3431 921 3467; x_wconf 88' lang='lat' dir='ltr'><strong>cod.</strong></span> <span class='ocrx_word' id='word_1_353' title='bbox 953 3434 1027 3465; x_wconf 70' lang='lat' dir='ltr'><strong>vet.</strong></span> <span class='ocrx_word' id='word_1_354' title='bbox 1053 3429 1189 3466; x_wconf 84' lang='lat' dir='ltr'><strong>laudat</strong></span> 
     </span>
     <span class='ocr_line' id='line_1_53' title="bbox 308 3483 1187 3532; baseline -0.002 -9"><span class='ocrx_word' id='word_1_355' title='bbox 308 3487 413 3531; x_wconf 79' lang='lat' dir='ltr'><strong>Tito,</strong></span> <span class='ocrx_word' id='word_1_356' title='bbox 442 3488 483 3522; x_wconf 80' lang='lat' dir='ltr'><strong>et</strong></span> <span class='ocrx_word' id='word_1_357' title='bbox 514 3489 554 3530; x_wconf 75' lang='lat'><strong>2,</strong></span> <span class='ocrx_word' id='word_1_358' title='bbox 587 3486 649 3520; x_wconf 83' lang='grc'><strong>85.</strong></span> <span class='ocrx_word' id='word_1_359' title='bbox 705 3486 779 3523; x_wconf 86' lang='lat' dir='ltr'><strong>Sed</strong></span> <span class='ocrx_word' id='word_1_360' title='bbox 809 3484 908 3522; x_wconf 79' lang='lat' dir='ltr'><strong>MSS</strong></span> <span class='ocrx_word' id='word_1_361' title='bbox 952 3483 1058 3521; x_wconf 81' lang='lat' dir='ltr'><strong>Flor.</strong></span> <span class='ocrx_word' id='word_1_362' title='bbox 1093 3483 1187 3532; x_wconf 81' lang='lat' dir='ltr'><strong>Agr.</strong></span> 
     </span>
     <span class='ocr_line' id='line_1_54' title="bbox 305 3538 1187 3588; baseline -0.003 -10"><span class='ocrx_word' id='word_1_363' title='bbox 305 3540 392 3578; x_wconf 80' lang='lat' dir='ltr'><strong>edd.</strong></span> <span class='ocrx_word' id='word_1_364' title='bbox 423 3544 514 3575; x_wconf 53' lang='lat' dir='ltr'><strong>ants:</strong></span> <span class='ocrx_word' id='word_1_365' title='bbox 549 3538 674 3577; x_wconf 79' lang='lat' dir='ltr'><strong>Rhen.</strong></span> <span class='ocrx_word' id='word_1_366' title='bbox 713 3540 815 3578; x_wconf 72' lang='lat' dir='ltr'><strong>Tito.</strong></span> <span class='ocrx_word' id='word_1_367' title='bbox 873 3539 969 3576; x_wconf 82' lang='lat' dir='ltr'><strong>Mox</strong></span> <span class='ocrx_word' id='word_1_368' title='bbox 999 3545 1187 3588; x_wconf 74' lang='lat' dir='ltr'><strong>tanquam</strong></span> 
     </span>
     <span class='ocr_line' id='line_1_55' title="bbox 304 3592 1184 3645; baseline -0.001 -12"><span class='ocrx_word' id='word_1_369' title='bbox 304 3594 409 3633; x_wconf 67' lang='grc' dir='ltr'><strong>Ἑλοτ,</strong></span> <span class='ocrx_word' id='word_1_370' title='bbox 428 3594 485 3631; x_wconf 83' lang='lat' dir='ltr'><strong>ed.</strong></span> <span class='ocrx_word' id='word_1_371' title='bbox 499 3605 559 3644; x_wconf 80' lang='lat' dir='ltr'><strong>pr.</strong></span> <span class='ocrx_word' id='word_1_372' title='bbox 575 3592 681 3633; x_wconf 67' lang='lat' dir='ltr'><strong>Pit-h.</strong></span> <span class='ocrx_word' id='word_1_373' title='bbox 701 3606 782 3645; x_wconf 85' lang='lat' dir='ltr'><strong>sqq.</strong></span> <span class='ocrx_word' id='word_1_374' title='bbox 811 3594 944 3634; x_wconf 85' lang='lat' dir='ltr'><strong>Ceteri</strong></span> <span class='ocrx_word' id='word_1_375' title='bbox 957 3603 1030 3631; x_wconf 83' lang='lat' dir='ltr'><strong>scr.</strong></span> <span class='ocrx_word' id='word_1_376' title='bbox 1048 3597 1089 3631; x_wconf 85' lang='lat' dir='ltr'><strong>et</strong></span> <span class='ocrx_word' id='word_1_377' title='bbox 1098 3593 1184 3632; x_wconf 86' lang='lat' dir='ltr'><strong>edd.</strong></span> 
     </span>
    </p>
   </div>
   <div class='ocr_carea' id='block_1_7' title="bbox 1243 2283 2129 2335">
    <p class='ocr_par' dir='ltr' id='par_1_10' title="bbox 1243 2283 2129 2335">
     <span class='ocr_line' id='line_1_56' title="bbox 1243 2283 2129 2335; baseline 0.001 -14"><span class='ocrx_word' id='word_1_378' title='bbox 1243 2290 1445 2335; x_wconf 79' lang='lat' dir='ltr'><strong>tamquam</strong></span> <span class='ocrx_word' id='word_1_379' title='bbox 1471 2283 1606 2322; x_wconf 80' lang='lat' dir='ltr'><strong>habet.</strong></span> <span class='ocrx_word' id='word_1_380' title='bbox 1647 2283 1763 2321; x_wconf 85' lang='lat' dir='ltr'><strong>male.</strong></span> <span class='ocrx_word' id='word_1_381' title='bbox 1802 2284 1911 2321; x_wconf 77' lang='lat' dir='ltr'><strong>Idem</strong></span> <span class='ocrx_word' id='word_1_382' title='bbox 1942 2284 2033 2322; x_wconf 77' lang='lat' dir='ltr'><strong>Tito</strong></span> <span class='ocrx_word' id='word_1_383' title='bbox 2050 2284 2129 2322; x_wconf 82' lang='lat' dir='ltr'><strong>Ju-</strong></span> 
     </span>
    </p>
   </div>
   <div class='ocr_carea' id='block_1_8' title="bbox 1228 2338 2130 2387">
    <p class='ocr_par' dir='ltr' id='par_1_11' title="bbox 1228 2338 2130 2387">
     <span class='ocr_line' id='line_1_57' title="bbox 1228 2338 2130 2387; baseline 0.001 -12"><span class='ocrx_word' id='word_1_384' title='bbox 1228 2339 1365 2378; x_wconf 67' lang='lat' dir='ltr'><strong>&#39;lianm</strong></span> <span class='ocrx_word' id='word_1_385' title='bbox 1420 2339 1642 2377; x_wconf 84' lang='lat' dir='ltr'><strong>SedRhen.</strong></span> <span class='ocrx_word' id='word_1_386' title='bbox 1675 2338 1820 2384; x_wconf 78' lang='lat' dir='ltr'><strong>Tertio,</strong></span> <span class='ocrx_word' id='word_1_387' title='bbox 1847 2338 1965 2387; x_wconf 85' lang='lat' dir='ltr'><strong>idque</strong></span> <span class='ocrx_word' id='word_1_388' title='bbox 1988 2350 2037 2375; x_wconf 82' lang='lat' dir='ltr'><strong>ex</strong></span> <span class='ocrx_word' id='word_1_389' title='bbox 2067 2338 2130 2376; x_wconf 89' lang='lat' dir='ltr'><strong>in-</strong></span> 
     </span>
    </p>
   </div>
   <div class='ocr_carea' id='block_1_9' title="bbox 1238 2392 2129 3632">
    <p class='ocr_par' dir='ltr' id='par_1_12' title="bbox 1242 2392 2128 2551">
     <span class='ocr_line' id='line_1_58' title="bbox 1242 2392 2128 2443; baseline 0.001 -14"><span class='ocrx_word' id='word_1_390' title='bbox 1242 2394 1374 2441; x_wconf 85' lang='lat' dir='ltr'><strong>genio,</strong></span> <span class='ocrx_word' id='word_1_391' title='bbox 1401 2393 1496 2443; x_wconf 84' lang='lat' dir='ltr'><strong>quia</strong></span> <span class='ocrx_word' id='word_1_392' title='bbox 1525 2405 1560 2431; x_wconf 91' lang='lat' dir='ltr'><strong>c.</strong></span> <span class='ocrx_word' id='word_1_393' title='bbox 1589 2405 1670 2442; x_wconf 88' lang='lat' dir='ltr'><strong>seq.</strong></span> <span class='ocrx_word' id='word_1_394' title='bbox 1689 2392 1810 2430; x_wconf 84' lang='lat' dir='ltr'><strong>etiam</strong></span> <span class='ocrx_word' id='word_1_395' title='bbox 1834 2393 1936 2430; x_wconf 87' lang='lat' dir='ltr'><strong>Bud.</strong></span> <span class='ocrx_word' id='word_1_396' title='bbox 1955 2393 2024 2430; x_wconf 82' lang='lat' dir='ltr'><strong>sic.</strong></span> <span class='ocrx_word' id='word_1_397' title='bbox 2079 2393 2128 2430; x_wconf 84' lang='lat' dir='ltr'><strong>In</strong></span> 
     </span>
     <span class='ocr_line' id='line_1_59' title="bbox 1243 2447 2126 2497; baseline -0.001 -13"><span class='ocrx_word' id='word_1_398' title='bbox 1243 2451 1338 2484; x_wconf 86' lang='lat' dir='ltr'><strong>nota</strong></span> <span class='ocrx_word' id='word_1_399' title='bbox 1355 2448 1492 2486; x_wconf 83' lang='lat' dir='ltr'><strong>Ursini</strong></span> <span class='ocrx_word' id='word_1_400' title='bbox 1516 2447 1666 2496; x_wconf 84' lang='lat' dir='ltr'><strong>legitur</strong></span> <span class='ocrx_word' id='word_1_401' title='bbox 1698 2447 1807 2485; x_wconf 74' lang='lat' dir='ltr'><strong>Titio</strong></span> <span class='ocrx_word' id='word_1_402' title='bbox 1824 2458 1897 2497; x_wconf 81' lang='lat' dir='ltr'><strong>pro</strong></span> <span class='ocrx_word' id='word_1_403' title='bbox 1924 2447 2030 2495; x_wconf 77' lang='lat' dir='ltr'><strong>Tito,</strong></span> <span class='ocrx_word' id='word_1_404' title='bbox 2048 2447 2126 2483; x_wconf 81' lang='lat' dir='ltr'><strong>for-</strong></span> 
     </span>
     <span class='ocr_line' id='line_1_60' title="bbox 1244 2503 1804 2551; baseline 0 -12"><span class='ocrx_word' id='word_1_405' title='bbox 1244 2513 1315 2539; x_wconf 81' lang='lat' dir='ltr'><strong>san</strong></span> <span class='ocrx_word' id='word_1_406' title='bbox 1334 2515 1406 2551; x_wconf 87' lang='lat' dir='ltr'><strong>per</strong></span> <span class='ocrx_word' id='word_1_407' title='bbox 1421 2503 1564 2540; x_wconf 87' lang='lat' dir='ltr'><strong>vitium</strong></span> <span class='ocrx_word' id='word_1_408' title='bbox 1583 2512 1804 2551; x_wconf 82' lang='lat' dir='ltr'><strong>operarum.</strong></span> 
     </span>
    </p>

    <p class='ocr_par' dir='ltr' id='par_1_13' title="bbox 1238 2553 2129 3520">
     <span class='ocr_line' id='line_1_61' title="bbox 1296 2553 2129 2608; baseline 0 -14"><span class='ocrx_word' id='word_1_409' title='bbox 1296 2557 1531 2608; x_wconf 75' lang='lat' dir='ltr'><strong>Edit-cisque</strong></span> <span class='ocrx_word' id='word_1_410' title='bbox 1542 2553 1855 2607; x_wconf 78' lang='lat' dir='ltr'><strong>proeponebatur]</strong></span> <span class='ocrx_word' id='word_1_411' title='bbox 1887 2554 2129 2605; x_wconf 81' lang='lat' dir='ltr'><strong>Proesereba·</strong></span> 
     </span>
     <span class='ocr_line' id='line_1_62' title="bbox 1243 2609 2126 2661; baseline -0.002 -12"><span class='ocrx_word' id='word_1_412' title='bbox 1243 2617 1309 2649; x_wconf 77' lang='lat' dir='ltr'><strong>tur</strong></span> <span class='ocrx_word' id='word_1_413' title='bbox 1338 2611 1424 2650; x_wconf 84' lang='lat' dir='ltr'><strong>edd.</strong></span> <span class='ocrx_word' id='word_1_414' title='bbox 1461 2611 1612 2648; x_wconf 84' lang='lat' dir='ltr'><strong>Puteol.</strong></span> <span class='ocrx_word' id='word_1_415' title='bbox 1638 2611 1732 2648; x_wconf 83' lang='lat' dir='ltr'><strong>Ber.</strong></span> <span class='ocrx_word' id='word_1_416' title='bbox 1749 2609 1837 2648; x_wconf 86' lang='lat' dir='ltr'><strong>Alc.</strong></span> <span class='ocrx_word' id='word_1_417' title='bbox 1870 2610 2126 2661; x_wconf 78' lang='lat' dir='ltr'><strong>Proeponeba-</strong></span> 
     </span>
     <span class='ocr_line' id='line_1_63' title="bbox 1243 2663 2126 2717; baseline 0 -15"><span class='ocrx_word' id='word_1_418' title='bbox 1243 2673 1309 2703; x_wconf 79' lang='lat' dir='ltr'><strong>tur</strong></span> <span class='ocrx_word' id='word_1_419' title='bbox 1341 2667 1427 2705; x_wconf 85' lang='lat' dir='ltr'><strong>edd.</strong></span> <span class='ocrx_word' id='word_1_420' title='bbox 1455 2667 1585 2704; x_wconf 86' lang='lat' dir='ltr'><strong>Rhen.</strong></span> <span class='ocrx_word' id='word_1_421' title='bbox 1622 2664 1660 2717; x_wconf 89' lang='lat' dir='ltr'><strong>(e</strong></span> <span class='ocrx_word' id='word_1_422' title='bbox 1676 2663 1797 2715; x_wconf 87' lang='lat' dir='ltr'><strong>Bud.)</strong></span> <span class='ocrx_word' id='word_1_423' title='bbox 1819 2677 1904 2714; x_wconf 88' lang='lat' dir='ltr'><strong>sqq.</strong></span> <span class='ocrx_word' id='word_1_424' title='bbox 1934 2675 2059 2715; x_wconf 82' lang='lat' dir='ltr'><strong>usque</strong></span> <span class='ocrx_word' id='word_1_425' title='bbox 2076 2664 2126 2702; x_wconf 80' lang='lat' dir='ltr'><strong>ad</strong></span> 
     </span>
     <span class='ocr_line' id='line_1_64' title="bbox 1243 2719 2128 2770; baseline -0.002 -12"><span class='ocrx_word' id='word_1_426' title='bbox 1243 2722 1282 2758; x_wconf 81' lang='lat' dir='ltr'><strong>J.</strong></span> <span class='ocrx_word' id='word_1_427' title='bbox 1303 2722 1346 2760; x_wconf 81' lang='lat' dir='ltr'><strong>F.</strong></span> <span class='ocrx_word' id='word_1_428' title='bbox 1378 2721 1636 2766; x_wconf 77' lang='lat' dir='ltr'><strong>Grmmvium,</strong></span> <span class='ocrx_word' id='word_1_429' title='bbox 1656 2720 1725 2769; x_wconf 83' lang='lat' dir='ltr'><strong>qui</strong></span> <span class='ocrx_word' id='word_1_430' title='bbox 1742 2719 1862 2757; x_wconf 82' lang='lat' dir='ltr'><strong>tacite</strong></span> <span class='ocrx_word' id='word_1_431' title='bbox 1887 2719 2011 2757; x_wconf 83' lang='lat' dir='ltr'><strong>edidit</strong></span> <span class='ocrx_word' id='word_1_432' title='bbox 2023 2731 2128 2770; x_wconf 61' lang='grc' dir='ltr'><strong>μνω-</strong></span> 
     </span>
     <span class='ocr_line' id='line_1_65' title="bbox 1238 2773 2126 2826; baseline -0.003 -11"><span class='ocrx_word' id='word_1_433' title='bbox 1238 2775 1467 2826; x_wconf 76' lang='lat' dir='ltr'><strong>ponebatur,</strong></span> <span class='ocrx_word' id='word_1_434' title='bbox 1503 2775 1606 2826; x_wconf 89' lang='lat' dir='ltr'><strong>quod</strong></span> <span class='ocrx_word' id='word_1_435' title='bbox 1638 2774 1810 2812; x_wconf 79' lang='lat' dir='ltr'><strong>servavit</strong></span> <span class='ocrx_word' id='word_1_436' title='bbox 1837 2773 1966 2812; x_wconf 83' lang='lat' dir='ltr'><strong>fliius:</strong></span> <span class='ocrx_word' id='word_1_437' title='bbox 2009 2774 2126 2823; x_wconf 76' lang='lat' dir='ltr'><strong>idque</strong></span> 
     </span>
     <span class='ocr_line' id='line_1_66' title="bbox 1245 2828 2127 2878; baseline -0.001 -11"><span class='ocrx_word' id='word_1_438' title='bbox 1245 2841 1382 2868; x_wconf 82' lang='lat' dir='ltr'><strong>verum</strong></span> <span class='ocrx_word' id='word_1_439' title='bbox 1412 2834 1486 2869; x_wconf 81' lang='lat' dir='ltr'><strong>est.</strong></span> <span class='ocrx_word' id='word_1_440' title='bbox 1539 2830 1736 2876; x_wconf 82' lang='lat' dir='ltr'><strong>Firmant,</strong></span> <span class='ocrx_word' id='word_1_441' title='bbox 1763 2833 1907 2878; x_wconf 79' lang='lat' dir='ltr'><strong>praeter</strong></span> <span class='ocrx_word' id='word_1_442' title='bbox 1933 2828 2127 2867; x_wconf 80' lang='lat' dir='ltr'><strong>Latinita-</strong></span> 
     </span>
     <span class='ocr_line' id='line_1_67' title="bbox 1244 2883 2123 2933; baseline -0.002 -11"><span class='ocrx_word' id='word_1_443' title='bbox 1244 2889 1343 2932; x_wconf 80' lang='lat' dir='ltr'><strong>tem,</strong></span> <span class='ocrx_word' id='word_1_444' title='bbox 1373 2886 1486 2924; x_wconf 79' lang='lat' dir='ltr'><strong>Mss.</strong></span> <span class='ocrx_word' id='word_1_445' title='bbox 1518 2885 1615 2933; x_wconf 83' lang='lat' dir='ltr'><strong>Agr.</strong></span> <span class='ocrx_word' id='word_1_446' title='bbox 1647 2883 1779 2922; x_wconf 87' lang='lat' dir='ltr'><strong>Guelf.</strong></span> <span class='ocrx_word' id='word_1_447' title='bbox 1802 2883 1939 2922; x_wconf 78' lang='lat' dir='ltr'><strong>Ursin.</strong></span> <span class='ocrx_word' id='word_1_448' title='bbox 1973 2883 2034 2920; x_wconf 88' lang='lat' dir='ltr'><strong>ed.</strong></span> <span class='ocrx_word' id='word_1_449' title='bbox 2061 2894 2123 2932; x_wconf 84' lang='lat' dir='ltr'><strong>pr.</strong></span> 
     </span>
     <span class='ocr_line' id='line_1_68' title="bbox 1246 2937 2122 2989; baseline -0.005 -11"><span class='ocrx_word' id='word_1_450' title='bbox 1246 2940 1400 2978; x_wconf 87' lang='lat' dir='ltr'><strong>Deinde</strong></span> <span class='ocrx_word' id='word_1_451' title='bbox 1417 2941 1476 2978; x_wconf 82' lang='lat' dir='ltr'><strong>vis</strong></span> <span class='ocrx_word' id='word_1_452' title='bbox 1492 2940 1643 2989; x_wconf 88' lang='lat' dir='ltr'><strong>primus</strong></span> <span class='ocrx_word' id='word_1_453' title='bbox 1664 2939 1787 2975; x_wconf 85' lang='lat' dir='ltr'><strong>edidit</strong></span> <span class='ocrx_word' id='word_1_454' title='bbox 1804 2939 1926 2975; x_wconf 81' lang='lat' dir='ltr'><strong>tacite</strong></span> <span class='ocrx_word' id='word_1_455' title='bbox 1944 2937 2122 2986; x_wconf 77' lang='lat' dir='ltr'><strong>Lipsius:</strong></span> 
     </span>
     <span class='ocr_line' id='line_1_69' title="bbox 1242 2991 2125 3041; baseline -0.002 -11"><span class='ocrx_word' id='word_1_456' title='bbox 1242 3006 1333 3031; x_wconf 90' lang='lat' dir='ltr'><strong>cum</strong></span> <span class='ocrx_word' id='word_1_457' title='bbox 1352 2995 1461 3033; x_wconf 70' lang='lat' dir='ltr'>MSS,</span> <span class='ocrx_word' id='word_1_458' title='bbox 1482 2999 1522 3032; x_wconf 89' lang='lat' dir='ltr'><strong>et</strong></span> <span class='ocrx_word' id='word_1_459' title='bbox 1540 2995 1626 3031; x_wconf 89' lang='lat' dir='ltr'><strong>edd.</strong></span> <span class='ocrx_word' id='word_1_460' title='bbox 1643 2996 1741 3030; x_wconf 79' lang='lat' dir='ltr'><strong>vett.</strong></span> <span class='ocrx_word' id='word_1_461' title='bbox 1755 2992 1927 3030; x_wconf 78' lang='lat' dir='ltr'><strong>habeant</strong></span> <span class='ocrx_word' id='word_1_462' title='bbox 1934 2991 2023 3041; x_wconf 70' lang='lat' dir='ltr'><strong>jus.</strong></span> <span class='ocrx_word' id='word_1_463' title='bbox 2048 2991 2125 3030; x_wconf 91' lang='lat' dir='ltr'><strong>Sed</strong></span> 
     </span>
     <span class='ocr_line' id='line_1_70' title="bbox 1243 3047 2123 3096; baseline -0.003 -10"><span class='ocrx_word' id='word_1_464' title='bbox 1243 3049 1341 3086; x_wconf 90' lang='lat' dir='ltr'><strong>illud</strong></span> <span class='ocrx_word' id='word_1_465' title='bbox 1354 3061 1416 3086; x_wconf 84' lang='lat' dir='ltr'><strong>res</strong></span> <span class='ocrx_word' id='word_1_466' title='bbox 1434 3053 1475 3087; x_wconf 87' lang='lat' dir='ltr'><strong>et</strong></span> <span class='ocrx_word' id='word_1_467' title='bbox 1489 3049 1683 3087; x_wconf 82' lang='lat' dir='ltr'><strong>Latinitas</strong></span> <span class='ocrx_word' id='word_1_468' title='bbox 1700 3047 1853 3096; x_wconf 82' lang='lat' dir='ltr'><strong>probat.</strong></span> <span class='ocrx_word' id='word_1_469' title='bbox 1871 3057 1992 3095; x_wconf 72' lang='lat' dir='ltr'><strong>supra</strong></span> <span class='ocrx_word' id='word_1_470' title='bbox 2006 3051 2043 3089; x_wconf 78' lang='lat'><strong>2,</strong></span> <span class='ocrx_word' id='word_1_471' title='bbox 2057 3051 2123 3086; x_wconf 87' lang='lat'><strong>39.</strong></span> 
     </span>
     <span class='ocr_line' id='line_1_71' title="bbox 1245 3100 2123 3154; baseline -0.006 -13"><span class='ocrx_word' id='word_1_472' title='bbox 1245 3105 1365 3141; x_wconf 74' lang='lat' dir='ltr'><strong>honor</strong></span> <span class='ocrx_word' id='word_1_473' title='bbox 1395 3105 1560 3152; x_wconf 84' lang='lat' dir='ltr'><strong>Imperii</strong></span> <span class='ocrx_word' id='word_1_474' title='bbox 1576 3114 1693 3154; x_wconf 75' lang='lat' dir='ltr'><strong>penes</strong></span> <span class='ocrx_word' id='word_1_475' title='bbox 1713 3101 1917 3140; x_wconf 75' lang='lat' dir='ltr'><strong>Titianum</strong></span> <span class='ocrx_word' id='word_1_476' title='bbox 1931 3100 2123 3150; x_wconf 74' lang='lat' dir='ltr'><strong>fratrem,</strong></span> 
     </span>
     <span class='ocr_line' id='line_1_72' title="bbox 1244 3155 2125 3209; baseline -0.003 -13"><span class='ocrx_word' id='word_1_477' title='bbox 1244 3160 1304 3195; x_wconf 77' lang='lat' dir='ltr'><strong>vis</strong></span> <span class='ocrx_word' id='word_1_478' title='bbox 1336 3172 1383 3196; x_wconf 85' lang='lat' dir='ltr'><strong>ac</strong></span> <span class='ocrx_word' id='word_1_479' title='bbox 1425 3164 1599 3209; x_wconf 80' lang='lat' dir='ltr'><strong>potestas</strong></span> <span class='ocrx_word' id='word_1_480' title='bbox 1637 3169 1753 3207; x_wconf 70' lang='lat' dir='ltr'><strong>penes</strong></span> <span class='ocrx_word' id='word_1_481' title='bbox 1796 3155 2034 3192; x_wconf 78' lang='lat' dir='ltr'><strong>Proculum.-</strong></span> <span class='ocrx_word' id='word_1_482' title='bbox 2084 3161 2125 3193; x_wconf 82' lang='lat' dir='ltr'><strong>et</strong></span> 
     </span>
     <span class='ocr_line' id='line_1_73' title="bbox 1243 3209 2120 3261; baseline -0.002 -12"><span class='ocrx_word' id='word_1_483' title='bbox 1243 3213 1391 3249; x_wconf 83' lang='lat' dir='ltr'><strong>centies</strong></span> <span class='ocrx_word' id='word_1_484' title='bbox 1419 3214 1477 3250; x_wconf 80' lang='lat' dir='ltr'><strong>vis</strong></span> <span class='ocrx_word' id='word_1_485' title='bbox 1505 3216 1546 3248; x_wconf 80' lang='lat' dir='ltr'><strong>et</strong></span> <span class='ocrx_word' id='word_1_486' title='bbox 1561 3212 1635 3261; x_wconf 70' lang='lat' dir='ltr'><strong>jus</strong></span> <span class='ocrx_word' id='word_1_487' title='bbox 1658 3213 1949 3259; x_wconf 85' lang='lat' dir='ltr'><strong>permutantur,</strong></span> <span class='ocrx_word' id='word_1_488' title='bbox 1967 3212 2015 3247; x_wconf 88' lang='lat' dir='ltr'><strong>ut</strong></span> <span class='ocrx_word' id='word_1_489' title='bbox 2037 3209 2120 3256; x_wconf 83' lang='lat' dir='ltr'><strong>jam</strong></span> 
     </span>
     <span class='ocr_line' id='line_1_74' title="bbox 1243 3264 2123 3314; baseline -0.002 -11"><span class='ocrx_word' id='word_1_490' title='bbox 1243 3266 1340 3303; x_wconf 87' lang='lat' dir='ltr'><strong>alibi</strong></span> <span class='ocrx_word' id='word_1_491' title='bbox 1387 3266 1569 3304; x_wconf 86' lang='lat' dir='ltr'><strong>diximus.</strong></span> <span class='ocrx_word' id='word_1_492' title='bbox 1645 3265 1827 3314; x_wconf 86' lang='lat' dir='ltr'><strong>Denique</strong></span> <span class='ocrx_word' id='word_1_493' title='bbox 1879 3270 1964 3302; x_wconf 77' lang='lat' dir='ltr'><strong>erat</strong></span> <span class='ocrx_word' id='word_1_494' title='bbox 2007 3264 2123 3302; x_wconf 86' lang='lat' dir='ltr'><strong>MSS.</strong></span> 
     </span>
     <span class='ocr_line' id='line_1_75' title="bbox 1243 3318 2122 3369; baseline -0.002 -12"><span class='ocrx_word' id='word_1_495' title='bbox 1243 3321 1348 3358; x_wconf 87' lang='lat' dir='ltr'><strong>Flor.</strong></span> <span class='ocrx_word' id='word_1_496' title='bbox 1382 3320 1477 3369; x_wconf 84' lang='lat' dir='ltr'><strong>Agr.</strong></span> <span class='ocrx_word' id='word_1_497' title='bbox 1511 3318 1643 3357; x_wconf 84' lang='lat' dir='ltr'><strong>Guelf.</strong></span> <span class='ocrx_word' id='word_1_498' title='bbox 1677 3319 1761 3356; x_wconf 86' lang='lat' dir='ltr'><strong>edd.</strong></span> <span class='ocrx_word' id='word_1_499' title='bbox 1789 3321 1884 3355; x_wconf 81' lang='lat' dir='ltr'><strong>ante</strong></span> <span class='ocrx_word' id='word_1_500' title='bbox 1910 3319 2040 3356; x_wconf 86' lang='lat' dir='ltr'><strong>Rhen.</strong></span> <span class='ocrx_word' id='word_1_501' title='bbox 2059 3319 2122 3355; x_wconf 88' lang='lat' dir='ltr'><strong>Pi-</strong></span> 
     </span>
     <span class='ocr_line' id='line_1_76' title="bbox 1244 3373 2122 3423; baseline -0.001 -12"><span class='ocrx_word' id='word_1_502' title='bbox 1244 3375 1370 3412; x_wconf 86' lang='lat' dir='ltr'><strong>chena</strong></span> <span class='ocrx_word' id='word_1_503' title='bbox 1386 3387 1490 3423; x_wconf 87' lang='lat' dir='ltr'><strong>seqq.</strong></span> <span class='ocrx_word' id='word_1_504' title='bbox 1519 3375 1629 3413; x_wconf 77' lang='lat' dir='ltr'><strong>ERN.</strong></span> <span class='ocrx_word' id='word_1_505' title='bbox 1655 3373 1814 3411; x_wconf 82' lang='lat' dir='ltr'><strong>Delevit</strong></span> <span class='ocrx_word' id='word_1_506' title='bbox 1827 3373 1956 3412; x_wconf 87' lang='lat' dir='ltr'><strong>Rhen.</strong></span> <span class='ocrx_word' id='word_1_507' title='bbox 1972 3374 2067 3423; x_wconf 82' lang='lat' dir='ltr'><strong>quia</strong></span> <span class='ocrx_word' id='word_1_508' title='bbox 2079 3373 2122 3411; x_wconf 88' lang='lat' dir='ltr'><strong>in</strong></span> 
     </span>
     <span class='ocr_line' id='line_1_77' title="bbox 1242 3427 2121 3478; baseline -0.003 -11"><span class='ocrx_word' id='word_1_509' title='bbox 1242 3430 1345 3467; x_wconf 86' lang='lat' dir='ltr'><strong>Bud.</strong></span> <span class='ocrx_word' id='word_1_510' title='bbox 1377 3430 1500 3466; x_wconf 78' lang='lat' dir='ltr'><strong>deest.</strong></span> <span class='ocrx_word' id='word_1_511' title='bbox 1555 3429 1604 3467; x_wconf 88' lang='lat' dir='ltr'><strong>ln</strong></span> <span class='ocrx_word' id='word_1_512' title='bbox 1627 3427 1857 3478; x_wconf 77' lang='lat' dir='ltr'><strong>eodemjus,</strong></span> <span class='ocrx_word' id='word_1_513' title='bbox 1874 3439 1927 3466; x_wconf 78' lang='lat' dir='ltr'><strong>an</strong></span> <span class='ocrx_word' id='word_1_514' title='bbox 1957 3429 2031 3476; x_wconf 73' lang='lat' dir='ltr'><strong>vis,</strong></span> <span class='ocrx_word' id='word_1_515' title='bbox 2050 3428 2121 3466; x_wconf 82' lang='lat' dir='ltr'><strong>du·</strong></span> 
     </span>
     <span class='ocr_line' id='line_1_78' title="bbox 1242 3484 1907 3520; baseline 0.008 -1"><span class='ocrx_word' id='word_1_516' title='bbox 1242 3484 1366 3520; x_wconf 86' lang='lat' dir='ltr'><strong>bium.</strong></span> <span class='ocrx_word' id='word_1_517' title='bbox 1903 3517 1907 3520; x_wconf 91' lang='lat'><strong>.</strong></span> 
     </span>
    </p>

    <p class='ocr_par' dir='ltr' id='par_1_14' title="bbox 1240 3536 2118 3632">
     <span class='ocr_line' id='line_1_79' title="bbox 1299 3536 2118 3589; baseline 0 -15"><span class='ocrx_word' id='word_1_518' title='bbox 1299 3539 1478 3588; x_wconf 78' lang='lat' dir='ltr'><strong>Varoque</strong></span> <span class='ocrx_word' id='word_1_519' title='bbox 1501 3536 1638 3588; x_wconf 78' lang='lat' dir='ltr'><strong>Arrio]</strong></span> <span class='ocrx_word' id='word_1_520' title='bbox 1679 3537 1784 3575; x_wconf 86' lang='lat' dir='ltr'><strong>Bud.</strong></span> <span class='ocrx_word' id='word_1_521' title='bbox 1815 3538 1996 3589; x_wconf 72' lang='lat' dir='ltr'><strong>varioque</strong></span> <span class='ocrx_word' id='word_1_522' title='bbox 2021 3537 2118 3576; x_wconf 78' lang='lat' dir='ltr'><strong>ario.</strong></span> 
     </span>
     <span class='ocr_line' id='line_1_80' title="bbox 1240 3591 1761 3632; baseline 0 -1"><span class='ocrx_word' id='word_1_523' title='bbox 1240 3593 1477 3632; x_wconf 82' lang='lat' dir='ltr'><strong>Emendavit</strong></span> <span class='ocrx_word' id='word_1_524' title='bbox 1492 3593 1598 3631; x_wconf 82' lang='lat' dir='ltr'><strong>Pich.</strong></span> <span class='ocrx_word' id='word_1_525' title='bbox 1618 3604 1640 3630; x_wconf 84' lang='lat' dir='ltr'><strong>e</strong></span> <span class='ocrx_word' id='word_1_526' title='bbox 1657 3591 1761 3631; x_wconf 84' lang='lat' dir='ltr'><strong>Flor.</strong></span> 
     </span>
    </p>
   </div>
  </div>
 </body>
</html>
