2190 3880
252 111 352 159 344
879 109 1509 181 HisTomARUM

120 244 172 286 Α.
191 244 247 286 U.
265 252 391 287 cum
419 234 656 301 interim,
682 236 831 290 flexu
859 240 1106 292 autumni
1147 251 1203 292 et
1242 239 1444 293 crebris
1522 254 1578 290 er
1615 234 1852 288 hiemem
1882 226 2068 285 imbri-

121 302 236 391 Affig-
267 305 386 369 buS,
413 304 727 377 superfusus
768 310 941 361 amnis
987 311 1279 382 palustrem
1332 309 1482 360 humi
1507 324 1701 377 emque
1740 303 1969 358 insulam
2013 301 2071 354 in

157 378 241 447 ἴῃ]
264 375 461 428 faciem
489 379 668 448 stagni
695 379 958 450 opplevit.
999 398 1098 432 nec
1125 381 1308 433 classis
1331 390 1425 430 aut
1451 388 1786 430 commeatus
1813 376 2070 428 aderant:

175 462 247 509 24
263 458 547 517 castraque
573 449 627 500 in
692 449 817 502 lano
845 451 967 515 sita,
995 451 1047 502 vi
1077 451 1318 501 fluminis
1352 447 1759 500 differebantur.
1834 443 2074 498 Potuisse

262 525 382 568 tunc
408 519 631 589 opprimi
676 521 889 590 egiones,
909 529 956 572 et
981 518 1193 570 voluisse
1215 517 1516 581 GermanOS,
1530 517 1616 568 sed
1637 511 1753 568 dolo
1779 535 1812 568 a
1835 534 1885 570 se
1883 515 2071 584 flexos,

259 589 535 657 inputavit
587 590 798 642 Civilis.
878 589 1073 658 Neque
1120 589 1379 641 abhorret
1433 605 1578 651 vero,
1614 586 1832 656 quando
1883 585 2071 656 paucis

259 672 386 730 post
410 659 600 712 diebus
629 660 834 711 deditio
863 659 1108 711 insecuta
1134 672 1235 711 est.
1286 659 1428 710 Nam
1454 657 1680 710 Cerialis
1709 673 1804 728 per
1829 656 2072 709 occultos
2133 675 2139 681 ·

258 729 483 783 nuntios
524 728 746 781 Batavis
779 747 978 798 pacem,
1019 727 1177 781 Civili
1210 729 1429 792 venia-m,
1465 739 1763 792 ostentans,
1792 725 2072 789 Veledam,

260 801 707 871 propinquosque
739 801 1016 864 monebat,
1035 801 1316 872 fortuna-m
1352 798 1488 862 belli,
1521 807 1593 850 tot
1629 796 1861 850 cladibus
1890 795 2076 859 adver-

259 887 385 933 sam,
410 878 690 940 opportuno
707 888 830 941 erga
851 870 1113 942 Populum
1144 870 1438 924 Romanum
1453 869 1632 922 merito
1653 877 1872 920 mutare.
1913 865 2076 919 Caesos

264 939 523 1004 Treveros,
540 949 756 1011 receptos
780 939 955 1006 Ubios,
974 950 1194 1010 ereptam
1215 940 1437 993 Batavis
1445 940 1680 1010 patriam
1698 961 1714 991 .-
1734 955 1910 1009 >neque
1925 934 2077 989 aliud

265 1009 450 1062 Civilis
475 1011 707 1064 amicitia
728 1021 994 1083 paratum,
1021 1030 1175 1081 quam
1201 1010 1432 1075 vulnera,
1442 1009 1630 1082 fugas,
1663 1010 1842 1071 luctus·
1879 1005 2076 1067 exulem

260 1098 373 1132 eum
408 1089 453 1133 et
490 1091 738 1135 extorrem
775 1083 1125 1152 recipientibus
1161 1082 1302 1134 oneri
1316 1103 1331 1134 .·
1376 1090 1423 1133 et
1460 1082 1584 1133 satis
1608 1080 1909 1152 peccavisse,
1935 1076 2075 1149 quod

261 1151 444 1203 totiens
474 1149 713 1205 Rhenum
739 1152 1183 1206 transscenderint.
1225 1152 1268 1204 si
1293 1151 1421 1223 quid
1453 1151 1593 1203 ultra
1630 1150 1929 1214 moliantur,
1955 1147 2074 1203 inde

176 1218 250 1267 25
263 1222 510 1292 injuriam
534 1231 583 1275 et
607 1223 827 1294 culpam,
853 1223 969 1276 hinc
997 1223 1236 1276 ult-ionem
1262 1233 1310 1275 et
1338 1223 1477 1275 Deos
1481 1220 1627 1293 jore.
1692 1221 2075 1274 Miscebantur

259 1294 433 1345 minis»
455 1295 735 1364 promissa.
813 1294 901 1359 Et,
924 1312 1190 1348 concussa
1213 1294 1750 1347 Transrhenanorum
1777 1291 1904 1356 fide,
1933 1291 2078 1344 inter

260 1362 501 1434 Buta-vos
527 1381 745 1435 quoque
782 1382 1056 1419 sermones
1082 1366 1186 1418 orti
1211 1386 1228 1419 ι
1261 1383 1363 1417 non
1390 1363 1775 1435 prorogandam
1799 1360 1941 1416 ultra
1965 1361 2076 1414 rui-

259 1451 412 1487 nam.-
450 1453 539 1486 nec
567 1453 712 1504 posse
747 1436 813 1488 ab
850 1455 955 1488 una
991 1436 1198 1488 natione
1233 1436 1390 1488 totius
1422 1434 1558 1487 orbis
1586 1434 1847 1488 servitium
1871 1432 2073 1504 depelli.

259 1504 388 1575 quid
401 1503 683 1577 perfectum
707 1506 836 1560 ccede
855 1516 901 1559 et
927 1507 1174 1559 incendiis
1195 1506 1470 1577 legionum,
1491 1505 1591 1558 nisi
1614 1514 1672 1558 ut
1687 1504 1863 1576 plures
1881 1503 2074 1557 validi-

258 1592 463 1646 oresque
486 1575 816 1630 accirentar?
879 1577 941 1629 Si
973 1576 1279 1648 Vespasiano
1307 1568 1491 1629 bellum
1526 1577 1847 1649 navaverint,
1881 1573 1933 1627 V
1928 1593 2073 1647 espa-

257 1646 462 1698 sianum
496 1665 667 1700 rerum
697 1649 896 1718 potiri,-
945 1649 1025 1702 sin
1062 1647 1328 1718 Populum
1365 1646 1662 1701 Romanum
1696 1646 1854 1699 armis
1882 1664 2075 1716 provo-

259 1725 387 1780 cent,
410 1727 619 1788 quotam
647 1727 851 1789 partem
870 1719 1070 1791 generis
1098 1719 1310 1773 humani
1337 1716 1573 1771 Batavos
1596 1735 1693 1770 esse
1710 1716 1739 1769 2
1777 1718 2074 1787 respicerent

262 1783 475 1840 Rhcetos
500 1786 815 1861 Noricosque
838 1799 885 1843 et
911 1798 1187 1843 ceterorum
1221 1806 1376 1843 onera
1409 1789 1686 1841 sociorum.-
1723 1788 1824 1841 sibi
1849 1806 1952 1842 non
1976 1788 2075 1841 tri-

260 1855 414 1922 buta,
428 1858 515 1911 sed
538 1859 776 1913 virtutem
802 1870 851 1914 et
876 1862 1011 1914 viros
1035 1861 1213 1914 indici.
1244 1861 1537 1930 proximum
1561 1859 1621 1912 id
1643 1858 1868 1913 libertati
1887 1881 1904 1912 .-
1941 1867 2012 1925 et,
2028 1859 2075 1912 si

258 1927 582 1982 dominorum
607 1930 782 1984 electio
814 1932 900 1997 sit,
926 1932 1178 1985 honestius
1202 1930 1476 2001 Principes
1505 1929 1878 1997 Romanor-imi,
1915 1947 2074 2002 quam

263 1997 639 2058 Germanorum
645 2001 881 2073 feminas
904 2002 1132 2056 tolerari.
1169 2003 1292 2056 haec
1319 2002 1534 2074 vulguS.
1601 2001 1892 2056 Proceres:
1930 2010 2073 2054 atro-

257 2070 394 2122 ciore
423 2070 610 2125 Civilis
629 2074 772 2126 rabie
795 2083 943 2127 semet
967 2074 1024 2126 in
1049 2092 1196 2127 arma
1221 2072 1411 2126 trusos:
1447 2071 1597 2125 illum
1621 2071 1901 2126 domesticis
1923 2071 2082 2125 malis·

256 2140 508 2195 excidium
539 2145 711 2214 gentis
752 2145 1050 2215 opposuisse.
1088 2153 1209 2198 tunc
1245 2144 1469 2216 infensos
1506 2142 1730 2196 Batavis
1768 2142 1927 2208 Deos,
1959 2161 2073 2195 cum

257 2210 607 2266 obsiderentur
640 2215 874 2286 legiones,
899 2216 1304 2285 interficerentur
1332 2214 1540 2287 Legati,
1567 2214 1754 2267 bellum
1785 2214 1884 2267 uni
1907 2231 2071 2268 neces-

256 2282 469 2348 sarium,
479 2282 659 2354 ferale
691 2286 813 2355 ipsis
836 2295 1131 2340 sumeretur.
1205 2284 1422 2339 Ventum
1447 2285 1519 2339 ad
1541 2295 1782 2351 extrema,
1806 2286 1864 2338 ni
1887 2285 2074 2354 resipi-

258 2368 390 2405 scere
419 2353 693 2423 incipiant,
731 2364 780 2408 et
818 2357 963 2409 noxii
998 2357 1179 2426 capitis
1207 2374 1363 2426 poena
1399 2356 1758 2426 paenitentiam
1768 2355 2070 2427 fateantur.

174 2406 392 2478 26N0n
440 2424 634 2478 fefellit
675 2426 909 2481 Civilem
952 2444 1017 2480 ea
1056 2428 1359 2492 inclinatio,
1398 2439 1454 2479 et
1500 2426 1802 2499 praevenire
1846 2428 2073 2479 statuit:

307 2599 435 2639 Remu
453 2601 653 2655 aut-amm]
695 2601 795 2644 Eud.
822 2610 915 2643 ante
931 2606 1060 2644 Rhen.
1079 2605 1137 2643 vi·
1190 2605 1255 2642 hic
1284 2604 1472 2643 alienum.
1528 2604 1638 2654 Saepe
1668 2603 1737 2642 illa
1763 2602 1884 2642 verba
1913 2603 2076 2642 confusa

251 2653 353 2691 tiose
365 2654 510 2705 flua-u.
562 2658 707 2696 Flexus
733 2661 916 2698 autumni
929 2658 1137 2709 *eleganter
1190 2659 1348 2696 scimus.
1405 2660 1588 2697 Imitatus
1617 2662 1678 2696 est
1703 2659 1817 2697 Brot.
1861 2659 1970 2697 ERN.
2020 2658 2076 2696 Et

251 2709 445 2756 posterior
460 2711 546 2758 ejus
574 2723 680 2761 pars,
699 2724 862 2761 vergens
887 2714 930 2750 in
952 2714 1135 2751 hiemem.
1190 2712 1290 2751 Lau.
1319 2713 1414 2749 item
1447 2713 1542 2760 Bip.
1584 2712 1782 2750 Paratum
1805 2710 1927 2749 habet
1955 2711 2076 2751 etiam

250 2759 366 2799 Unde
401 2763 521 2801 ducta
549 2764 736 2815 loquendi
767 2768 908 2813 forma,
943 2768 1057 2804 docui
1093 2768 1135 2804 in
1189 2764 1292 2805 B‘ud.
1330 2767 1433 2814 quod
1462 2767 1584 2804 miror
1612 2777 1638 2802 a
1665 2766 1796 2804 Rhea.
1834 2765 2073 2815 neglectum.

249 2813 371 2852 clave
389 2818 515 2855 Cicer.
570 2820 668 2857 Mox
695 2821 799 2859 Flor.
833 2828 870 2858 et
901 2821 1043 2859 crebris
1062 2833 1137 2871 per
1189 2820 1239 2859 In
1264 2819 1353 2856 aliis
1383 2824 1521 2858 contra
1546 2820 1649 2857 Bud.
1678 2820 1742 2856 hic
1770 2823 1922 2867 peccat,
1948 2819 2004 2856 sic
2031 2818 2076 2856 in

247 2866 410 2908 hiemem
425 2872 622 2911 imbribus.
667 2875 775 2912 ERN.
820 2875 947 2912 Flex-u
964 2876 1093 2925 Bhen.
1111 2886 1135 2913 ‚e
1189 2886 1270 2923 seq.
1292 2873 1601 2923 profes-cumpro
1614 2873 1844 2923 perfectum.
1858 2873 1977 2923 sures
2003 2883 2074 2922 pro

250 2919 353 2959 Bud'.
396 2923 470 2962 Sic>
489 2926 542 2963 A.
575 2931 612 2972 1,
646 2932 707 2965 16.
723 2926 841 2979 flexo
869 2931 913 2965 in
942 2941 1136 2978 vesperam
1184 2929 1331 2977 plures,
1358 2934 1488 2965 vocent
1506 2940 1579 2977 pro
1590 2932 1810 2977 provocent.

249 2974 327 3012 die.
372 2977 452 3016 Cic.
478 2990 551 3027 pro
579 2982 708 3018 Coelio
735 2985 802 3019 31.
847 2983 899 3020 In
931 2982 1002 3020 hoc
1014 2981 1137 3032 flea-n
1243 2981 1303 3018 Et
1320 2986 1529 3019 ceterorum
1545 2994 1579 3019 o.
1596 2980 1648 3032 3.]
1680 2979 1888 3028 copulam,
1901 2977 1952 3015 ab
1965 2976 2076 3016 Alci-

249 3030 365 3077 quasi
381 3035 524 3070 oetatie.
564 3034 659 3072 Mox
678 3039 721 3072 et
734 3034 834 3083 Reg.
852 3035 951 3073 Lau.
966 3048 1041 3085 per
1055 3035 1136 3072 hie·
1188 3038 1256 3072 ato
1273 3035 1474 3081 omissam,
1487 3046 1508 3071 e
1527 3035 1630 3072 Bud.
1653 3033 1832 3072 restituit
1847 3033 1975 3070 Rhea.

248 3094 364 3128 mem,
393 3086 497 3131 quod
529 3089 688 3127 rectius.
742 3090 940 3139 Recepere
968 3093 1008 3126 et
1038 3087 1132 3138 Bip.
1249 3089 1426 3126 Virtutes
1452 3095 1489 3127 et
1507 3087 1624 3138 viros]
1673 3088 1910 3125 Rhenanam
1937 3083 2073 3123 audie-

251 3134 314 3172 ΟΞ.
333 3140 374 3172 et
390 3138 441 3174 A.
460 3144 501 3182 4,
522 3145 588 3177 25.
1187 3141 1279 3179 bam
1302 3143 1578 3191 corrigentem,
1598 3142 1843 3190 juventutem
1869 3144 1907 3176 et
1935 3139 2040 3176 viros
2054 3153 2068 3173 ι

305 3188 391 3227 Nec
418 3193 554 3230 elassis
576 3195 729 3246 aderat]
773 3196 926 3245 Nempe
960 3195 1132 3240 dimissa,
1187 3207 1295 3234 nunc
1313 3197 1437 3243 magis
1457 3207 1546 3233 cum
1571 3195 1679 3232 Flor.
1705 3194 1831 3241 legam
1858 3192 2040 3230 uirtutem
2055 3218 2064 3228 .

248 3255 341 3283 cum
373 3246 494 3294 plana
526 3246 766 3286 Batavorum
800 3251 887 3287 loca
916 3249 1133 3299 populandi
1187 3250 1227 3286 id
1258 3253 1318 3286 est
1347 3248 1531 3287 bellicum
1556 3247 1606 3284 ab
1633 3249 1687 3285 iis
1702 3245 1825 3284 robur
1847 3243 1970 3293 exigi,
1989 3255 2074 3283 non·

248 3304 387 3336 caussa
414 3304 580 3348 peteret.
634 3301 731 3337 Mox
755 3303 1019 3351 deserebantur
1045 3303 1130 3341 MS.
1186 3303 1395 3352 pecuniam
1413 3306 1485 3339 aut
1501 3312 1607 3351 opes.
1648 3301 1760 3340 Lxrs.
1811 3299 1917 3337 Bud.
1946 3299 2075 3335 virm·

248 3353 383 3391 Guelf.
399 3353 486 3391 edd.
509 3357 603 3390 ante
620 3354 749 3391 Rhen.
775 3356 890 3393 male.
931 3357 1038 3394 ERN.
1095 3356 1132 3393 Is
1186 3363 1255 3394 tes-³
1312 3356 1504 3392 Muretus«
1519 3359 1559 3391 et
1579 3354 1692 3392 Acid.
1720 3352 1930 3401 ejiciendas
1954 3355 2076 3404 puta·

247 3416 271 3443 e
290 3405 392 3444 Bud.
417 3409 608 3445 contexit.
1185 3409 1284 3446 bant
1302 3409 1398 3446 duas
1416 3421 1527 3447 voces
1545 3410 1727 3446 virtutem
1741 3412 1792 3446 et.
1825 3407 1922 3444 Mox
1940 3406 2068 3444 Germ·

305 3460 441 3510 Neque
452 3459 816 3511 atiud—paratum]
854 3461 933 3500 Hic
942 3468 1132 3512 paratum
1172 3462 1363 3511 seminas.
1391 3463 1567 3514 intellige
1597 3461 1796 3501 Venetiam
1829 3459 2067 3510 similesque.

248 3512 353 3553 edidi
372 3526 394 3552 e
412 3514 545 3555 G'uelf.
572 3527 644 3566 pro
667 3515 771 3567 vulg.
791 3522 1010 3567 peractum,
1028 3515 1133 3567 quod
1186 3516 1247 3557 Cf.
1264 3520 1309 3563 4,
1322 3519 1391 3555 61.
