2190 3880
616 103 771 162 111ss.
806 101 846 151 15.
899 98 1069 150 cAP.
1090 105 1171 156 Ge,
1194 105 1272 148 61.
1777 106 1844 156 ὅῒ

53 239 197 291 inter
215 233 592 289 desciscenteS.
663 231 954 286 Accessere
990 228 1234 302 parti-bus
1271 227 1515 280 Valerius
1551 231 1972 300 Asiaticus‚A.tJ.

53 308 292 378 Belgicae
323 305 617 377 provinciae
658 304 911 380 Letgatu3‚
932 319 1098 373 quem
1137 316 1268 352 mox
1297 300 1545 352 Vitellius
1586 321 1839 372 generum
1854 302 1960 390 ff}

51 379 314 434 adscivit:
367 387 421 428 et
469 376 668 429 Junius
721 376 948 439 Blaesus,
997 371 1373 444 Lugdunensis
1412 371 1605 430 Galliae
1648 389 1840 443 rector,
1881 382 1972 450 7'0,'

55 468 182 503 cum
222 448 413 502 Italica
446 447 661 518 legione
697 458 754 498 et
791 447 875 499 ala
901 444 1154 508 Taurinam,
1195 444 1448 514 Lugduni
1475 445 1839 503 tendentibus,

54 521 175 575 Nec
201 521 265 572 in
295 519 559 571 Rhaeticis
595 519 767 590 copiis
807 535 976 582 mora,
1003 534 1114 586 quo
1139 514 1317 568 minus
1357 515 1540 567 statim
1581 518 1844 594 adjunge-

41 605 254 646 rentur.
329 592 415 643 Ne
480 591 534 642 in
595 590 878 642 Britannia
924 587 1143 659 qui-dem
1203 586 1530 640 dubitatum.
1603 589 1842 645 Praeerat
1856 598 1927 650 60

52 663 350 722 Trebellius
391 660 691 727 MaximuS,
728 679 822 733 per
860 659 1138 714 avaritiam
1175 677 1239 711 ac
1278 657 1459 711 sordes
1498 671 1843 734 contemptus

54 735 327 801 exercitui,
344 734 669 802 invisusque.
743 731 1091 785 Accendebat
1112 731 1298 783 odium
1324 730 1441 800 ejus
1470 730 1700 785 Roscius
1722 734 1846 788 Cae-

55 808 176 871 lius,
207 807 439 876 Legatus
468 806 736 856 vicesimae
763 803 1010 875 legioniS,
1037 803 1166 854 olim
1193 803 1416 866 discors,
1440 803 1533 856 sed
1563 806 1848 860 occasione

53 877 300 931 civilium
324 893 592 929 armorum
631 876 864 929 atrocius
904 887 1238 946 proruperat.
1310 873 1606 927 Trebellius
1644 877 1848 932 seditio·
1924 933 1929 938 ,

57 967 170 1002 mm
192 956 240 1000 et
264 946 524 1019 confusum
549 947 773 999 ordinem
797 946 1073 1016 discipline
1101 945 1305 1017 Caeli03
1341 945 1582 1021 spoliatas
1607 957 1655 1000 et
1682 949 1849 1020 inopes

57 1020 268 1092 legiones
316 1019 515 1088 Caelius
553 1018 821 1071 Trebellio
869 1018 1210 1088 objectabat:
1257 1035 1380 1069 cum
1421 1018 1635 1072 interim
1685 1020 1847 1075 foedis

61 1093 388 1162 Legatorum
428 1090 810 1143 certaminibus
853 1090 1117 1142 modestia
1143 1090 1410 1140 exercitus
1449 1103 1731 1165 conrupta,
1757 1111 1851 1147 eo.

52 1180 162 1233 que
185 1162 469 1228 discordiae
499 1173 738 1226 ventum,
767 1172 828 1214 ut
852 1160 1192 1214 auxiliarium
1218 1178 1432 1231 quoque
1459 1162 1690 1214 militum
1718 1183 1850 1218 con-

58 1235 212 1286 viciis
251 1235 612 1305 proturbatuS,
654 1245 725 1297 et,
765 1232 1186 1304 adgregantibus
1228 1249 1282 1284 se
1318 1231 1493 1284 Caelio
1533 1234 1849 1289 cohortibus

56 1306 281 1375 alisque,
316 1307 556 1356 desertus
596 1303 891 1357 Trebellius
923 1303 1308 1366 'adVitellium
1345 1303 1658 1376 perfugerit.
1697 1309 1848 1378 quies

61 1377 373 1447 provinciae,
419 1393 743 1447 quamquam
792 1387 999 1430 remoto
1046 1374 1348 1440 Consulari,
1394 1377 1609 1430 mansit.
1662 1395 1849 1432 rexere

63 1448 252 1518 Legati
294 1447 602 1518 legionum3
649 1465 800 1519 pares
834 1447 977 1518 jure,
1023 1446 1223 1499 Caelius
1259 1446 1504 1500 audendo
1556 1451 1846 1520 potentior.

15 1562 18 1563 γ
59 1519 336 1589 Adjuncto
394 1519 707 1572 Britannico
749 1519 1009 1584 exercitu,
1058 1518 1250 1589 ingens
1298 1518 1500 1572 viribus
1544 1521 1924 1596 opibusque61

60 1590 327 1656 Vitellius,
353 1589 486 1643 duos
517 1591 718 1655 Duces»,
743 1591 850 1642 duo
877 1590 1071 1643 itinera
1096 1589 1237 1642 bello
1260 1589 1571 1644 destinavit.
1648 1593 1845 1648 Fabius

61 1662 256 1715 Valens
280 1662 514 1726 adlicere,
539 1662 635 1727 vel,
656 1662 700 1714 si
724 1659 1010 1728 abnuerent,
1047 1670 1243 1713 vastare
1271 1660 1494 1728 Gallias,
1521 1671 1568 1714 et
1594 1662 1851 1718 Cottianis

57 1734 280 1804 Aipihzoe
304 1733 519 1786 Italiam
538 1734 852 1802 irermnpere3
881 1733 1102 1785 Caecina
1117 1732 1356 1804 propiore
1376 1735 1609 1800 transitu,
1638 1735 1852 1790 Peninis

41 1806 192 1877 jugis
216 1805 418 1876 degredi
434 1805 636 1875 jussuS.
699 1803 912 1858 Valenti
938 1804 1205 1858 inferioris
1229 1805 1498 1857 exercitus
1526 1805 1702 1872 electi,
1724 1827 1850 1861 cum

59 1876 237 1946 aquila
260 1877 463 1947 quintae
489 1876 718 1947 legionis
743 1887 799 1928 et
823 1876 1139 1928 cohortibus
1172 1875 1392 1946 alisque,
1417 1878 1484 1929 ad
1516 1877 1642 1930 XL.
1683 1879 1851 1933 millia

58 1959 386 2002 armatorum
412 1948 566 2001 data:
607 1946 793 2000 XXX.
820 1947 987 2000 millia
1014 1947 1237 2001 Caecina
1261 1965 1290 1999 e
1325 1949 1597 2018 superiore
1623 1949 1851 2004 Germa-

117 2127 298 2164 Valerius
315 2124 464 2178 Asiam]
497 2126 645 2165 Forsan
660 2126 763 2164 filius
780 2126 863 2174 ejus
882 2125 928 2164 de

58 2193 137 2231 quo
154 2186 218 2226 11,
239 2186 254 2218 l
277 2192 332 2230 sq.

113 2235 261 2272 Junius
293 2233 465 2285 Bloesus]
512 2232 637 2273 mlius
682 2235 782 2283 effus,
817 2234 928 2282 cujus

60 2289 209 2327 mutio
235 2289 287 2327 A.
310 2295 345 2337 1,
370 2295 432 2330 19.
460 2288 562 2327 Rud.
586 2295 630 2326 ut
657 2290 805 2327 Junius
821 2290 929 2326 Blae-

58 2355 138 2381 sus.

86 2414 90 2417 ·
113 2398 196 2435 Ala
227 2396 418 2448 Taurino]
452 2397 536 2435 MS.
563 2397 694 2435 Guelf.
721 2398 806 2436 edd.
832 2400 926 2435 vett.

66 2451 283 2491 Tauriana.
308 2453 414 2491 Ean.
467 2452 569 2490 Bud.
592 2452 781 2490 Taurinae.

100 2505 326 2548 ,Trebellius
353 2503 574 2557 Maximus]
606 2506 666 2543 De
697 2507 768 2544 hoc
797 2517 836 2543 v.
866 2509 930 2552 14,

115 2613 298 2650 Atroctns
306 2612 554 2664 proruperat]
575 2612 636 2652 sic
659 2612 770 2651 Mss.
784 2612 889 2652 Flor.
906 2624 932 2650 a

62 2678 167 2709 man.
187 2678 246 2716 pr.
262 2666 393 2704 Guelf.
410 2668 470 2705 ed.
497 2679 557 2717 pr.
588 2667 696 2707 Editi
722 2668 841 2705 ceteri
875 2666 932 2718 (et

62 2721 147 2758 eod.
178 2718 296 2770 Bud.)
329 2727 586 2772 proruperant
599 2734 614 2759 .·
650 2724 850 2770 tamquam
881 2721 930 2758 ad

62 2779 274 2824 utrumque
308 2775 535 2823 pertineret.
585 2775 759 2814 Verbum
788 2776 931 2813 discors

62 2841 153 2867 mox
191 2828 407 2878 praecedens
450 2829 544 2867 satis
577 2828 737 2876 indicat,
771 2829 816 2865 de
851 2841 930 2866 uno

63 2883 189 2921 Coelio
205 2894 420 2926 sermonem
445 2894 543 2925 esse.
600 2883 654 2922 Et
672 2883 727 2921 sic
753 2882 931 2933 placebat

35 2947 37 2949 ·
63 2938 183 2975 etiam
199 2938 237 2976 J.
254 2938 461 2975 Gronovio.
489 2939 596 2976 ERN.

122 2991 310 3030 (ὀιιυίσίἰε
329 2989 662 3042 proturbantibus]
693 2991 830 3030 Priscae
851 2990 930 3028 edi-

0 3043 2 3045 ’
62 3045 190 3086 tiones
214 3045 490 3094 proeurbatm:
519 3057 613 3095 quas
641 3045 791 3095 sequor.
819 3046 929 3084 ers.

65 3099 388 3144 Proturbantibue
428 3103 488 3148 est
520 3111 546 3136 a
576 3099 704 3139 Rhea.
744 3098 780 3151 (e
807 3097 927 3151 Bud.)

65 3153 322 3195 proturbatus
337 3155 455 3191 etiam
479 3153 609 3191 Guelf.
629 3151 764 3205 (Fl'or.)
783 3155 843 3190 ed.
869 3164 931 3202 pr.

64 3207 159 3253 Mox
171 3207 403 3256 peffugerit,
417 3210 559 3254 rectius
570 3207 807 3259 perfugeret.
824 3209 932 3247 ERN.

65 3261 158 3312 Agr,
169 3260 403 3312 profugerit.
627 3263 631 3266 ’

125 3315 312 3353 Cottianis
329 3313 512 3366 Alpibus]
532 3315 617 3360 MS,
628 3315 757 3353 Guelf.
770 3316 854 3353 edd.
869 3327 929 3364 pr.

43 3369 214 3406 1Pute01.
239 3370 501 3419 quottidianis.
528 3370 678 3408 vitiose.
717 3370 929 3408 Beroaldus

65 3422 187 3459 edidit
224 3421 422 3462 Cottianis.
450 3423 556 3462 ERN.
609 3422 712 3462 Bud.
745 3423 928 3463 Catianis.

67 3478 111 3514 c.
129 3481 194 3523 27.
212 3475 306 3512 dicit
324 3477 483 3515 Cottiae.

982 2138 1072 2175 que,
1091 2130 1247 2164 auctore
1274 2126 1400 2172 Livio,
1421 2126 1488 2176 qui
1515 2132 1632 2177 negat
1650 2140 1714 2166 eas
1733 2128 1852 2179 Alpes

982 2181 1038 2218 sic
1055 2181 1144 2226 dici,
1171 2180 1272 2230 quod
1287 2180 1461 2218 Annibal
1478 2182 1623 2220 I’oenus
1652 2195 1698 2220 ea
1724 2187 1853 2222 trans-

981 2235 1147 2283 miserit,
1174 2235 1240 2272 sed
1257 2246 1283 2272 a
1293 2235 1389 2284 jugo
1407 2235 1546 2273 excelsi
1573 2238 1732 2286 montis,
1750 2239 1852 2288 quod

981 2290 1129 2327 Penum
1157 2290 1291 2327 incolae
1317 2289 1464 2327 dicunt.
1519 2290 1654 2328 Fidem
1684 2294 1720 2331 ei
1750 2299 1853 2332 notae

983 2345 1101 2380 etiam
1127 2348 1261 2382 nostra
1285 2343 1420 2392 lingua
1436 2345 1548 2382 hodie
1575 2345 1684 2392 facit,
1701 2348 1768 2396 qui
1785 2359 1854 2385 ex-

982 2398 1084 2435 celsa
1100 2398 1231 2436 onmia
1247 2403 1286 2435 et
1302 2398 1344 2435 in
1359 2402 1516 2436 acutum
1543 2400 1741 2448 fastigiata
1757 2413 1852 2451 pen-

984 2464 1052 2489 nas
1084 2465 1262 2490 vocamus
1297 2451 1376 2489 sive
1410 2453 1562 2502 pinnaS.
1599 2455 1710 2492 Lirs.
1750 2456 1854 2495 Add.

984 2507 1096 2544 Ceut.
1114 2507 1144 2545 1.
1170 2508 1220 2544 ad
1244 2506 1354 2554 Belg.
1382 2519 1444 2555 ep.
1472 2513 1538 2546 93.
1565 2514 1606 2546 et
1620 2508 1722 2546 viros
1751 2511 1854 2547 doct.

982 2562 1030 2597 ad
1048 2561 1132 2598 Liv.
1152 2567 1218 2607 21,
1237 2567 1301 2599 38.
1330 2561 1421 2598 Mox
1441 2562 1598 2609 degredi
1624 2567 1726 2599 recte
1748 2563 1855 2600 Rhe-

983 2627 1108 2652 nanus
1143 2615 1262 2653 dedit.
1299 2615 1388 2652 Vid.
1421 2616 1470 2652 ad
1501 2615 1548 2653 A.
1580 2622 1618 2660 4,
1652 2621 1717 2656 419.
1750 2617 1854 2656 Add.

983 2671 1155 2707 Gronov.
1172 2670 1221 2706 ad
1239 2669 1383 2706 Melam
1403 2674 1440 2714 2,
1461 2673 1526 2706 45.
1555 2669 1661 2707 ERN.

1043 2722 1138 2762 Cum
1172 2724 1308 2772 aquila
1338 2724 1483 2773 quiutoe
1512 2722 1692 2774 legionis]
1727 2724 1854 2764 Vatic.

981 2776 1115 2822 habet,
1132 2777 1288 2826 aquilea·
1316 2777 1473 2826 quinne.
1502 2787 1522 2811 e
1551 2788 1628 2825 quo
1645 2778 1853 2826 legendum

984 2843 1080 2876 esse,
1098 2831 1260 2880 aquilam
1279 2831 1439 2881 quintas,
1465 2834 1537 2867 aut
1561 2831 1593 2867 si
1620 2833 1742 2881 magis
1769 2833 1853 2882 pla-

983 2889 1060 2931 cet,
1078 2885 1392 2935 quintaedecimoe‚
1407 2895 1478 2930 ego
1496 2885 1712 2925 censebam.
1741 2887 1854 2926 Lim.

982 2939 1195 2988 Vulgatum
1230 2943 1290 2976 est
1333 2938 1376 2976 in
1410 2938 1512 2976 Flor.
1549 2938 1683 2990 (Bud.)
1720 2940 1852 2980 Guelf.

983 2994 1069 3030 edd.
1102 2992 1298 3040 omnibuS,
1331 2996 1472 3041 praeter
1507 3004 1566 3041 pr.
1603 2993 1645 3031 in
1679 3007 1758 3044 qua
1791 3001 1852 3039 est

982 3047 1155 3097 aquilem,
1173 3051 1220 3084 ut
1238 3048 1280 3084 in
1296 3046 1422 3085 vatic.
1447 3046 1554 3085 ERN.

1035 3099 1080 3138 E
1119 3114 1207 3151 sup.
1238 3099 1462 3150 Germania]
1501 3101 1564 3140 Ex
1588 3101 1628 3139 h.
1656 3101 1680 3139 l.
1710 3101 1852 3140 collato

983 3166 1070 3192 cum
1089 3155 1145 3194 H.
1164 3161 1205 3202 4,
1225 3160 1288 3196 70.
1314 3155 1511 3192 Perrecior
1536 3156 1658 3199 docet,
1679 3157 1851 3204 superio-1

982 3221 1064 3246 rem
1094 3211 1356 3255 Germaniam,
1384 3209 1432 3245 ad
1461 3208 1582 3257 Alpes
1610 3221 1734 3259 usque
1762 3222 1852 3259 pro-

981 3267 1147 3310 tensam,
1178 3263 1400 3302 Helvetiam
1427 3273 1579 3312 quoque
1602 3266 1852 3313 comprehen-

983 3318 1096 3355 disse.
1147 3320 1264 3368 Legio
1296 3317 1411 3356 XXI.
1446 3316 1679 3355 Vindonissa
1710 3330 1850 3366 cogno—

982 3373 1144 3416 minata,
1163 3373 1216 3410 ibi
1232 3373 1437 3410 stationem
1456 3371 1637 3408 habebat.
1656 3372 1849 3410 Cfib'mn-

980 3426 1105 3464 didicr
1137 3427 1243 3468 Hist.
1269 3427 1315 3467 de
1343 3425 1383 3465 la
1407 3427 1517 3467 Pruv.
1545 3425 1720 3466 u'Alsace
1749 3432 1778 3464 t.
1813 3431 1848 3470 μ.

982 3492 1020 3530 p.
1043 3483 1130 3520 169.

118 3530 279 3569 Peninis
301 3529 437 3583 jugis]
473 3532 535 3570 Ita
568 3531 814 3573 scribendum
841 3531 928 3579 ubi·
981 3537 985 3541 ’
