2190 3880
648 145 654 166 ἰ
685 122 840 179 Lm.
855 123 1145 176 '11.20A'P.'
1172 127 1220 176 6.
1779 132 1853 182 91·

36 260 282 325 civilium
314 264 504 312 rerum·
545 252 786 328 'peritus-3
845 253 1128 326 egregium
1180 251 1529 326 Principatus
1578 253 1984 328 tempera-Au:

36 325 317 397 mensum,
338 330 402 396 si,
436 328 675 400 demptis
714 327 994 397 utriusque
1031 325 1198 390 vitiis,
1224 324 1355 378 solae
1391 323 1620 379 virtutes
1656 330 1848 382 misce·
1878 328 1973 370 893-

38 400 246 467 rentur-,3
285 401 574 454 ,Ceterum
615 400 710 452 hic
747 396 1056 471 Syriae,iile
1086 396 1301 451 Judaeae
1345 385 1993 483 praeposit11S,‘vici-A7·0⁰·“

37 475 130 528 nis·
149 475 548 546 provinciarum
570 466 1173 533 ,adminstrationibuffi
1201 468 1408 521 invidia
1436 469 1729 535 discordeS,
1755 489 1851 525 ex-
1899 531 1905 541 ,
1944 465 1964 478 ‘⁴

37 547 119 600 itu
147 546 366 599 demum
410 545 664 610 Neronis,
698 543 889 615 positis
933 542 1091 606 odiis,
1121 541 1176 592 in
1217 540 1456 593 medium
1502 542 1883 605 consumeres

23 615 398 691 *pri-nnimpe'r
434 615 670 670 amicos:
710 614 853 667 dein»
879 614 1157 686 praecipua
1181 613 1489 665 concordiae
1518 613 1650 666 fides
1677 612 1855 679 Titus,

7 715 18 733 s
40 690 208 762 prava
232 686 528 742 'certamina
545 688 823 740 communi
851 686 1088 738 utilitate
1108 686 1447 743 aboleverat:
1478 695 1672 738 natura
1691 697 1864 756 atque

38 775 154 815 arte
177 761 515 833 compositus
553 759 869 812 adliciendis
905 758 1069 810 etiam
1108 755 1360 810 Muciani
1397 758 1659 810 moribus,
1733 757 1858 810 Tri-.

41 832 690 900 bunisCenturionesque
717 840 776 882 etv
799 829 992 902 vulgus
1027 829 1280 894 militum,
1305 830 1588 895 industria,
1615 830 1860 895 licentia,

38 922 136 977 per
163 903 414 969 v‘iitujteS,
446 922 540 975 per
568 903 891 973 voluptateS‚
921 916 981 954 nt
1025 902 1222 971 cuique
1260 902 1561 972 ingenium,
1589 902 1859 955 adscisce-⁷

40 978 285 1029 bantur.¹
323 975 639 1046 ‘Antequam
678 974 836 1029 Titus
880 975 1212 1038 adventaret,
1241 985 1635 1026 sacramentum
1675 973 1903 1041 Otho-6

0 1073 2 1075 ’
39 1049 125 1102 nis
163 1061 446 1122 acceperat
491 1059 714 1117 uterque
759 1048 1052 1109 exercitus»,
1098 1046 1493 1116 praecipitibuS‚
1531 1057 1592 1098 ut
1629 1046 1855 1113 adsolet,

41 1121 269 1185 nuntiiS‚
307 1131 363 1172 et
406 1120 560 1172 tarda
597 1119 738 1171 mole
777 1116 1316 1187 civilis-belli‚'quod
1353 1118 1519 1189 longa
1563 1119 1857 1172 concordia
1898 1155 1902 1157 Δ

43 1192 274 1262 quietus»
304 1192 500 1246 Oriens
529 1203 659 1243 tunc
703 1191 934 1261 primum
967 1190 1208 1260 parabat.
1285 1188 1538 1259 Namque
1563 1190 1693 1242 olim
1720 1191 1859 1244 vali-

42 1265 264 1317 dissima
303 1265 443 1317 inter
481 1281 536 1315 se
583 1263 785 1315 civium
831 1280 996 1326 arma,
1025 1261 1079 1312 in
1127 1259 1287 1312 Italia
1335 1261 1600 1328 Galliave,
1648 1262 1855 1316 viribus

46 1335 365 1400 Occidentis
403 1346 629 1405 coepta.
686 1333 758 1387 Et
803 1334 1087 1404 Pompeio,
1124 1331 1334 1397 Cassi0‚
1369 1334 1562 1398 Brut0,
1590 1332 1857 1400 Antoni0‚

42 1427 180 1479 quos
226 1424 411 1462 omnes
454 1419 599 1459 trans
647 1425 794 1459 mare
835 1418 1078 1458 secutum
1123 1417 1205 1456 est
1255 1405 1414 1458 civile
1453 1406 1671 1470 bellum,
1711 1406 1887 1459 haud'

41 1481 285 1551 prosperi
311 1480 491 1533 exitus
514 1479 743 1531 fuerant.
819 1478 1118 1548 Auditique
1145 1478 1426 1547 saepiusin
1466 1478 1623 1549 Syria
1667 1477 1859 1532 Judae-

43 1570 183 1622 aque
235 1551 497 1616 Caesares,
551 1570 712 1620 quam
765 1551 1019 1621 inspecti.
1096 1549 1260 1601 Nulla
1309 1551 1502 1602 seditio
1541 1550 1856 1620 legionum:

48 1633 259 1676 tantum
307 1625 560 1676 adversus
600 1622 830 1674 Parthos
872 1622 1053 1685 minae,
1092 1621 1240 1672 vario
1278 1634 1495 1675 eventu.
1572 1621 1642 1673 Et
1670 1623 1857 1692 proxi-

45 1714 139 1748 mo
167 1695 312 1748 civili
343 1695 503 1761 bello,
529 1695 757 1746 turbatis
784 1694 923 1757 aliis,
950 1694 1270 1746 inconcussa
1296 1695 1373 1746 ibi
1403 1713 1509 1764 pax
1533 1715 1544 1748 :
1571 1694 1696 1745 dein
1725 1693 1858 1746 fides

45 1786 176 1840 erga
203 1768 458 1821 Galbam.
514 1765 675 1829 Mox,
701 1778 781 1831 ut,
813 1764 1060 1818 Othonem
1086 1783 1144 1816 ac
1179 1763 1441 1817 Vitellium
1465 1764 1673 1818 scelestis
1702 1766 1859 1818 armis

44 1858 120 1892 res
148 1838 411 1893 Romanus
437 1847 638 1908 raptum
663 1838 753 1902 ire,
782 1837 1062 1907 vulgatum
1089 1848 1189 1902 est,
1215 1855 1283 1888 ne
1311 1855 1473 1908 penes
1509 1849 1716 1890 ceteros
1746 1837 1860 1890 [m-

0 1961 4 1962 .
46 1912 181 1982 perii
224 1911 465 1982 praernia,
494 1928 655 1981 penes
702 1910 849 1981 ipsos
888 1919 1098 1961 tanturn
1138 1910 1342 1960 servitii
1382 1910 1671 1962 necessitas
1700 1922 1859 1975 esset,

47 1983 274 2035 fremere
311 1982 464 2034 miles
492 1994 548 2033 et
590 1982 726 2034 vires
765 2000 886 2032 suas
930 1980 1363 2051 circumspicere.
1441 1981 1659 2052 Septem
1686 1982 1860 2053 legio-

48 2073 143 2108 nes
163 2055 343 2107 statim
374 2065 428 2105 et
451 2072 573 2107 curn
599 2054 910 2124 ingentibus
934 2052 1150 2105 auxiliis
1177 2053 1336 2122 Syria
1357 2052 1692 2124 Judaeaque:
1732 2054 1860 2107 inde

45 2127 310 2179 continua.
358 2125 636 2197 AEgyptus
696 2125 927 2195 duaeque
986 2124 1258 2195 legiones:
1321 2125 1452 2178 hinc
1505 2125 1861 2197 Cappadocia

47 2198 364 2268 Pontusque
415 2210 469 2249 et
515 2197 781 2268 quidquid
820 2208 1119 2249 castrorum
1160 2195 1434 2249 Armeniis
1480 2197 1858 2268 praetenditur.

45 2271 180 2346 Asia
206 2283 261 2323 et
299 2281 493 2324 ceterae
524 2269 840 2341 provinciae,
875 2287 973 2321 nec
1017 2268 1254 2321 virorum
1282 2270 1471 2342 inopes
1519 2281 1574 2322 et
1611 2271 1860 2342 pecuniae

45 2431 151 2468 enim
169 2430 400 2468 Mucianum
417 2429 695 2478 elegantiorem
708 2434 748 2468 et
760 2429 925 2478 diligen·
1032 2431 1216 2479 Duoeque
1246 2429 1433 2480 legiones]
1474 2429 1611 2468 Paullo
1641 2429 1758 2467 aliter
1787 2430 1862 2468 hoc

46 2486 187 2524 tiorem
217 2486 339 2522 fuisse
367 2484 409 2521 in
438 2484 692 2533 dispositione
719 2488 760 2521 et
789 2484 925 2522 ordine
978 2483 1086 2523 olim.
1118 2485 1222 2522 Nam
1249 2484 1296 2522 C.
1315 2484 1461 2532 Caesar,
1491 2487 1664 2534 AEgypto
1691 2484 1860 2532 devicta,

47 2541 240 2586 omnium,
267 2551 354 2589 quae
376 2543 511 2587 ageret
542 2540 720 2588 circaque
749 2539 925 2576 haberet.
978 2539 1137 2576 treszin
1179 2550 1228 2575 ea
1268 2538 1440 2586 legiones
1483 2540 1656 2588 reliquit.
1710 2539 1861 2577 Auctor

51 2594 181 2634 Quale
199 2599 273 2638 est,
291 2594 394 2642 quod
411 2594 458 2629 de
475 2593 714 2642 Vespasiano
734 2596 843 2631 Suet.
863 2598 932 2630 21.
981 2593 1192 2631 Suetonius
1210 2594 1252 2631 in
1267 2594 1293 2630 J
1297 2593 1351 2630 ul.
1371 2597 1437 2634 76.
1454 2596 1660 2643 Augustus
1677 2605 1767 2630 eum
1786 2605 1861 2630 nu-

50 2647 232 2684 Ordt‘nem
244 2649 333 2684 vitoe
333 2647 423 2695 sere
433 2647 532 2696 Ῐιριπι·
543 2650 678 2687 tenuit.
690 2652 764 2685 etc.
776 2649 928 2685 Plinius
981 2659 1134 2686 merum
1163 2649 1345 2693 retinuit,
1364 2649 1443 2685 imo
1472 2652 1513 2685 et
1539 2647 1749 2686 Tiberius:
1784 2647 1860 2685 sub

48 2701 124 2750 Ep.
144 2707 185 2746 2,
208 2707 268 2738 ll.
287 2701 447 2738 Salvius
456 2702 664 2748 Liberalis,
684 2704 744 2739 vir
759 2703 928 2748 subtilis,
982 2714 1060 2750 quo
1094 2702 1234 2739 Strabo
1264 2713 1356 2738 sane
1382 2703 1498 2748 vixit,
1529 2707 1570 2739 et
1600 2703 1681 2739 haec
1702 2701 1862 2751 scripsit

48 2756 269 2806 dispo-sitm,
305 2767 406 2799 acer,
441 2755 619 2793 cli-sertus.
649 2757 793 2797 Noster
820 2756 926 2792 infra
978 2756 1048 2793 lib.
1084 2762 1146 2795 17.
1170 2769 1211 2804 p.
1239 2761 1332 2796 797.
1378 2756 1490 2794 ''Ee-rs
1518 2753 1553 2794 δὲ
1587 2755 1646 2807 (in
1663 2756 1856 2807 AEgypto)

48 2813 117 2847 68.
150 2810 275 2859 Apud
295 2810 501 2846 Vitellium
520 2812 651 2847 omnia
679 2811 925 2859 indisposita,
981 2807 1067 2863 τρία
1097 2809 1301 2858 τάγματα·
1332 2808 1379 2847 ἦν
1410 2810 1452 2848 τὸ
1479 2808 1512 2848 ’ἐν
1543 2810 1649 2850 κατὰ
1669 2810 1734 2852 τὴν
1752 2810 1861 2849 αὖλιν

48 2866 272 2902 temulenta.
328 2863 436 2900 Adde
465 2863 515 2899 ad
543 2863 632 2901 Seu.
662 2863 709 2900 de
738 2865 798 2901 ira
826 2870 866 2910 3,
886 2867 926 2900 6.
977 2861 1136 2915 ‘Qu-m,
1165 2862 1326 2901 τ’ίίλλα
1342 2861 1420 2901 δ’ἔν
1439 2866 1487 2916 τῇ
1507 2862 1634 2918 χώρᾳ.
1692 2866 1766 2904 Sed
1790 2866 1860 2904 'ri-

50 2918 112 2956 sic
161 2919 287 2966 igitur
325 2918 563 2966 Vespasiano
602 2919 826 2967 dispositior
865 2917 927 2955 vel
981 2917 1113 2957 berius
1148 2922 1283 2955 tamen
1317 2929 1397 2956 non
1433 2919 1476 2956 in
1511 2919 1685 2967 longum.
1738 2920 1860 2958 Anno

50 2973 183 3022 aptior
197 2973 385 3021 dispositu
405 2973 628 3009 Mucianus.
673 2973 782 3011 Idem
800 2975 929 3021 aptior
981 2974 1086 3011 enim
1118 2972 1281 3021 Imperii
1311 2973 1395 3020 ejus
1426 2985 1530 3011 nono
1558 2974 1721 3011 Tacitus
1753 2975 1861 3012 clare

46 3028 223 3076 provisu,
241 3027 313 3063 hoc
343 3031 419 3071 est,
448 3027 572 3075 magis
599 3027 784 3075 providus
811 3031 853 3064 et
871 3027 928 3064 di·
981 3027 1077 3067 duas
1095 3027 1234 3064 saltem
1251 3027 1422 3076 legiones
1452 3029 1623 3077 AEgypto
1641 3029 1857 3067 adtribuit:

51 3080 168 3118 vinus
186 3085 228 3117 et
245 3081 463 3129 pensitator
480 3081 621 3127 futuri,
637 3082 822 3130 quicquid
841 3093 932 3130 age·
985 3082 1047 3118 uti
1067 3087 1107 3118 et
1136 3082 1200 3118 hic
1218 3081 1266 3119 A.
1302 3087 1343 3127 4,
1362 3087 1400 3119 5.
1461 3084 1596 3120 Cetera
1614 3083 1766 3132 Asricoe
1788 3097 1861 3133 per

53 3138 128 3178 ret.
164 3136 301 3172 GRON.
331 3135 466 3173 Savilii
495 3136 597 3172 ratio
613 3137 743 3184 potior
760 3137 856 3173 mihi
875 3137 932 3173 vi·
985 3136 1085 3173 dum·
1103 3136 1273 3186 legiones
1283 3138 1449 3186 parique
1463 3149 1620 3174 numero
1638 3139 1860 3188 [Egyptus.

57 3189 173 3226 detur
191 3201 279 3226 cum
297 3190 388 3237 Bip.
403 3191 471 3238 qui
488 3190 609 3228 etiam
620 3194 741 3236 recte,
755 3195 800 3227 ut
818 3194 930 3239 puto,
986 3189 1163 3227 Observa
1195 3201 1288 3238 crgo
1318 3190 1471 3239 obiter3
1500 3191 1632 3240 paullo
1648 3193 1793 3229 certius
1812 3193 1861 3228 de

54 3248 251 3291 reponunt
268 3245 448 3291 sermoni,
478 3245 595 3282 dandi
623 3244 767 3295 quip'pe
794 3257 926 3284 casum
982 3245 1185 3282 Strabonis
1213 3245 1438 3294 scriptione,
1474 3258 1589 3294 quam
1627 3247 1732 3283 vides
1770 3257 1862 3283 eum

55 3299 224 3346 requirit
241 3300 381 3347 aptior.
983 3299 1141 3336 desiisse
1157 3303 1250 3336 ante
1269 3301 1373 3337 hunc
1398 3312 1547 3337 nonum
1561 3300 1766 3338 Tiberiani
1783 3302 1861 3338 Im-

112 3353 232 3388 Vario
249 3351 401 3402 eventu]
436 3352 599 3401 Respice
624 3353 674 3390 ad
702 3354 753 3390 A.
778 3357 840 3399 15,
863 3359 928 3391 24.
985 3354 1086 3402 perii
1104 3365 1266 3391 annum.
1321 3355 1449 3401 Addo,
1472 3355 1712 3404 Egesippum
1741 3356 1859 3391 etiam

56 3409 122 3443 27.
149 3406 212 3443 Sic
229 3417 310 3442 non
327 3418 427 3454 opus
442 3407 610 3444 Acidalii
630 3420 739 3444 vam.
984 3408 1030 3443 dc
1059 3409 1211 3446 duabus
1239 3409 1299 3445 his
1327 3409 1548 3457 legionibus
1577 3410 1765 3446 adsentiri
1783 3409 1861 3445 Ta-

116 3459 228 3506 Vires
241 3472 334 3502 secas
348 3461 650 3511 circumspicere]
684 3462 711 3498 i.
728 3473 763 3500 c.
779 3461 932 3498 intelle·
985 3463 1063 3499 cito
1082 3468 1122 3508 4,
1142 3465 1206 3500 26.
1261 3463 1362 3500 Esse
1378 3466 1497 3501 etiam
1526 3465 1610 3501 illie
1645 3464 1739 3500 dnos
1758 3462 1861 3508 ordi-

55 3513 128 3549 ctis
155 3513 305 3550 viribus
321 3516 401 3553 suis
427 3516 707 3564 arrogantiam,
729 3516 866 3555 saltem
890 3517 933 3554 fi·
987 3530 1053 3551 nes
1070 3518 1303 3554 militariam
1323 3518 1505 3563 virorum,
1522 3530 1612 3567 quos
1629 3517 1703 3553 sibi
1721 3516 1861 3565 adjum-

50 3568 213 3619 nuciam
231 3578 399 3619 sumere.
427 3570 534 3607 ERN.
990 3583 1075 3618 gere
1104 3572 1365 3619 Vespasianus
1379 3573 1614 3621 properavit.
1644 3571 1754 3608 Ln‘s.
