2190 3880
271 155 335 207 52
860 148 1453 201 HISTORIARUM

142 300 258 341 mu,
273 284 360 335 sus
388 279 601 344 Galbae,
627 290 901 351 tamquam
927 279 1196 333 detectam
1233 298 1265 331 a
1291 296 1346 331 se
1371 274 1618 350 Verginii
1643 282 2066 350 cunctationem,

150 357 240 394 823·
272 368 528 424 oppressa
566 350 851 423 Capitonis
893 350 1119 403 consilia
1157 354 1368 421 ingrate
1407 350 1635 416 tulisset,
1676 353 1932 424 instigare
1970 355 2066 407 Vi·

140 409 495 503 A..'Oc·telliurn,
532 422 761 475 ardorem
805 420 1024 474 milita-m
1066 430 1361 474 ostentans,
1437 421 1612 491 Ipsum
1654 422 1835 477 celebri
1883 425 2068 497 ubique

170 482 181 506 ¹
218 492 229 503 ”
251 495 446 568 fama.-
488 494 681 548 nullam
716 494 770 545 in
809 491 992 546 Flacco
1027 492 1321 545 Hordeonio
1356 510 1548 545 moram
1570 514 1586 546 .·
1624 493 1801 567 adfore
1846 493 2064 548 Britan-

267 566 437 620 m'am:
473 573 703 619 secutura
743 563 1116 617 Germanorum
1151 563 1376 617 auxilia:
1414 564 1546 615 male
1568 563 1714 634 fidas
1741 567 2063 637 provincias:

257 638 549 710 precariam
571 636 677 689 seni
703 634 980 706 Imperium
1013 644 1059 688 et
1086 635 1226 688 brevi
1262 636 1610 705 transituram.
1643 637 1885 708 panderet
1917 637 2062 691 modo

264 710 431 763 sinum
454 716 502 762 et
536 707 754 760 venienti
790 706 1028 759 Fortunce
1061 715 1356 759 occurreret.
1430 707 1627 759 Merito
1663 708 1910 762 dubitasse
1940 708 1993 762 V
1985 725 2063 762 er·

260 781 481 853 ginium,
512 778 751 850 Equestrz'
763 776 1003 850 familia,
1033 777 1204 852 =ignoto
1232 788 1419 847 patre.-
1458 778 1702 849 inparem,
1733 780 1777 832 si
1811 781 2064 852 recepisset

269 851 567 924 Imperium,
591 857 772 914 cutiam,
796 849 840 901 sz'
862 857 1139 901 recusasset.
1206 843 1408 902 Vitellio
1430 858 1526 901 tres
1542 851 1711 920 patris
1740 850 2062 917 Consulatus,

271 922 566 987 Censuram,
591 919 869 994 conlegium
895 919 1125 985 Caesaris,
1155 919 1390 990 inponere
1399 921 1711 992 jampridem
1735 922 2064 994 Imperatoris

181 1003 249 1050 53
265 994 623 1066 dignationem,
675 990 876 1065 auferre
915 990 1118 1062 privati
1157 992 1489 1044 securitatem.
1564 995 1928 1053 Quatiebatur
1976 995 2060 1048 his

266 1084 430 1138 segne
454 1064 754 1137 ingenium,
780 1074 843 1116 ut
869 1064 1279 1135 concupisceret
1313 1065 1505 1135 magiS,
1530 1083 1691 1135 quam
1720 1078 1783 1119 ut
1807 1078 2061 1139 speraret.

262 1134 340 1191 At
380 1138 437 1190 in
477 1136 750 1208 superiore
791 1135 1104 1200 Germania,
1146 1135 1387 1200 Caecina,
1433 1135 1628 1188 decora
1654 1137 1903 1208 juventa,
1941 1157 2062 1193 cor-

261 1227 393 1281 pore
445 1209 655 1280 ingenS,
699 1206 866 1261 animi
908 1206 1232 1272 inmodicuS,
1273 1208 1409 1260 scito
1452 1225 1715 1275 sermone,
1759 1215 1938 1268 erecto
1977 1211 2062 1264 in-

262 1298 433 1348 cessu,
482 1279 663 1332 studia.
708 1278 944 1332 militum
994 1277 1276 1332 inlexerat.
1351 1277 1518 1331 Hunc
1559 1280 1820 1350 juvenem
1865 1281 2061 1348 Galba,

263 1351 605 1412 Quaestorem
634 1350 689 1404 in
714 1350 942 1418 Baetica,
969 1349 1183 1422 inpigre
1214 1352 1268 1403 in
1296 1362 1472 1422 partes
1503 1370 1623 1404 suas
1651 1364 2062 1424 transgressum,

260 1423 465 1496 legioni
510 1421 835 1495 praeposuit:
875 1438 1006 1474 mox
1046 1434 1403 1493 compertum,
1457 1423 1728 1493 publicam
1775 1426 2064 1496 pecuniam

262 1497 535 1561 avertisse,
587 1507 648 1546 ut
693 1493 1059 1566 peculatorem
1109 1494 1344 1565 flagitari
1388 1494 1571 1564 jussit.
1648 1495 1871 1550 Caecina
1914 1515 2062 1569 aegre

258 1576 466 1639 passus,
490 1566 715 1621 miscere
741 1577 940 1619 cuncta
963 1575 1019 1618 et
1044 1566 1256 1637 privata
1281 1565 1501 1620 vulnera
1537 1565 1876 1639 Reipublicae
1905 1569 2061 1622 maiis

260 1640 470 1722 operire
514 1639 720 1692 statuit.
796 1636 916 1691 Nec
954 1637 1178 1690 deerant
1214 1638 1270 1690 in
1317 1637 1562 1691 exercitu
1604 1638 1810 1694 semina
1854 1639 2062 1694 discor-

261 1711 390 1765 drae:
430 1709 573 1782 quod
602 1718 658 1762 et
697 1708 835 1762 bello
861 1709 1115 1771 adversus
1155 1709 1442 1762 Vindicem
1480 1711 1758 1764 universus
1785 1710 2059 1778 adfuerat,

258 1782 507 1847 nec,‘nisi
535 1781 716 1835 occiso
746 1780 982 1846 Nerone,
1010 1781 1295 1834 translatus
1323 1781 1377 1833 in
1409 1779 1661 1848 Galbam,
1700 1791 1863 1854 atque
1900 1783 1956 1836 in
1993 1802 2059 1836 eo

257 1854 379 1925 ipso
424 1864 760 1908 sacramento
813 1851 1024 1905 vexillis
1072 1851 1341 1906 inferioris
1389 1852 1698 1907 Germaniae
1751 1855 2059 1926 praeve'ntus

259 1938 391 1978 erat.
467 1924 539 1978 Et
563 1924 782 1977 Treveri
809 1942 872 1977 ac
903 1924 1194 1995 Lingones,
1219 1942 1459 1995 quasque
1485 1925 1613 1978 alias
1641 1925 1890 1979 civitates
1915 1938 2059 1980 atro—

257 1996 411 2050 cibus
437 1995 628 2050 edictis
665 2008 759 2050 aut
785 1996 983 2049 damno
1019 1995 1212 2050 finium
1239 1995 1419 2051 Galba
1461 1996 1779 2068 perculerat,
1817 1997 2059 2052 hibernis

1182 2162 1244 2201 ed.
1272 2162 1423 2202 Puteol.
1451 2166 1618 2211 utraque
1646 2163 1785 2212 copula
1805 2158 1927 2209 caret,
1955 2164 2058 2213 quod

1182 2218 1278 2254 mihi
1295 2219 1487 2267 optimum
1515 2218 1684 2255 videtur.
1730 2219 1778 2255 In
1795 2219 1856 2256 ed.
1875 2219 2057 2256 Beroaldi

254 2163 378 2201 lienus
392 2163 493 2202 alius
511 2163 688 2213 pluribus
709 2164 804 2201 locis
821 2173 884 2212 ap.
902 2163 1127 2201 Ciceronem

253 2219 438 2264 occurrit,
454 2218 639 2256 Trebonii
669 2217 840 2268 primum
857 2219 1041 2267 Legatos,
1063 2217 1129 2253 de-

250 2272 344 2309 inde
361 2271 588 2319 Dolabellae,
616 2273 761 2310 Praetor
778 2272 946 2310 Lentulo
963 2275 1003 2308 et
1021 2271 1129 2308 Mar·

254 2325 352 2364 cello
379 2336 491 2365 coss.
533 2327 636 2364 Loca
665 2327 752 2364 vide
780 2326 822 2363 in
855 2326 972 2364 Clave
1006 2326 1131 2363 Cicer.

253 2380 446 2418 Scribitur
462 2381 502 2418 in
519 2379 632 2418 libris
650 2382 734 2419 Cic.
754 2380 835 2417 fere
851 2385 923 2430 per
942 2380 1086 2429 duplex
1104 2381 1133 2416 l.

254 2435 477 2474 Occurrunt
507 2435 626 2472 etiam
659 2434 837 2481 Halieni‚
872 2435 940 2483 qui
980 2439 1021 2471 et
1052 2434 1128 2483 ipsi

252 2491 398 2527 Alieni.
414 2485 534 2528 Tusc.
553 2495 593 2536 4,
612 2494 679 2527 22.
707 2487 777 2526 ubi
796 2487 874 2526 vid.
893 2489 1051 2527 Davies.
1079 2488 1128 2526 ad

253 2546 303 2584 Q·
330 2544 394 2582 Fr.
419 2549 456 2590 1,
482 2549 518 2589 1,
537 2549 575 2581 3.
603 2544 712 2584 ERN.
765 2542 909 2580 Differt
932 2546 1065 2580 autem
1093 2544 1127 2579 is

254 2598 406 2635 Caecina
432 2609 458 2634 a
486 2596 635 2635 Licinio
653 2598 822 2645 caecina,
841 2597 887 2634 de
913 2607 990 2646 quo
1009 2597 1064 2634 H.
1084 2602 1126 2643 9,

252 2656 317 2688 53.
357 2652 542 2690 Ceterum
572 2652 672 2701 lapis
697 2652 900 2702 antiquus,
931 2650 980 2688 ad
1009 2662 1125 2701 quem

250 2711 432 2754 provocat
463 2705 648 2752 Ursinus,
685 2703 869 2745 Reinesio
894 2703 938 2743 i‘n
964 2710 1026 2754 ep.
1057 2709 1126 2752 21,

251 2770 289 2808 p.
309 2763 373 2798 61.
392 2761 546 2798 videtur
564 2757 723 2799 νοθεύειν.

303 2815 510 2853 Deteetam
555 2826 580 2852 a
624 2827 663 2852 se
698 2812 787 2865 eta]
834 2813 1049 2853 Rhenanus
1088 2813 1125 2866 (e

249 2867 366 2918 Bud.)
401 2870 570 2906 correxit
594 2869 740 2907 detecta
771 2882 795 2905 a
820 2880 859 2905 se
883 2870 1127 2906 cunctatione

249 2920 431 2970 offensus,
464 2927 511 2961 ut
542 2925 696 2970 opinor,
724 2923 929 2959 omissione
961 2922 1124 2971 copulae,

249 2978 334 3024 quos
375 2980 508 3014 tamen
554 2979 595 3013 in
629 2976 768 3015 Tacito
796 2975 993 3025 frequens.
1050 2976 1124 3014 Sed

248 3030 404 3080 Lipsius
422 3040 557 3068 rursus
586 3030 708 3083 edidit
720 3030 920 3082 priscum,
938 3038 1027 3068 cum
1044 3040 1128 3067 om-

247 3082 364 3122 nibus
393 3088 482 3134 post
509 3091 599 3122 eum
626 3083 856 3123 editoribus.
901 3083 974 3122 Ed.
995 3096 1054 3134 pr.
1070 3085 1127 3122 vi-

246 3140 343 3176 tios'e
374 3138 576 3176 decretam.
615 3135 784 3176 stlisset
814 3140 986 3186 ing-rate,
1013 3142 1073 3176 est
1099 3143 1125 3175 a

248 3204 286 3230 se
305 3194 529 3242 accepisset,
559 3192 633 3229 sibi
653 3191 827 3238 deb-eret,
845 3202 972 3242 neque
987 3196 1124 3230 tamen

248 3248 405 3296 premio
435 3248 552 3295 digno
582 3258 623 3284 se
658 3246 862 3284 affecisset.
899 3247 1007 3285 Eas.
1061 3246 1123 3284 De

248 3313 290 3338 re
306 3301 390 3354 ipsa
406 3313 443 3339 v.
462 3312 495 3338 c.
517 3306 552 3338 8.
571 3304 611 3337 et
628 3305 669 3339 9.

306 3356 522 3404 Collegium
551 3351 732 3405 Caesart's]
762 3353 869 3391 Suet.
898 3352 978 3390 vit.
1005 3358 1045 3390 2.
1070 3353 1122 3391 L.

253 3410 449 3456 Vitellius,
471 3409 722 3461 Imperatoris
742 3414 873 3457 pater,
891 3418 979 3444 cam
1005 3407 1123 3445 Clau-

247 3465 309 3500 dio
327 3461 512 3514 Principe
537 3463 633 3499 duos
655 3461 871 3499 ordinarios
889 3460 1123 3499 consulatus

249 3520 531 3569 Censuramque
545 3516 681 3566 gessit.
737 3515 832 3552 Mox
850 3521 886 3553 et
903 3516 998 3565 imp.
1015 3514 1119 3552 Flor.

247 3572 304 3609 ed.
320 3583 379 3621 pr.
396 3571 505 3610 Pich.
519 3581 625 3619 seqq.
654 3571 709 3609 At
723 3568 809 3609 MS.
828 3566 967 3619 (Bne.)
989 3569 1120 3609 Gueif.

1181 2272 1373 2320 posterior
1387 2272 1561 2316 accessit,
1577 2283 1668 2308 casu
1696 2273 1822 2310 forte:
1851 2277 1955 2310 certe
1978 2283 2058 2310 non

1187 2336 1208 2362 c
1225 2325 1348 2363 libro:
1379 2327 1481 2375 quod
1498 2330 1695 2363 servatum
1714 2331 1774 2364 est
1791 2338 1914 2376 usque
1931 2327 1979 2364 ad
1997 2327 2062 2364 Pi-

1186 2381 1362 2417 chenam.
1419 2379 1553 2417 Simile
1571 2391 1685 2417 mox:
1704 2387 1749 2418 nt
1765 2387 1935 2430 speraret
1951 2381 2057 2420 mor.

1182 2431 1314 2473 Guelf.
1330 2434 1481 2472 Puteol.
1497 2434 1677 2471 Beroald.
1693 2434 1779 2473 Alc.
1809 2435 1864 2472 At
1881 2438 1927 2471 at
1946 2433 2058 2473 abest

1182 2489 1232 2526 ab
1255 2489 1372 2540 (Bud.
1391 2487 1504 2538 Agr.)
1525 2488 1586 2526 ed.
1605 2501 1664 2537 pr.
1681 2488 1811 2527 Rhen.
1830 2499 1912 2538 sqq.
1932 2498 2057 2537 usque

1180 2543 1229 2580 ad
1245 2543 1353 2580 Pich.
1373 2543 1468 2579 item
1489 2542 1539 2580 ab
1558 2542 1619 2579 ed.
1639 2542 1790 2591 Ryckii.
1818 2543 1925 2581 ERN.
1981 2545 2057 2580 Co-

1180 2597 1314 2645 pulam
1334 2601 1542 2646 utramque
1561 2597 1684 2633 delevi
1702 2597 1924 2636 Budensem
1947 2608 2057 2635 secu-

1179 2657 1259 2691 tus.
1316 2651 1538 2700 Legebatur
1554 2657 1592 2688 et
1609 2653 1767 2701 impon..
1783 2678 1793 2688 .
1808 2656 1845 2689 et
1863 2652 2030 2700 mtfirre.

1241 2705 1324 2745 Cito
1341 2704 1526 2755 sermone]
1558 2704 1637 2752 An,
1664 2707 1760 2743 seito
1776 2705 1798 2743 ?
1825 2707 1937 2743 ers.
1993 2706 2057 2744 Sic

1180 2763 1220 2797 et
1248 2759 1335 2797 aliis
1361 2758 1533 2805 videtur,
1550 2759 1761 2806 Groslotio,
1778 2760 1956 2798 Acidalio
1980 2764 2056 2798 ete.

1180 2826 1305 2864 neque
1349 2815 1522 2864 recipere
1567 2812 1757 2852 dubitavi.
1809 2814 1911 2851 Nam
1954 2814 2058 2852 citus

1177 2880 1299 2906 sermo
1325 2872 1385 2905 est
1417 2869 1459 2905 in
1489 2868 1599 2914 vitio,
1634 2879 1705 2905 nec
1732 2868 1783 2905 ad
1813 2868 1943 2904 studia
1970 2867 2059 2905 alli-

1178 2922 1316 2959 cienda
1330 2924 1461 2971 aptus.
1518 2923 1646 2960 Facile
1665 2925 1788 2972 patet,
1804 2921 1959 2959 literam
1975 2922 2057 2971 pri-

1178 2987 1282 3014 mam
1300 2976 1523 3026 absorptam
1544 2988 1626 3014 esse
1650 2976 1758 3013 finali
1786 2976 2055 3025 praecedentis,

1180 3033 1235 3068 sie
1254 3031 1344 3067 infr.
1365 3037 1405 3078 2,
1426 3035 1464 3068 5.
1493 3032 1621 3080 aptior
1645 3041 1814 3068 srmone
1828 3030 2063 3068 Mucianus.-

1180 3084 1302 3122 Aliud
1322 3089 1381 3122 est
1391 3091 1571 3135 promtus
1591 3094 1760 3121 sermone
1778 3084 1831 3121 Η.
1850 3089 1891 3130 2,
1913 3086 1975 3122 86.
2004 3094 2055 3122 ne

1178 3139 1264 3188 quis
1293 3138 1383 3176 inde
1412 3138 1673 3176 defensionem
1698 3139 1855 3175 lectioni
1887 3138 2054 3187 vulgata

1178 3194 1301 3241 petat.
1356 3192 1452 3229 Mox
1468 3192 1663 3238 illexerat,
1682 3193 1784 3241 quod
1807 3205 1828 3228 e
1850 3192 1953 3230 Flor.
1972 3191 2053 3229 edi-

1176 3247 1236 3284 dit
1251 3247 1435 3292 melaena,
1463 3245 1611 3283 habent
1629 3247 1747 3284 etiam
1766 3244 1897 3283 Guelf.
1916 3246 1975 3282 ed.
1993 3257 2053 3293 pr.

1177 3302 1390 3349 ceteraque
1409 3303 1501 3336 ante
1527 3300 1706 3337 Rhenan.
1725 3300 1766 3336 in
1785 3300 1896 3347 cujus
1912 3300 2051 3337 editio-

1177 3364 1266 3391 nem
1296 3355 1454 3403 irrepsit
1483 3352 1520 3405 (e
1544 3353 1662 3405 ΒΜ.)
1693 3354 1895 3391 allexerat.
1950 3353 2054 3391 musi

1175 3412 1235 3446 est
1260 3412 1415 3445 suetum
1443 3407 1581 3446 Tacito
1609 3408 1787 3446 verbum.
1817 3407 1925 3445 ERN.
1977 3406 2053 3446 Sed

1176 3462 1341 3500 adlicere
1357 3473 1435 3499 non
1452 3463 1596 3500 minus.
1625 3462 1712 3500 Vid.
1731 3473 1765 3499 c.
1785 3465 1852 3498 61.
1868 3464 1909 3497 et
1927 3468 1967 3510 2,
1987 3466 2023 3499 5.

1227 3515 1329 3554 Moa-
1372 3516 1621 3568 compertum]
1662 3517 1752 3554 Non
1797 3516 1892 3555 item
1931 3515 2050 3562 male,

1174 3575 1382 3621 compertu.
1407 3570 1519 3609 Ltrs.
2041 3575 2045 3579 ·
