2190 3880
233 139 333 182 384
757 132 811 180 c,
846 129 1235 217 CORNELJQS
1268 127 1551 183 TACITUS
1583 151 1586 153 ·
1688 121 1769 178 .;

250 253 476 326 propior
501 254 831 308 constantiae
858 265 959 308 est.
1000 254 1074 308 Et
1097 249 1217 322 diis
1246 250 1657 310 Germanorum
1674 254 1890 326 populis
1917 271 2072 308 usur-

249 338 441 396 patum
481 343 601 377 rara
631 336 688 378 et
728 325 941 407 privata
982 326 1248 396 cujusque
1282 327 1559 391 audentia,
1595 327 1740 396 apud
1770 326 1964 379 Cattos
2011 326 2073 378 in‘

251 414 578 449 consensum
611 406 791 460 vertit,
820 397 1141 466 utprimum
1170 397 1506 448 adoleverint
1530 417 1544 459 3
1584 397 1786 448 crinem
1817 398 2072 449 barbanu

252 485 359 536 que
391 468 732 530 submittere,
758 485 880 530 nec,
904 468 1009 518 nisi
1046 466 1204 518 hoste
1230 484 1394 530 caeso,
1419 483 1620 518 exuere
1647 468 1891 520 votivum
1930 465 2072 519 obli-

253 549 552 607 gatumque
580 537 769 590 virtuti
797 538 905 588 oris
935 536 1201 588 habitum.
1267 538 1442 606 Super
1467 537 1785 606 sanguinem
1813 550 1872 590 et
1895 537 2070 609 spolia

254 608 494 662 revelant
521 608 779 671 frontem,
815 624 979 675 seque
1005 615 1114 658 tum
1139 607 1336 659 demum
1364 608 1535 676 pretia
1567 606 1803 659 nascendi
1827 608 2068 671 retulisse,

253 678 531 750 dignosque
551 677 726 748 patria
755 693 815 727 ac
842 676 1144 745 parentibus
1170 676 1369 730 ferunt.
1447 677 1671 748 Ignavis
1696 691 1753 730 et
1779 678 2069 731 inbellibus

254 762 439 802 manet
459 747 691 818 squalor.
757 746 1107 800 Fortissimus
1138 750 1366 819 quisque
1394 748 1626 801 ferreum
1654 749 1875 819 insuper
1899 766 2072 801 annu-

254 819 367 872 lum
394 818 848 889 (ignominiosum
883 818 938 870 id
966 819 1145 890 genti)
1174 820 1321 872 velut
1358 819 1634 872 vinculum
1674 830 1871 888 gestat,
1897 819 2072 872 donee

257 908 313 942 se
339 891 489 942 caede
515 889 688 942 hostis
715 889 984 941 absolvat.
1059 889 1316 943 Plurimis
1345 890 1633 942 Cattorum
1660 890 1750 942 hic
1774 889 1953 960 placet
1981 889 2074 942 ha-

256 960 423 1014 bitus.
497 961 734 1030 Jamque
770 972 967 1012 canent
1006 960 1266 1031 insignes,
1293 973 1348 1013 et
1387 961 1636 1013 hostibus
1669 961 1830 1013 simul
1855 961 2073 1031 suisque

255 1031 562 1084 monstrati.
601 1030 848 1083 omnium
877 1049 1040 1101 penes
1078 1030 1177 1083 hos
1214 1032 1371 1084 initia
1393 1050 1718 1103 pugnarum.
1757 1032 1876 1084 haec
1903 1033 2077 1103 prima

257 1119 468 1173 semper
496 1101 658 1167 acieS,
682 1101 797 1154 visu
829 1115 1002 1156 torva.
1046 1102 1189 1155 Nam
1219 1121 1286 1156 ne
1312 1103 1368 1157 in
1397 1120 1530 1174 pace
1551 1102 1772 1174 quidem
1796 1103 1948 1156 vultu
1975 1101 2077 1156 mi-

310 1309 422 1349 Rara
458 1317 512 1350 est
539 1311 701 1362 privata
733 1309 843 1359 atad]
893 1307 976 1350 MS.
1004 1309 1142 1350 Turio.

254 1375 359 1403 raro.
400 1366 509 1403 Eax.
565 1366 627 1403 Sic
654 1370 699 1402 'et
733 1366 794 1403 cd.
822 1367 935 1404 Rom.
995 1367 1145 1404 Contra

255 1420 316 1456 ed.
345 1419 441 1457 Nor.
463 1421 554 1457 I‘ut.
582 1418 726 1458 Rhen.x
741 1432 849 1457 rara.

310 1474 361 1508 In
377 1485 599 1509 cmmenwm
617 1473 749 1523 vertit]
798 1472 1020 1510 Groslotius
1038 1484 1060 1509 e
1079 1483 1147 1509 ve·

253 1528 338 1563 tere
354 1527 438 1562 cod.
463 1527 600 1563 laudat
624 1533 861 1564 conventum.
905 1526 1015 1564 ERN.
1068 1526 1144 1565 Ed.

255 1581 372 1617 Rom.
389 1580 529 1617 Norib.
547 1582 637 1617 Put.
658 1592 894 1619 consensum.

309 1634 394 1669 IVec
411 1635 489 1670 uisi
508 1634 612 1671 hoste
627 1633 741 1684 coeso]
791 1635 881 1673 Hoc
907 1637 1040 1679 teneo,
1059 1646 1141 1683 proe

253 1698 301 1723 eo
325 1688 430 1735 quod
447 1687 619 1736 scriptis,
638 1701 704 1726 nec
732 1700 808 1725 non
837 1689 955 1726 hoste.
1011 1688 1068 1724 At
1092 1688 1141 1723 de

253 1752 363 1776 more
380 1740 481 1788 ipso,
497 1753 619 1790 supra
637 1742 731 1780 dixi.
775 1743 888 1780 er’S.
941 1741 1007 1778 Ad
1023 1741 1081 1779 H.
1099 1747 1140 1787 4,

256 1798 325 1831 61.
353 1795 423 1831 ubi
443 1796 669 1843 exemplum
687 1796 748 1833 Cl.
765 1795 919 1833 Civilis.

297 1848 510 1898 Frontem]
535 1850 598 1886 Sic
617 1850 676 1886 ed.
694 1850 810 1888 Rom.
836 1853 876 1886 et
894 1848 993 1888 Nor.
1040 1849 1144 1886 Con·

254 1905 319 1938 tra
351 1903 442 1939 Put.
478 1903 605 1940 Rhen.
647 1908 765 1943 1519.
789 1903 964 1953 fi-ontes,
998 1903 1065 1940 sed
1100 1903 1143 1940 in

255 1967 382 2004 marg.
402 1956 454 1993 al.
458 1956 649 2003 frontem.

229 2048 233 2052 ᾗ
312 2010 643 2060 Ignmniniosum]
691 2011 755 2046 Sit
774 2005 1147 2047 ominosum'mallet

255 2063 459 2101 Herelius,
510 2064 689 2101 Placeret
717 2064 756 2100 id
774 2064 952 2101 Antonio
980 2063 1023 2100 in
1041 2065 1144 2100 notis

255 2115 304 2153 ad
323 2128 423 2153 vers.
442 2118 575 2156 Germ.
594 2119 639 2160 si,
658 2130 744 2167 quae
762 2121 985 2166 sequuntur
1000 2118 1047 2153 de
1065 2129 1147 2153 ser·

255 2174 347 2206 vato
376 2170 532 2220 habitu,
552 2173 671 2209 etiam
695 2172 744 2208 ad
761 2172 931 2208 ferreum
951 2171 1147 2208 annulum

254 2224 517 2272 pertinerent.
569 2226 717 2262 Verum
748 2226 828 2261 haec
856 2226 935 2262 oris
964 2224 1147 2262 habiturn

254 2278 372 2314 modo
393 2278 626 2326 respiciunt,
651 2283 697 2315 ut
722 2282 762 2314 et
789 2279 974 2315 Ernestio
1003 2279 1144 2316 visum.

256 2332 408 2368 Contra
424 2332 514 2380 Bip.
531 2334 706 2380 insignes
722 2332 889 2368 maxime
907 2333 1050 2368 annulo
1068 2332 1144 2368 isto

255 2386 388 2421 votivo
405 2385 527 2423 fuisse
545 2389 704 2434 putant.
731 2385 793 2422 Sic
805 2385 889 2433 jam
910 2385 1144 2423 Dithmarus

257 2442 449 2475 senserat.
879 2465 884 2470 -

311 2493 507 2530 plurimis
525 2492 588 2529 hic
598 2493 729 2541 placet
745 2491 918 2542 habitus]
950 2491 977 2529 i.
996 2502 1031 2529 e.
1053 2502 1145 2528 con·

256 2549 417 2583 servant
436 2546 541 2583 huuc
557 2546 738 2582 habitum
757 2546 836 2582 oris
852 2549 972 2593 atque
991 2545 1147 2594 squalo-

254 2610 354 2645 rem,
374 2598 483 2637 velut
509 2603 704 2648 perpetuo
731 2604 823 2636 voto
848 2599 1012 2648 obligati
1041 2602 1082 2635 et
1103 2599 1146 2636 in

254 2665 412 2690 omnem
441 2654 586 2701 vitam,
617 2665 697 2690 non
728 2653 771 2691 in
802 2663 923 2691 unam
957 2664 1146 2702 pugnam.

254 2708 346 2745 vicl.
364 2713 449 2745 not.
469 2718 550 2757 seq.
594 2708 704 2744 Eas.

309 2761 483 2812 Jamque
525 2767 663 2798 canent
704 2760 896 2811 insignes]
947 2759 1145 2807 conjicie-

255 2814 372 2852 bam:
427 2816 598 2865 Jamque
648 2821 786 2852 canent
827 2813 1051 2863 insignibus
1083 2814 1146 2851 liis

257 2869 442 2907 hostibus·
470 2870 591 2906 simul
623 2869 779 2918 suisque
810 2869 1035 2905 monstrati.
1090 2868 1146 2905 Et

257 2929 368 2969 sunt,
395 2922 543 2972 inquit,
564 2924 650 2971 Jam
677 2922 799 2959 cruda
826 2924 1030 2958 senectute
1058 2921 1145 2970 qui·

256 2977 347 3012 dam
373 2981 641 3022 canescentes,
657 2977 720 3013 lais
746 2976 982 3025 insignibus,
999 2985 1142 3024 nempe

257 3028 439 3077 squalore
470 3030 642 3067 crinium
675 3034 716 3067 et
751 3030 901 3066 annulo
933 3029 1062 3066 ferreo
1092 3041 1142 3067 ex

255 3087 348 3120 voto
363 3084 433 3120 tali
463 3085 644 3133 sumptis,
661 3083 862 3131 conspecti
884 3093 930 3119 ac
948 3082 1143 3121 notabiles

255 3140 340 3174 tam
376 3139 457 3174 suis
495 3149 612 3186 quam
648 3137 842 3175 hostibus.
897 3136 989 3174 Non
1033 3138 1140 3174 enim

255 3193 416 3228 tantum
446 3202 532 3227 eam
556 3191 865 3229 adolescentium
893 3190 1139 3240 disciplinam

257 3255 341 3281 esse
359 3244 568 3293 significat,
585 3245 652 3282 sed
670 3249 709 3282 et
729 3244 981 3293 provectioris
997 3246 1141 3292 aetatis,

256 3298 412 3347 quoties
444 3298 594 3335 scilicet
621 3299 743 3335 hostis
776 3299 921 3335 exoriri
951 3299 1072 3345 visus,
1100 3303 1142 3336 et

254 3351 406 3389 bellum
430 3351 709 3400 exspectatur?
743 3355 814 3389 aut
839 3353 958 3389 etiam
986 3353 1141 3401 quoties

255 3405 379 3443 libuit
404 3416 559 3444 sumere
585 3404 810 3455 superbiam
833 3405 985 3444 meritis
1002 3407 1143 3453 quoesi-

254 3463 340 3496 tam
391 3464 466 3499 aut
508 3460 691 3498 fiduciam
734 3463 949 3497 ostentare.
1003 3461 1142 3499 Gnox.

250 3512 424 3557 Sensum
452 3514 698 3556 commodum
725 3513 978 3554 Gronoviana
1009 3524 1141 3555 emen·

1198 1308 1305 1351 datio
1332 1308 1441 1351 facit.
1462 1308 1528 1349 sed
1548 1306 1711 1349 auribus
1739 1307 1837 1347 meis
1859 1307 2000 1347 durum
2019 1309 2078 1346 est

1198 1367 1418 1416 insignibus
1435 1367 1497 1404 Izis
1516 1366 1700 1403 hostibus.
1739 1363 1839 1411 Vide
1854 1374 1907 1400 an
1922 1362 2079 1400 mollius

1199 1420 1271 1456 sit:
1303 1420 1442 1469 Itaque
1467 1426 1604 1457 canent
1627 1420 1802 1467 insignes
1825 1424 1864 1455 et
1887 1417 1987 1455 host.
2000 1417 2027 1454 i.
2046 1428 2086 1454 e.

1199 1474 1326 1520 etita,
1346 1474 1418 1510 hoc
1436 1473 1632 1522 squalore,
1650 1473 1723 1509 boc
1749 1472 1828 1508 oris
1844 1469 2004 1517 habitu,
2020 1470 2081 1507 in-

1197 1527 1329 1576 signes
1345 1528 1396 1564 ad
1412 1526 1596 1564 canitiem
1613 1530 1791 1571 manent,
1805 1526 1923 1562 etiam
1938 1535 2082 1562 canen·

1197 1586 1258 1618 tes
1291 1581 1423 1618 videre
1454 1580 1560 1618 licet.
1613 1579 1828 1629 Sequentia
1859 1578 2059 1626 explicant

1195 1635 1239 1672 τὸ
1259 1635 1445 1684 insignes.
1498 1634 1626 1672 Possis
1651 1635 1770 1671 etiam
1798 1633 1962 1681 insuper
1988 1643 2083 1669 con-

1188 1689 1313 1736 jicere
1357 1694 1512 1726 manent
1530 1701 1544 1724 .·
1589 1687 1693 1736 quod
1725 1691 1861 1723 tamen
1905 1692 2084 1723 necessa—

1196 1744 1300 1780 rium
1317 1754 1397 1780 non
1417 1747 1529 1790 puto.
1583 1742 1724 1792 Itaque
1750 1740 1967 1789 etjczmque
1989 1750 2083 1778 con-

1196 1797 1311 1834 fundi
1328 1798 1370 1833 in
1387 1796 1499 1833 libris
1517 1795 1630 1832 docet
1646 1793 1851 1833 Drakenb.
1863 1795 1912 1830 ad
1926 1793 2083 1832 Livium

1199 1857 1241 1896 7,
1259 1855 1328 1890 4ο.
1386 1849 1578 1887 Heinsius
1605 1861 1669 1898 ep.
1696 1848 1748 1886 ad
1774 1849 1903 1886 Graev.
1928 1850 1960 1885 t.
1979 1852 2020 1886 4.
2040 1858 2092 1897 p,-

1203 1906 1294 1942 164.
1352 1903 1453 1942 0011.
1481 1902 1619 1941 Burm.
1650 1903 1821 1953 Jamque
1845 1902 1937 1939 cani
1966 1900 2010 1952 (i.
2046 1912 2084 1939 e.

1198 1956 1413 2007 canuntur)
1447 1963 1491 1995 ut
1525 1959 1717 2006 insignes,
1752 1955 2053 1994 et-onoustrari
2065 1968 2080 1992 .·

1200 2013 1304 2062 quod
1333 2011 1474 2061 probat
1501 2012 1679 2048 Graevius
1707 2012 1862 2058 p.‘170.
1892 2020 1972 2046 non
1994 2021 2081 2058 ego.

1199 2068 1308 2105 Erm-
1353 2066 1446 2115 Bip.
1470 2065 1688 2114 conjiciunt
1704 2064 1870 2113 jamque
1899 2064 2080 2102 calma-

1198 2121 1424 2159 monstrari.
1457 2120 1484 2156 i.
1516 2132 1552 2156 e.
1578 2119 1835 2159 vehementer
1857 2121 2012 2166 optant.
2035 2120 2081 2155 ut

1200 2186 1265 2224 ap.
1284 2174 1386 2211 Stat.
1400 2172 1528 2211 Theb.
1545 2179 1587 2219 4,
1608 2176 1702 2211 261.
1730 2172 1844 2210 tubas
1861 2171 1997 2210 audire
2015 2181 2081 2209 ca·

1200 2230 1295 2267 lens.
1351 2226 1426 2266 Ed.
1451 2227 1580 2276 Rhag.
1603 2226 1722 2264 habet
1739 2230 1873 2263 cavent
1887 2252 1897 2262 .
1915 2251 1926 2262 .
1946 2252 1957 2262 .
1973 2238 2080 2262 mon·

1197 2283 1331 2319 strari.
1385 2281 1624 2318 Medicinam
1650 2280 1735 2317 loco
1763 2279 1975 2328 depravato
1995 2280 2082 2328 jam

1201 2335 1356 2384 Lipsius
1370 2334 1534 2383 optabat
1553 2335 1594 2372 in
1613 2334 1718 2372 notis
1737 2333 1788 2370 ad
1802 2332 1863 2371 ed.
1885 2338 1921 2370 1.

1259 2389 1302 2425 V
1299 2391 1359 2426 isu
1375 2387 1492 2437 nova]
1514 2389 1633 2426 Ratio
1648 2387 1803 2433 adjecta
1818 2387 1977 2425 videtur
1994 2397 2082 2435 pos·

1199 2453 1301 2487 cere,
1316 2443 1402 2478 visu
1415 2453 1492 2478 non
1510 2454 1624 2481 nova.
1654 2438 1817 2481 Quare?
1839 2441 1934 2490 quia
1946 2441 2082 2477 eodem

1197 2496 1310 2533 cultu
1323 2494 1558 2543 habituque,
1576 2494 1710 2531 barbis
1728 2497 1827 2543 puta
1842 2506 1888 2531 ac
1905 2493 2081 2531 crinibus

1201 2547 1404 2586 submissis
1435 2549 1671 2598 annulisque
1703 2547 1856 2595 ferreis,
1891 2547 2081 2586 virtutem

1199 2602 1476 2653 promittentes
1504 2607 1546 2640 et
1573 2605 1667 2640 ante
1693 2601 1842 2639 bellum
1871 2601 1943 2640 visi
1972 2606 2083 2649 sunt,

1200 2667 1328 2706 neque
1345 2656 1424 2693 aiio
1445 2656 1533 2696 vitae
1550 2667 1708 2705 genere,
1728 2667 1847 2705 quam
1863 2655 1983 2692 armis
1998 2658 2086 2707 tra--

1199 2709 1368 2755 ctandis,
1405 2721 1446 2747 se
1490 2710 1669 2748 mitiores
1717 2710 2080 2758 mansuetioresque

1198 2763 1486 2813 praestiterunt.
1499 2765 1640 2802 Giton.
1658 2764 1807 2802 Eadem
1820 2771 1930 2800 mens
1943 2763 2082 2802 Frein-

1199 2817 1357 2863 shemii,
1375 2818 1446 2872 qui
1461 2818 1625 2867 corrigit
1641 2823 1748 2855 nota.
1787 2817 1896 2855 ERN.
1935 2816 2078 2858 Hiner.

1197 2874 1356 2910 Racem.
1371 2876 1411 2910 4.
1429 2882 1533 2910 soeva
1545 2871 1726 2919 volebat;
1744 2871 1940 2922 Bernegg.
1953 2877 2078 2912 torva.

1198 2927 1271 2964 hoc
1305 2936 1487 2974 recepere
1520 2925 1613 2975 Bip.
1652 2925 1770 2971 bene,
1805 2937 1961 2974 sequor.
2014 2927 2079 2966 Sic

1196 2982 1309 3018 Curt.
1343 2985 1386 3025 3,
1424 2984 1463 3017 2.
1515 2978 1775 3018 Macedonum
1817 2981 1918 3018 acies
1950 2986 2075 3020 torva.

1196 3032 1412 3082 conringio
1445 3045 1545 3071 nova
1574 3037 1661 3071 erat
1687 3035 1807 3072 mira.
1863 3034 1938 3071 Sed
1968 3040 2075 3072 torvo

1194 3087 1337 3126 melius
1358 3087 1566 3135 respondet
1582 3087 1714 3125 vultus
1729 3088 1874 3125 mitior.

1253 3141 1376 3178 Vultu
1403 3141 1558 3179 mitiore
1583 3140 1869 3191 mansuescunt]
1901 3139 1987 3180 MS.
2017 3142 2075 3180 A·

1194 3195 1312 3232 rund.
1330 3195 1455 3241 cuttu,
1474 3199 1521 3232 ut
1537 3194 1720 3243 placebat
1735 3194 1926 3232 Pic’henae.
1966 3195 2075 3237 Quia

1194 3253 1327 3286 tamen
1342 3259 1470 3286 sermo
1485 3248 1532 3284 de
1551 3249 1689 3285 babitu
1707 3249 1801 3294 oris,
1817 3248 1921 3297 quod
1938 3249 2076 3288 effera-

1196 3301 1318 3344 batur
1363 3301 1632 3339 submittenda
1676 3300 1815 3348 barba,
1860 3306 1902 3339 et
1942 3306 2076 3343 mitior

1194 3357 1326 3405 aptius
1347 3354 1505 3392 verbum
1526 3355 1671 3401 vultui,
1689 3366 1806 3404 quam
1828 3355 1973 3403 cultui,
1990 3358 2076 3397 vul-

1193 3414 1331 3458 gatum
1347 3409 1580 3447 servandum
1600 3413 1712 3458 puto,
1730 3409 1794 3446 cui
1821 3414 1863 3447 et
1877 3411 1973 3448 alibi
1991 3413 2076 3449 cul-

1193 3468 1278 3499 tum
1306 3462 1348 3499 in
1374 3461 1486 3499 libris
1514 3462 1702 3501 substitui
1730 3463 1913 3502 vidimus.
1968 3463 2074 3503 Illud

1193 3515 1295 3555 forte
1327 3514 1572 3567 probabilius
1601 3517 1810 3567 conjicias:
1846 3519 1889 3558 in
1923 3519 2073 3559 vultum
