2190 3880
276 123 346 168 88
870 114 1470 172 HISTORIARUM

144 263 263 304 Au.
277 242 517 311 victoria,
541 251 589 298 et
625 242 916 299 concedente
947 243 1004 298 in
1030 253 1208 317 partes
1229 254 1395 316 patre,
1401 245 1585 315 filium
1602 260 1940 313 promittam>
1995 251 2094 315 ,Sin
2180 283 2190 311 ..-

155 322 248 357 823·
286 313 340 368 V
331 308 1036 388 aspasianas'Rempablicam
1061 317 1351 388 susciperet,
1373 314 1766 375 obliviscendum
1790 323 2095 395 ‹ffinsamm

146 373 267 470 ‘³500‘
280 388 340 442 de
378 387 506 442 bello
542 385 878 461 agitantibuS.
954 388 1062 442 His
1100 409 1163 443 ac
1194 388 1393 442 talibus
1429 390 1571 445 inter
1597 411 1749 465 spem
1778 389 2094 468 met-umque
2143 441 2145 448 Α
2179 393 2190 421 '³

158 483 161 485 ·
228 456 565 535 'Qjactatum,
593 479 714 533 spes
753 461 907 514 vicit.
984 461 1175 527 Fuere,
1208 461 1321 532 qui,
1347 468 1605 517 accensum
1650 465 1892 520 desiderio
1933 452 2095 527 Rei-'e-
2180 463 2190 482 ⁶

278 534 412 591 m‘ces
453 532 686 606 Reginca,
726 533 930 586 vertisse
963 530 1063 585 iter
1100 534 1400 588 crederent.
1477 535 1672 608 Neque
1708 538 2034 592 abhorrebat
2062 559 2095 593 a

279 606 545 674 Berenice
562 604 824 677 juvenilis
865 604 1108 660 animus:
1169 605 1262 658 sed
1309 608 1559 679 gerendis
1595 609 1754 662 rebus
1781 607 1985 677 nullum
2023 631 2093 665 ex

277 698 346 741 eo
373 677 846 751 impedimentum.
884 676 1068 730 laetam
1111 678 1484 749 voluptatibus
1511 680 1931 737 adolescentiam
1958 685 2096 756 egit,

280 770 380 806 suo
407 769 570 821 quam
599 748 768 823 patris
794 749 1025 821 imperio
1058 750 1405 803 moderatior.
1482 751 1662 825 Igitur
1688 773 1836 807 oram
1864 754 2094 819 Achaiae

278 823 336 877 et
362 821 529 887 Asiae,
556 841 620 874 ac
645 821 784 874 laeva
813 822 1005 874 maris‘
1044 832 1327 889 raevectuS,
1355 822 1616 878 Rhodum
1643 835 1698 878 et
1729 825 1975 899 Cyprum
2010 828 2095 880 in-

281 894 442 964 sulaS,
471 893 609 947 inde
639 892 872 964 Syriam,
913 912 980 946 au
1021 894 1322 947 entioribus
1371 897 1559 965 spatiis
1597 899 1837 970 petebat.
1911 899 2095 970 Atque

278 967 434 1020 illum
461 965 663 1038 cupido
690 966 932 1032 incessit,
968 965 1202 1019 adeundi
1229 966 1544 1038 visendique
1572 970 1831 1042 templum
1864 970 1942 1024 Pa
1986 971 2094 1025 hiae

280 1037 528 1104 VeneriS,
551 1036 819 1109 inclytum
849 1056 942 1110 per
975 1038 1260 1110 indigenas
1286 1038 1647 1111 advenasque.
1723 1042 1888 1105 Haud
1960 1044 2100 1097 uerit

276 1109 528 1183 longum,
555 1110 715 1164 initia
739 1110 1035 1182 religioniS,
1057 1110 1246 1183 templi
1270 1111 1454 1176 situ'm,
1484 1113 1712 1166 formam
1737 1114 1892 1181 Deae,
1917 1133 2097 1187 neque

233 1183 428 1240 Senim
453 1182 583 1237 alibi
612 1183 691 1236 sic
725 1182 975 1248 habetur,
1005 1184 1191 1254 paucis
1218 1182 1493 1237 disserere.
1571 1185 1896 1240 Conditorem
1920 1187 2096 1259 templi

281 1255 477 1328 Regem
504 1253 695 1308 AErian
741 1266 894 1308 vetus
931 1256 1211 1322 memoria,
1246 1255 1465 1326 quidam
1495 1257 1651 1328 ipsius
1678 1257 1805 1311 Deae
1841 1277 2018 1312 nomen
2043 1259 2101 1312 id

279 1327 592 1400 perhibent.
667 1327 838 1380 Fama
865 1328 1133 1380 recentior
1168 1328 1352 1394 tradit,
1378 1335 1411 1380 a
1440 1326 1639 1401 Cinyra
1674 1339 1934 1383 sacratam
1969 1340 2093 1395 tem÷

272 1398 440 1471 plum,
468 1397 738 1471 Deumque
771 1400 951 1470 ipsam,
988 1408 1275 1470 conceptam
1319 1399 1473 1466 mari,
1499 1401 1594 1454 huc
1627 1401 1913 1473 adpulsam.
1993 1394 2099 1456 S'ed

280 1471 546 1538 scientiam
572 1472 830 1544 artemque
850 1471 1198 1542 Haruspicum
1222 1469 1446 1525 adcitum
1459 1494 1482 1539 3
1515 1482 1564 1526 et
1593 1471 1804 1527 Cilicem
1832 1474 2098 1528 Tamiram

280 1542 512 1597 intulisse
528 1565 546 1595 .-
585 1552 738 1624 atqae
775 1544 851 1596 ita
882 1553 1113 1617 pactum,
1139 1543 1436 1617 utfamilz‘ae
1459 1546 1720 1618 utriusque
1734 1547 1926 1617 posteri
1954 1547 2098 1601 creri-

281 1615 466 1668 moniis
503 1615 850 1686 praeszderent.
923 1615 1089 1683 Mox,
1129 1635 1197 1669 ne
1236 1616 1445 1670 honore
1469 1617 1617 1670 nullo
1655 1618 1894 1691 Regium
1925 1637 2096 1690 genus

280 1688 627 1760 peregrinam
678 1687 902 1759 stirpem
963 1688 1325 1755 antecelleret,
1375 1689 1512 1760 ipsa,
1561 1708 1726 1760 quam
1786 1691 2099 1758 intulerant,

279 1759 513 1813 scientia
537 1759 781 1830 hospites
807 1779 1048 1815 cessere:
1097 1773 1311 1814 tantum
1340 1760 1639 1832 Cinyrades
1667 1763 1930 1816 Sacerdos
1965 1782 2096 1816 con-

282 1832 494 1885 sulitur.
570 1830 810 1899 Hostiae,
838 1844 898 1886 ut
937 1833 1167 1906 quisque

281 1980 324 2016 et
349 1979 442 2017 Put.
458 1976 546 2017 Alc.
573 1978 679 2016 Dein
701 1977 806 2016 Bud.
832 1978 1088 2027 infimarum,
1117 1990 1167 2016 ex

281 2044 362 2083 quo
395 2033 532 2071 Rhen..
559 2044 608 2071 ex
640 2033 800 2082 ingenio
837 2033 1086 2081 ffusaram,
1121 2038 1168 2071 ut

277 2088 389 2135 Flor.
421 2092 463 2125 et
495 2085 588 2126 Vat.
618 2090 722 2125 teste
751 2087 936 2126 Pichena.
986 2089 1081 2128 Urs.
1126 2092 1168 2126 et

280 2142 447 2182 Grotius
465 2140 650 2180 volebant
667 2142 920 2191 infensorum.

336 2198 547 2234 Jactatum
579 2210 666 2247 spes
700 2196 811 2248 vicit]
873 2197 985 2236 Ferri
1023 2199 1167 2246 potest.

282 2251 359 2290 Sed
376 2255 511 2288 tamen
531 2263 618 2300 spes
637 2252 794 2301 proprie
809 2263 888 2289 non
902 2252 998 2289 vicit
1014 2252 1169 2299 Titum,

283 2307 352 2345 sed
369 2310 536 2344 metum.
582 2307 638 2345 Et
658 2306 765 2343 illam
782 2306 992 2344 formulam
1009 2320 1095 2356 spes
1112 2308 1170 2345 vi-

282 2362 339 2399 cit
355 2360 578 2410 similesque
608 2359 789 2400 absolute
808 2362 918 2410 poni,
938 2362 1070 2399 sciunt
1086 2374 1169 2400 om·

283 2427 371 2460 nes,
404 2419 453 2455 ut
487 2415 639 2464 opinor.
695 2416 835 2465 Itaque
871 2416 940 2453 diu
975 2422 1050 2464 est,
1079 2428 1169 2455 cum

282 2469 434 2517 conjeci
485 2469 695 2519 legendum
729 2471 915 2522 jactatis.
969 2472 1172 2510 Dicuntur

282 2528 421 2566 autem
458 2525 660 2575 eleganter
700 2529 743 2563 et
775 2537 877 2574 saepe
901 2526 1080 2578 jactata,
1122 2527 1170 2563 de

277 2579 430 2629 quibus
458 2580 599 2626 multa,
616 2579 769 2628 crebra,
788 2580 921 2629 longa,
938 2581 1047 2619 varia
1073 2581 1170 2618 deli-

283 2634 440 2673 beratio
454 2635 548 2682 fuit,
568 2635 610 2671 in
623 2636 760 2684 primis
775 2636 881 2684 apud
893 2636 1064 2675 Livium.
1078 2636 1170 2676 vid.

281 2691 324 2728 J.
341 2690 387 2727 F.
410 2690 633 2727 Gronovius
664 2693 704 2728 et
721 2690 925 2730 Drakenb.
945 2691 996 2727 ad
1013 2696 1082 2738 38,
1102 2696 1169 2730 25.

283 2744 395 2783 Alias
416 2745 536 2782 etiam
545 2744 702 2796 jactari
714 2746 815 2786 inter
830 2758 936 2795 spem
952 2752 1169 2799 metumque

285 2799 489 2848 eleganter
500 2799 660 2845 dicitur,
674 2812 745 2848 pro
757 2799 861 2838 inter
874 2812 982 2850 spem
998 2803 1168 2839 metum-

283 2866 361 2902 que
382 2855 593 2900 incertum,
615 2853 847 2904 ambiguum
875 2867 974 2903 esse,
1001 2859 1050 2893 ut
1074 2855 1171 2894 alibi

285 2912 447 2946 noster:
479 2912 525 2945 ut
553 2921 675 2959 prope
694 2909 845 2956 malim,
863 2911 925 2948 llis
952 2922 1000 2948 ac
1027 2911 1172 2948 talibus

284 2963 390 2999 inter
406 2976 511 3011 spem
527 2971 746 3015 metamque
751 2964 950 3017 jactatur,
964 2965 1027 3003 vel
1033 2965 1171 3013 jacta-

282 3022 359 3054 tus.
413 3018 511 3066 Spes
529 3020 651 3057 vicit.-
686 3019 719 3057 si
737 3018 833 3068 quid
861 3020 1094 3060 mutandum
1113 3020 1170 3057 vi-

282 3071 414 3108 detur.
443 3072 550 3109 ERN.
962 3081 967 3086 ·

335 3123 597 3176 Moderatior]
630 3126 692 3163 sic
721 3127 828 3165 Med.
848 3129 890 3166 et
917 3125 1015 3178 Agr.
1042 3127 1166 3166 Rece-

282 3191 376 3232 pere
394 3180 484 3228 Bip.
531 3181 693 3229 Sequor.

338 3233 635 3284 Proeterveetus]
690 3235 776 3274 MS.
812 3235 992 3273 Pichenae
1017 3249 1166 3286 praeve-

282 3295 383 3327 ctus.
427 3290 523 3326 item
551 3288 683 3327 Guelf.
713 3290 774 3328 ed.
809 3302 868 3337 pr.
891 3291 996 3327 unde
1023 3292 1167 3340 recepi.

282 3344 332 3381 de
362 3343 481 3381 verbo
505 3343 589 3393 jam
619 3344 768 3386 dictum
796 3344 876 3381 alio
910 3344 1008 3392 loco,
1040 3350 1082 3383 et
1111 3347 1166 3382 sic

282 3397 440 3436 volebat
475 3400 597 3436 Gron.
633 3399 683 3435 ad
712 3399 800 3438 Liv.
839 3404 907 3445 29,
940 3406 1008 3438 32.
1056 3402 1165 3440 ERN.

282 3450 386 3492 Bud.
398 3458 684 3503 proetervectus.

338 3509 474 3559 Neque
501 3508 604 3546 enim
635 3507 731 3545 alibi
756 3508 815 3545 sic
851 3508 1030 3563 habetur]
1071 3511 1167 3550 Deae

282 3561 536 3603 simulacrum
556 3566 597 3601 et
613 3563 750 3604 forma.
777 3564 886 3604 ERN.

1208 1833 1377 1898 vovit,
1418 1834 1511 1887 sed
1550 1852 1724 1888 mares
1765 1834 2099 1908 deliguntur.
2167 1858 2172 1865 ·

1276 1979 1426 2028 Regem
1443 1979 1609 2032 AEri‘an]
1642 1979 1752 2019 Libri
1767 1980 1906 2030 scripti
1923 1984 1995 2019 aut
2025 1981 2101 2020 Ve-

1220 2034 1380 2071 rianum
1425 2035 1530 2072 hunc
1574 2036 1782 2073 nominant
1821 2035 1886 2087 (ut
1921 2036 2025 2074 Ποῖ.
2060 2039 2104 2074 et

1219 2087 1340 2140 Bud.)
1371 2093 1443 2126 aut
1477 2091 1736 2131 Valerianum
1755 2089 1820 2141 (ut
1835 2087 1970 2141 Agr.).
2023 2091 2102 2128 Pro

1220 2143 1382 2193 vulgata
1399 2144 1567 2182 lectione
1593 2148 1731 2182 tamen
1754 2142 1920 2184 Tacitus
1946 2144 2032 2194 ipse
2059 2138 2103 2183 in

1221 2196 1329 2236 Ann.
1363 2202 1424 2236 est
1459 2205 1501 2246 3,
1536 2203 1604 2238 62.
1657 2199 1775 2238 Exin
1810 2200 1948 2250 Cyprii
1978 2199 2104 2237 tribus

1223 2253 1405 2300 delubris,
1423 2266 1587 2304 quorum
1615 2254 1915 2293 vetustissimum
1934 2252 2105 2304 Paphie

1226 2309 1368 2346 Veneri
1398 2309 1541 2346 AErz'as
1575 2315 1727 2355 auctor,
1754 2315 1846 2358 post
1866 2307 1986 2357 filius
2017 2307 2105 2357 qiu-9

1220 2363 1432 2408 Amathus,
1467 2367 1542 2400 etc.
1595 2365 1812 2412 AEgyptum
1849 2362 1974 2412 ipsam
2006 2362 2102 2400 olim

1223 2417 1375 2454 AEriam
1405 2417 1548 2454 dictam
1574 2417 1710 2463 fuisse,
1728 2417 1877 2455 Isidoro
1903 2423 1944 2464 9,
1964 2422 2002 2455 2.
2020 2420 2104 2454 tra·

1223 2472 1351 2510 ditum
1384 2475 1445 2522 est
1472 2476 1513 2510 et
1547 2471 1702 2522 Agellio
1734 2477 1798 2518 14,
1830 2474 1868 2509 6.
1923 2470 2102 2510 Alciatus

1222 2527 1286 2564 hic
1302 2527 1455 2564 mavult
1477 2527 1681 2565 Uram'um.
1710 2527 1771 2563 De
1789 2526 1935 2574 Cinyra
1951 2529 2103 2573 autem,

1223 2582 1326 2631 quod
1346 2581 1539 2630 sequitur,
1556 2581 1755 2619 Homerus
1774 2580 1821 2618 11.
1843 2586 1856 2618 1
1871 2586 1908 2626 1,
1924 2585 1990 2619 20.
2007 2579 2104 2619 Piu-

1222 2636 1399 2682 tarchus,
1417 2637 1632 2674 Athenaeus
1663 2636 1689 2674 1.
1712 2641 1774 2673 10.
1807 2635 1847 2672 in
1866 2636 1958 2672 fine.
1974 2633 2105 2673 Arno-

1223 2690 1314 2729 bius
1332 2691 1359 2729 l.
1389 2693 1429 2728 6.
1456 2691 1602 2740 aliique
1633 2691 1860 2728 meminere.
1887 2691 2003 2728 ers.
2031 2690 2104 2727 Gr.

1223 2743 1385 2799 Κινύρας.
1413 2745 1493 2784 AEl.
1515 2746 1573 2784 H.
1600 2746 1680 2785 An.
1699 2751 1741 2792 9,
1770 2748 1837 2782 36.
1857 2743 2029 2793 Hesych.
2061 2744 2107 2782 iu

1224 2796 1427 2854 Κινυξάδαι.
1453 2800 1604 2851 Hygin.
1632 2798 1729 2839 Fab.
1746 2804 1839 2841 270.
1866 2798 1982 2837 Ovid.
2000 2797 2103 2838 Met·

1229 2860 1402 2903 10,200.

1280 2911 1442 2948 Cilicem
1474 2907 1692 2959 Tamiram]
1725 2908 1822 2946 Haec
1841 2906 1958 2944 lectio
1986 2906 2105 2945 debe-

1223 2968 1292 3002 tur
1319 2966 1523 3002 Rhenano.
1558 2963 1600 3000 in
1619 2964 1703 3001 MS.
1721 2962 1825 3000 Bud.
1844 2966 1930 2999 erat
1947 2962 2104 3000 cilicen-

1222 3026 1267 3057 ta
1283 3022 1425 3058 miram
1440 3034 1452 3056 .·
1481 3022 1521 3055 et
1540 3018 1656 3066 plane
1683 3018 1738 3054 sic
1758 3016 1862 3068 Flor.
1891 3016 2024 3054 Guelf.
2044 3017 2108 3055 ed.

1218 3086 1281 3123 pr.
1348 3074 1463 3112 Unde
1493 3073 1746 3110 confirmatur
1782 3072 1902 3108 etiam
1935 3069 2104 3121 probata

1218 3129 1342 3167 doctis
1377 3128 1570 3176 scriptura
1605 3127 1851 3173 leamiram,
1878 3138 1959 3163 non
1997 3125 2106 3163 Tha-

1218 3196 1383 3234 myram.
1439 3182 1548 3219 ERN.
1598 3181 1803 3219 Tamiram
1849 3179 2102 3218 scribendum

1220 3237 1418 3276 Meursius
1438 3237 1550 3272 docet
1567 3247 1613 3273 ex
1633 3236 1822 3284 Hesychii
1842 3230 2061 3286 Ταμιςάδαι.
2088 3243 2091 3246 ’

1280 3293 1330 3329 Ut
1360 3292 1520 3340 quisque
1551 3290 1726 3342 vovisset]
1758 3289 1928 3326 Pichena
1953 3299 2003 3324 ex
2033 3298 2102 3327 ve·

1220 3347 1346 3395 stigiis
1363 3344 1582 3382 Florentini
1601 3344 1693 3382 libri
1709 3357 1718 3380 :
1747 3350 1792 3382 ut
1810 3344 1968 3393 quisque.
1984 3343 2102 3385 vovit.

1219 3404 1287 3439 sed.
1302 3413 1437 3438 mares.
1468 3401 1578 3438 vas.
1615 3399 1736 3448 quue
1764 3397 1915 3446 recepit
1930 3397 2103 3434 Pichena

1220 3459 1263 3493 et
1290 3467 1395 3504 seqq.
1424 3467 1570 3491 omnes.
1602 3453 1687 3491 MS.
1707 3451 1838 3490 Guelf.
1859 3451 1920 3489 ed.
1955 3463 2014 3501 pr.
2033 3463 2103 3489 210-

1219 3513 1349 3548 visset.
1407 3510 1521 3547 Unde
1551 3507 1822 3555 corrigendum
1848 3509 1951 3543 esset
1978 3505 2101 3550 novit,

1220 3565 1287 3604 sed
1328 3577 1467 3605 marm.
1542 3563 1679 3612 Novit,
1717 3563 1745 3601 i.
1781 3573 1817 3600 e.
1853 3564 2000 3612 potest,
2029 3569 2103 3611 per
