2190 3880
705 124 787 174 LI
802 124 860 175 Β.
892 123 979 172 1v.
1031 125 1070 172 C
1087 124 1198 173 ΑΡ.
1232 130 1312 176 64.
1806 129 1905 184 297

106 251 222 319 lati,
261 270 330 306 an
368 251 637 318 coloniam
678 249 1136 322 Agrippinensem
1177 250 1535 321 diripiendam
1572 252 1902 306 exercitibus
1917 269 2039 314 AM.

108 326 218 379 suis
314 323 635 394 rmitterent,
662 323 995 375 dubitavere.
1068 322 1294 375 Saevitia
1338 322 1542 392 ingenii
1570 336 1624 375 et
1650 324 1904 394 cupidine
1932 329 2025 365 824·

146 414 220 449 1·ae
260 412 306 464 ee
325 392 392 447 ad
410 395 683 449 excidium
703 394 940 447 civitatis
958 394 1308 446 trahebantur
1326 394 1617 446 :obstabat
1640 397 1776 448 ratio
1794 396 1904 448 bel·
1919 380 2035 477 ‘³73⁰‘

130 467 167 531 i,
193 477 248 520 et
272 485 474 522 novum
505 466 799 537 Imperium
828 466 1211 518 inchoantibus
1242 464 1387 517 utilis
1414 463 1716 519 clementiae
1742 466 1906 520 fama.
2001 462 2013 492 ·‘

111 537 344 591 Civilem
389 539 553 590 etiam
599 538 844 592 beneficii
886 538 1147 590 memoria
1182 535 1357 600 flexit,
1399 537 1545 606 quod
1572 536 1742 590 filium
1771 538 1909 608 ejuS,

151 607 285 662 rimo
315 627 489 662 rerum
530 621 702 675 motu,
742 610 796 660 in
824 609 1040 661 colonia
1065 608 1456 679 Agrippinensi
1495 608 1911 679 deprehensum,

119 743 121 746 ¹
150 693 375 734 onorate
400 681 785 734 custodierant.
859 681 965 733 Sed
991 679 1417 732 Transrhenanis
1444 681 1700 751 gentibus
1739 680 1914 744 invisa

110 753 322 818 civitas,
348 751 626 824 opulentia
668 763 955 821 auctuque.
1033 751 1225 820 Neque
1264 751 1428 803 alium
1471 751 1633 804 finem
1665 750 1790 804 belli
1830 769 1913 804 re-

112 824 329 889 bantur,
366 842 527 896 quam
556 824 600 876 si
639 823 945 894 promiscua
970 841 1033 874 ea
1060 823 1209 874 sedes
1236 823 1488 876 omnibus
1513 823 1803 876 Germanis
1831 823 1915 891 fo·

112 910 212 963 ret,
246 906 357 959 aut,
392 894 638 965 disjecta,
673 894 840 947 Ubios
881 913 1097 964 quoque
1137 894 1490 964 dispersisset.
1568 894 1747 965 Igitur
1771 894 1911 950 Ten·
1928 903 1998 956 64

113 966 268 1036 cteri,
292 964 496 1032 ,Rheno
537 966 768 1019 discreta
809 984 959 1037 gem,
1000 965 1176 1018 missis
1222 965 1433 1037 legatiS‚
1474 967 1728 1019 mandata
1768 967 1915 1039 apud

111 1037 910 1110 conciliumAgrippinensium
941 1037 1026 1089 edi
1057 1038 1291 1107 jubent:
1331 1056 1454 1107 quae
1483 1037 1845 1092 ferocissimus
1883 1058 1916 1092 e

110 1109 303 1181 legatis
331 1110 385 1163 in
415 1110 559 1162 hunc
600 1110 820 1162 modum
862 1109 1119 1180 protulit:
1161 1107 1368 1161 Redisse
1402 1127 1488 1161 vos
1525 1108 1582 1161 in
1620 1127 1798 1180 corpus
1822 1129 1914 1163 no-

111 1199 323 1253 menque
356 1180 672 1246 Germaniae,
723 1180 1064 1233 communibus
1104 1179 1233 1231 Deis
1272 1189 1318 1231 et
1353 1180 1611 1250 praecipuo
1652 1179 1913 1248 Deorum,

115 1250 308 1315 Marti,
323 1262 492 1324 grates
514 1252 711 1324 agimus
725 1273 741 1306 .·
767 1252 1003 1322 vobisque
1022 1250 1367 1322 gratulamur,
1390 1251 1526 1322 quod
1544 1251 1747 1304 tandem
1768 1252 1918 1307 liberi

112 1324 245 1389 inter
269 1323 450 1378 liberos
491 1324 649 1376 eritis.
725 1323 867 1376 Nam
892 1323 965 1375 ad
1000 1323 1132 1374 lianc
1177 1322 1308 1375 diem
1315 1322 1545 1391 flumina
1570 1343 1630 1376 ac
1673 1333 1833 1377 terras
1867 1334 1916 1378 et

115 1395 290 1466 coeslum
314 1392 678 1467 quodammodo
703 1395 866 1466 ipsum
906 1394 1191 1446 clauserant
1220 1393 1446 1447 Romani
1468 1416 1485 1446 .·
1546 1403 1602 1446 ut
1646 1394 1916 1468 conloquia

113 1464 490 1539 congressusque
514 1475 705 1519 nostros
730 1468 986 1531 arcerent,
1024 1465 1120 1530 vel,
1147 1466 1283 1536 quod
1316 1465 1717 1520 contumeliosius
1743 1478 1812 1521 est
1835 1468 1916 1521 vi-

115 1536 186 1591 ris
208 1539 281 1590 ad
304 1558 450 1592 arma
475 1538 630 1603 natiS,
655 1538 866 1590 inermes
892 1556 949 1590 ac
969 1556 1129 1607 prope
1165 1537 1308 1602 nudi,
1331 1537 1423 1589 sub
1451 1538 1651 1591 custode
1684 1548 1734 1591 et
1746 1540 1915 1610 pretio

116 1609 373 1679 coiremus.
449 1609 567 1672 Sed,
594 1619 649 1662 ut
694 1609 924 1662 amicitia
960 1609 1260 1679 societasque
1286 1610 1540 1681 nostruin
1564 1618 1803 1663 (eternum
1829 1631 1917 1664 ra-

115 1690 173 1733 ta.
196 1682 282 1746 sit,
317 1681 630 1752 postulamus
668 1700 701 1733 a
726 1681 883 1745 vobis,
909 1698 1076 1732 muros
1097 1681 1318 1748 colonico,
1357 1680 1663 1734 munimenta
1703 1682 1915 1749 servitii,

117 1750 414 1807 detrahatis.
453 1752 764 1824 (etiamjera
788 1752 1056 1816 animalia,
1081 1752 1125 1804 si
1150 1750 1322 1804 clausa
1347 1760 1528 1817 tenea-3,
1549 1753 1754 1806 virtutis
1785 1754 1917 1808 obli-

119 1824 432 1890 viscunturs)
473 1822 732 1878 Romanos
769 1842 932 1876 omues
958 1822 1222 1892 infinibus
1248 1824 1422 1875 vestris
1446 1823 1740 1892 trucidetis;
1778 1825 1920 1878 haud

99 1896 273 1971 facile
299 1894 510 1949 'libertas
534 1904 580 1947 et
619 1896 810 1948 domini
851 1896 1139 1959 miscentur,
1167 1895 1296 1947 bona
1331 1893 1710 1966 interfectorum
1735 1898 1790 1949 in
1816 1916 1918 1950 me·-

117 1968 258 2020 dium
283 1968 476 2039 cedant,
502 1985 562 2019 ne
584 1968 696 2038 quis
721 1967 941 2020 occulere
965 1966 1241 2037 quidquam
1277 1974 1367 2017 aut
1391 1985 1654 2038 segregare
1690 1987 1919 2022 caussam

118 2058 260 2092 suam
277 2039 454 2109 possit.
532 2037 712 2091 Liceat
740 2040 882 2092 nobis
901 2039 1139 2108 vobisque
1175 2046 1442 2108 utramque
1466 2038 1632 2107 ripam
1657 2039 1833 2106 colere,
1858 2050 1921 2094 ut

118 2110 240 2167 olim
265 2111 539 2184 majoribus
563 2111 760 2163 nostris.
800 2110 1044 2183 quomodo
1071 2109 1228 2161 lucem
1254 2108 1480 2180 diemque
1504 2110 1737 2162 omnibus
1757 2111 1919 2166 leomi-

174 2297 336 2336 Soevitia
355 2297 522 2362 ingenia]
545 2297 606 2336 Sic
623 2298 772 2336 editum
789 2298 994 2336 aPichena

1044 2296 1198 2344 quidem
1227 2299 1358 2344 potest
1382 2297 1605 2334 Graecorum
1633 2308 1756 2344 more,
1775 2298 1843 2346 qui
1862 2300 1921 2334 et-

119 2363 142 2388 e
165 2351 332 2389 lectione
359 2352 462 2391 Flor.
491 2354 657 2401 augenti,
676 2365 762 2402 quae
790 2356 849 2389 est
879 2357 920 2390 et
951 2352 993 2389 in

1044 2351 1120 2387 iam
1141 2354 1228 2399 post
1244 2350 1476 2388 femininum
1488 2360 1627 2398 unum,
1645 2355 1829 2390 neutrum
1850 2363 1920 2399 po-

119 2406 246 2443 Vatia.
269 2405 403 2457 (Bud.)
420 2406 551 2444 Guelf.
569 2407 665 2455 Agr.
683 2408 742 2444 ed.
757 2419 816 2455 pr.
834 2406 994 2444 ceteris-

119 2471 195 2508 que
214 2464 307 2498 ante
322 2461 449 2498 Rhen.
505 2462 692 2510 Ingenua
708 2462 856 2511 primus
873 2461 994 2498 tacite

121 2514 242 2551 edidit
255 2515 379 2552 Rhen.
430 2516 537 2552 ERN.

174 2567 255 2605 Sed
281 2570 481 2618 proecipuo
514 2567 706 2618 Deorum]
748 2568 859 2605 MSS.
892 2567 994 2606 Flor.

125 2619 258 2673 (Bud.)
293 2622 390 2670 Agr.
419 2623 478 2660 ed.
504 2634 563 2672 pr.
595 2629 631 2659 et
644 2624 854 2672 praecipuo.
891 2622 994 2659 unde

120 2687 211 2713 cum
241 2676 387 2724 Ryclrio
413 2677 644 2724 recepimus.
692 2677 760 2713 secl
790 2676 884 2712 ferri
917 2686 996 2712 non

121 2733 265 2779 potest,
286 2731 362 2767 nisi
380 2731 590 2778 intelligas,
610 2731 675 2767 sed
693 2731 884 2779 praecipue
899 2741 997 2778 prae-

123 2785 240 2833 cipuo
263 2784 449 2822 Deorum.
505 2785 652 2822 Verum
683 2784 802 2822 etiam
832 2790 869 2821 et
897 2783 996 2820 hanc

122 2839 203 2875 vim
234 2838 378 2875 habere
409 2842 551 2887 potest,
578 2851 598 2875 e
618 2850 723 2876 more
754 2838 915 2884 Taciti3
950 2842 997 2875 ut

125 2903 246 2941 supra
259 2892 443 2939 vidimus,
462 2893 641 2942 pluribus
658 2893 765 2930 locis.
810 2893 916 2929 ERN.

178 2946 258 2983 Sub
277 2947 429 2984 custode
445 2953 482 2984 et
494 2947 638 2996 pretio]
678 2948 765 2983 Hoc
784 2959 861 2995 quo
878 2946 997 2994 perti-

123 3004 231 3047 neat,
262 3004 374 3050 patet
402 3013 423 3036 e
450 3002 701 3049 responsione
734 3001 997 3049 Agrippinen-

125 3055 227 3093 sium
242 3067 253 3090 ι
300 3055 483 3104 Vectigal
499 3061 537 3092 ee
555 3068 670 3092 onera
688 3056 998 3091 commerciorum

125 3110 358 3149 resolvimus.
405 3111 486 3146 sint
529 3110 718 3147 trans-itus
763 3109 999 3146 incustoditi.

126 3163 234 3201 ERN.
260 3163 363 3201 Bud.
392 3162 492 3200 male
504 3165 664 3202 inermes
681 3175 749 3199 nec
760 3162 875 3212 probe
890 3164 1000 3200 nudi.

127 3217 249 3255 Positi
267 3228 294 3254 a
310 3218 355 3254 C.
374 3219 525 3254 caesare
544 3217 713 3255 custodis
732 3217 848 3253 simili
867 3228 999 3264 sensu,

129 3281 207 3319 quo
225 3270 302 3318 hic,
320 3272 500 3309 meminit
517 3271 664 3309 Seneca
681 3272 727 3307 de
746 3270 809 3307 ira
821 3276 861 3316 2,
881 3277 938 3307 33.

185 3325 236 3362 In
251 3331 436 3364 eternum
452 3332 542 3363 rata
557 3328 627 3374 sit]
661 3325 722 3363 Sic
743 3325 932 3362 edidimus
951 3337 997 3361 ex

130 3378 189 3414 ed.
210 3389 267 3426 pr.
291 3380 354 3417 cui
380 3381 573 3417 consentit
599 3379 683 3416 MS.
715 3380 811 3428 Agr.
844 3383 883 3415 et
903 3378 1000 3427 Reg.

127 3431 258 3481 Vulgo
277 3431 333 3481 (et
350 3433 469 3483 Bud.)
490 3436 581 3471 sint.
638 3433 678 3470 Si
696 3439 795 3470 ναίω
810 3437 926 3478 esset,
942 3434 1002 3470 ni-

129 3486 187 3523 hil
216 3487 446 3524 mutandum
476 3487 598 3526 foret:
636 3498 726 3523 nam
756 3487 841 3534 ejus
870 3487 1002 3524 formae

129 3540 310 3590 exempla
340 3541 479 3580 multa.
531 3541 671 3581 Altera
714 3540 784 3578 illa
826 3543 1003 3581 excusari

1045 2410 1161 2451 nunt,
1171 2405 1296 2442 intell.
1307 2405 1458 2458 χρῆμα,
1469 2406 1533 2442 sed
1543 2417 1622 2442 non
1632 2406 1707 2442 nisi
1717 2407 1759 2443 in
1769 2417 1921 2443 summo

1046 2470 1236 2496 consensu
1254 2460 1427 2495 omnium
1442 2459 1645 2497 librorum.
1672 2460 1768 2497 Mox
1785 2461 1922 2496 eadem

1047 2514 1107 2550 ed.
1119 2514 1157 2550 si
1172 2515 1306 2550 clausa
1323 2515 1457 2550 tenetis·
1470 2528 1482 2549 .-
1502 2524 1573 2550 nec
1590 2514 1660 2549 hoc
1675 2514 1788 2550 male.
1807 2515 1922 2551 Cete-

1046 2579 1135 2604 rum
1152 2567 1368 2613 sententiae,
1388 2568 1435 2603 de
1453 2567 1691 2605 animalibus
1709 2568 1801 2604 feris
1817 2574 1857 2605 et
1873 2568 1921 2604 de

1045 2622 1228 2658 libertate
1248 2632 1334 2658 cum
1365 2622 1553 2658 servitute
1573 2633 1650 2658 non
1669 2623 1922 2668 consistente,

1048 2676 1091 2713 in
1123 2676 1347 2723 parenthesi
1387 2677 1631 2724 accipiendae.
1698 2675 1800 2713 Nam
1845 2677 1923 2713 ista

1047 2730 1256 2777 conjuncta
1266 2733 1372 2775 sunt,
1387 2730 1923 2777 detrahatis-trucidetis,—

1048 2783 1332 2821 bona—-cedant
1346 2798 1358 2819 .·
1377 2784 1478 2832 quod
1491 2785 1533 2820 in
1544 2785 1705 2832 vulgata
1715 2785 1923 2834 interpun-

1048 2839 1176 2875 ctione
1204 2849 1284 2874 non
1310 2838 1404 2875 satis
1432 2838 1680 2887 perspicuum
1714 2843 1786 2876 est.
1813 2839 1922 2877 ERN.

1049 2892 1150 2929 Bud.
1169 2898 1307 2929 teneas.

1108 2947 1301 2991 Quomodo
1319 2947 1442 2983 lucem
1460 2944 1693 2996 noctemque]
1715 2947 1922 2995 Pei-spicue

1049 3004 1215 3043 rectum,
1236 3004 1354 3048 atque
1385 3001 1441 3037 ita
1471 3000 1512 3037 in
1535 3001 1662 3038 Vatic.
1688 3000 1832 3050 Vulgo,
1861 3003 1924 3038 lu-

1050 3067 1130 3092 cem
1158 3055 1344 3103 diemque,
1363 3054 1473 3103 quasi
1502 3066 1549 3091 ea
1574 3054 1768 3092 differant.
1811 3055 1924 3094 ers.

1051 3109 1159 3146 Male
1187 3108 1356 3156 Lipsius.
1384 3109 1504 3146 Recte
1528 3109 1711 3155 Pichena,
1730 3109 1799 3158 qui
1819 3113 1926 3147 vete·

1053 3174 1133 3198 rem
1161 3162 1368 3199 lectionem
1396 3163 1585 3211 reposuit,
1613 3174 1728 3211 quam
1758 3168 1925 3200 tuentur

1054 3217 1165 3254 MSS.
1220 3216 1323 3254 Flor.
1375 3215 1509 3268 (ssud.)
1563 3215 1660 3265 Agr.
1703 3218 1788 3255 edd.
1836 3218 1924 3254 inde

1053 3282 1079 3307 a
1123 3270 1272 3308 Puteol.
1317 3282 1463 3310 omnes.
1529 3271 1721 3308 Vaticano
1763 3283 1925 3308 consen-

1054 3326 1105 3361 tit
1135 3325 1194 3362 ed.
1235 3337 1294 3373 pr.
1332 3325 1462 3363 Latini
1497 3324 1616 3362 verba
1646 3325 1836 3362 nonnulla
1865 3336 1926 3361 so-

1054 3379 1141 3416 lent
1162 3380 1413 3428 conjungere,
1432 3380 1608 3429 quamvis
1636 3380 1735 3416 idem
1767 3379 1845 3414 sere
1874 3378 1927 3414 si-

1055 3432 1296 3481 gnificantia,
1328 3434 1446 3470 etiam
1483 3433 1551 3481 qui
1589 3433 1821 3469 brevitatem
1861 3432 1928 3467 ad-

1057 3490 1256 3532 amarunt,
1275 3492 1322 3524 ut
1339 3488 1477 3524 multis
1495 3487 1681 3535 exemplis
1700 3499 1720 3521 e
1740 3486 1929 3523 Sallustio

1058 3545 1118 3579 et'
1140 3541 1280 3580 Tacito
1322 3541 1447 3579 doceri
1494 3545 1636 3590 potest.
1691 3540 1748 3577 sic
1795 3538 1928 3580 statim
1991 3547 1995 3552 ‘
