2190 3880
485 130 582 179 DE
611 127 921 180 MORIBUS
954 129 1354 182 GERMANIAE·-
1376 133 1517 182 CAP.
1538 136 1620 182 21.
1839 133 1901 187 5¹7
1905 135 1938 182 3

130 247 418 318 ingenuos,
452 249 626 301 virtus
665 260 948 322 agnoscat.
1023 250 1155 302 Sera
1187 250 1456 320 juvenum
1495 252 1713 318 Venus3
1766 268 1941 321 eoque

131 316 461 373 inexhausta
496 322 772 390 pubertas.
810 338 912 374 nec
953 320 1190 391 virgines
1229 321 1591 389 festinantur3
1628 323 1817 376 eadem
1845 324 1942 393 ju-

134 399 321 453 venta-‚v
361 388 553 442 similis
598 392 913 462 proceritas.
961 409 1115 462 pares
1162 391 1464 460 validaeque
1518 395 1829 445 miscentur.
1875 411 1942 446 ac

131 459 330 511 robora
356 472 642 530 parentum
669 461 826 514 liberi
851 461 1111 515 referunt.
1185 462 1445 514 Sororum
1472 462 1597 514 filiis
1624 464 1766 515 idem
1793 464 1943 533 apud

132 531 482 596 avunculum,
509 532 603 602 qui
639 533 784 602 apud
821 544 1028 603 patrem
1064 532 1258 585 honor.
1333 531 1574 587 Quidam
1615 535 1942 586 sanctiorem

132 599 532 675 arctioremque
555 601 703 655 hunc
730 620 933 655 nexum
960 603 1240 673 sanguinis
1265 604 1613 665 arbitrantur,
1635 613 1691 654 et
1717 604 1771 655 in
1798 607 1942 656 acci-

131 670 347 738 piendis
387 672 668 724 obsidibus
710 674 886 743 magis
931 674 1198 743 exigunt3
1239 686 1515 743 tamquam
1543 673 1579 725 ii
1616 684 1672 725 et
1698 674 1943 725 animum

132 738 361 805 firmiuS‚
387 753 443 794 et
468 743 691 795 domum
722 743 903 808 latiuS,
930 755 1167 796 teneant.
1244 742 1489 798 Heredes
1518 755 1697 795 tamen
1727 761 1944 796 succes-

131 812 490 880 soresque-sui
510 812 708 882 cuique
733 813 916 866 liberi:
956 825 1012 865 et
1033 814 1238 866 nullum
1257 826 1660 867 testamentum.
1704 814 1761 866 Si
1785 814 1944 866 liberi

129 897 241 932 non
288 892 434 947 sunt,
471 884 754 951 proximus
793 885 991 954 gradus
1035 885 1088 936 in
1130 885 1468 955 possessione
1504 884 1715 949 fratreS,
1742 886 1942 955 patrui,

130 951 421 1004 avunculi..
466 953 690 1011 Quanto
719 954 838 1024 plus
867 954 1313 1024 propinquorum,
1341 972 1452 1025 quo
1478 955 1655 1023 major
1679 955 1943 1010 adfinium

129 1038 407 1086 numeruS,
431 1033 584 1075 tanto
612 1024 903 1094 gratiosior
925 1038 1191 1090 senectuS,
1214 1044 1315 1079 nec
1337 1025 1445 1078 ulla
1471 1025 1722 1078 orbitatis
1750 1025 1943 1096 pretia,

132 1091 420 1163 Suscipere
451 1103 563 1145 tam
602 1095 936 1159 inimicitiaS,
963 1113 1056 1148 seu
1090 1096 1279 1166 patris,
1307 1113 1398 1148 seu
1442 1096 1754 1166 propinqui,
1780 1099 2024 1165 quamam

131 1162 420 1227 amicitiaS,
440 1182 658 1217 necesse
678 1177 778 1217 est.
809 1168 911 1218 nec
933 1166 1283 1236 inplacabiles
1310 1166 1528 1218 durant.
1584 1165 1778 1218 Luitur
1798 1167 1946 1219 enim

131 1234 295 1286 etiam
315 1234 670 1305 homicidium
691 1246 842 1288 certo
859 1247 1224 1289 armentorum
1245 1255 1308 1288 ac
1324 1253 1581 1307 pecorum
1599 1254 1845 1300 numere,
1866 1255 1949 1288 re·-

131 1303 376 1374 cipitque
393 1306 816 1358 satisfactionem
838 1307 1086 1358 universa
1102 1307 1322 1360 domus:
1346 1307 1549 1359 utiliter
1565 1306 1620 1358 in
1640 1307 1950 1376 publicum;

131 1376 261 1444 quia
290 1375 696 1446 periculosiores
735 1387 860 1428 sunt
886 1377 1191 1429 inimicitiae
1216 1377 1385 1445 juxta
1409 1376 1735 1429 libertatem.
1802 1376 1952 1429 Con-

131 1445 370 1498 victibus
397 1458 452 1497 et
478 1446 730 1516 hospitiis
754 1465 862 1499 non
891 1448 996 1499 alia
1022 1466 1156 1518 gens
1179 1447 1401 1500 effusius
1431 1447 1696 1517 indulget.
1743 1447 1954 1506 Quem-.-

132 1533 367 1586 cumque
388 1517 697 1569 mortalium
725 1536 907 1571 arcere
933 1528 1098 1582 tecte,
1118 1518 1269 1570 nefas
1296 1518 1562 1571 habetur:
1601 1535 1701 1587 pro
1730 1517 1955 1570 fortuna

131 1587 361 1656 quisque
397 1588 668 1658 adparatis
706 1588 877 1659 epulis
904 1590 1131 1658 excipit.
1207 1588 1350 1641 Cum
1377 1587 1641 1652 defecere,
1664 1588 1757 1658 qui
1785 1589 1956 1641 modo·

131 1656 330 1728 hospes
367 1657 561 1722 fuerat,
588 1670 918 1711 monstrator
954 1659 1176 1730 hospitii
1211 1671 1266 1711 et
1294 1677 1495 1723 comes,
1519 1661 1827 1730 proximam
1853 1660 1952 1712 do-

129 1744 282 1780 mum
311 1746 422 1780 non
451 1729 666 1782 invitati
694 1731 912 1782 adeunt.
940 1748 1040 1783 nec
1063 1732 1312 1783 interest:
1354 1730 1467 1800 pari
1495 1729 1836 1781 humanitate
1861 1749 1953 1782 ac·

132 1799 430 1870 cipiuntur.
506 1800 716 1853 Notum
757 1801 1136 1871 ignotumque,
1166 1811 1431 1871 quantum
1472 1801 1536 1852 ad
1573 1801 1666 1870 jus
1705 1800 1953 1871 hospitii,

133 1887 296 1933 nemo
335 1870 612 1935 discernit.
685 1871 952 1938 Abeunti,
1002 1875 1048 1925 si
1089 1872 1222 1943 quid
1275 1871 1606 1949 poposcerit,
1652 1871 1953 1932 concedere

134 2072 170 2115 1,
191 2071 228 2106 4.
265 2057 427 2120 separet
445 2072 518 2116 est,
536 2050 670 2116 faciat,
689 2072 737 2108 ut
754 2074 1010 2120 separentur-2

1121 2067 1207 2108 Nec
1223 2069 1307 2107 ulla
1327 2068 1504 2108 orbitatis
1524 2065 1674 2120 pretia]
1721 2067 1812 2106 Non
1841 2071 1954 2111 sunt,

130 2129 337 2171 agno-veae,
354 2123 489 2169 faciat,
507 2128 554 2160 ut
567 2129 845 2173 agnoscantur.
876 2127 1014 2162 GnoN.

1067 2123 1137 2172 qui
1157 2135 1268 2160 senes
1285 2123 1401 2160 orbos
1425 2126 1601 2172 captent,
1620 2126 1667 2160 ut
1684 2123 1791 2171 apud
1809 2123 1954 2159 Roma-

131 2176 354 2225 Agnoscere
377 2188 424 2213 eo
452 2188 569 2214 sensu
593 2178 700 2227 apud
725 2178 816 2216 Seu.
836 2189 901 2227 ep.
922 2183 1013 2216 120.

132 2232 174 2266 et
191 2229 375 2278 Plin.ep.
395 2235 435 2276 5,
457 2235 518 2270 17.
595 2250 602 2261 *-

188 2282 430 2321 Inoa-liaustu
454 2282 656 2333 pubertas]
696 2284 747 2322 Is.
775 2284 936 2322 Vossius
968 2285 1018 2322 ad

134 2335 281 2374 Melam
305 2342 346 2374 3.
370 2337 542 2385 explicat
567 2335 831 2389 ἄναρςοδισίαν,
849 2349 935 2387 quoe
961 2338 1016 2375 ibi

127 2391 316 2440 pueritia.
371 2391 588 2428 Pueritiam
613 2395 719 2429 recte
742 2392 915 2440 accipit3
949 2392 1016 2428 sed

131 2444 322 2495 pubertas
339 2443 449 2482 aliud
466 2447 552 2481 est:
582 2455 739 2493 nempe,
755 2445 814 2483 vis
826 2445 1016 2492 juvenilis

132 2497 362 2547 generandi.
386 2509 473 2546 quae
491 2509 576 2534 sero
594 2499 852 2536 consumitur.
878 2499 989 2536 ERN.

188 2548 314 2591 Pares
343 2550 555 2600 validique]
594 2551 690 2592 eod.
721 2553 852 2600 Kapp.
879 2551 929 2602 (s.
957 2551 1019 2589 ed.

132 2604 230 2643 Nor.
256 2604 353 2642 item
368 2604 499 2653 Rom.)
533 2603 620 2640 edd.
642 2605 796 2643 Bonon.
824 2605 1018 2655 Sprireus.

133 2668 346 2706 omnesque
371 2658 493 2695 ceteri
519 2657 597 2694 mei
625 2661 718 2695 ante
740 2659 848 2707 Lips.
875 2669 1020 2708 magno

134 2722 328 2749 consensu
345 2713 561 2761 valida-que
577 2725 590 2748 .·
619 2712 722 2760 quod
746 2712 916 2749 restitui.
972 2713 1020 2749 In

135 2765 377 2814 Lipsianam‚
394 2769 442 2802 ut
457 2765 542 2811 alia*
555 2765 746 2813 quaedam,
761 2765 872 2803 venit
886 2777 934 2803 ex
949 2765 1018 2802 ob-

135 2829 251 2856 scura.
274 2819 459 2857 editione.
515 2818 712 2868 Intellige‚
729 2830 842 2867 pares
863 2820 1018 2856 maritis

135 2875 253 2909 aetate
281 2872 449 2920 aliisque
478 2872 596 2909 rebus
622 2872 838 2918 ducuntur,
867 2874 910 2910 in
939 2874 1020 2920 pri-

134 2925 288 2975 misque
305 2925 456 2965 validae.
513 2925 650 2963 Paullo
679 2931 769 2974 post
798 2937 870 2975 pro
888 2928 1020 2974 magis

136 2979 223 3016 MS.
258 2978 412 3016 Arund.
450 2980 634 3016 maxime.
678 2980 787 3017 Eum.
841 2979 1019 3016 Pichenae

136 3031 320 3081 placebat
346 3033 557 3081 validique.
597 3032 664 3068 sed
689 3039 795 3069 recte
825 3044 914 3070 cum
944 3033 1019 3070 Er·

136 3086 266 3124 nestio
280 3085 433 3123 faciunt
451 3085 550 3134 Lali.
567 3085 683 3124 Brot.
703 3086 795 3136 Bip.

189 3139 317 3189 Apud
342 3137 515 3189 patrem]
564 3139 659 3176 eod.
704 3138 851 3187 Kappii
889 3137 1021 3187 (quem

138 3192 230 3231 Joh.
252 3192 432 3241 Kappius
461 3192 523 3228 bic
551 3191 695 3230 iterum
722 3193 824 3230 male
847 3192 936 3230 MS.
957 3204 1022 3229 vo-

137 3244 219 3295 cat)
240 3246 322 3283 sive
341 3246 402 3285 ed.
425 3245 606 3284 Norimb.
633 3246 727 3282 item
753 3246 870 3283 Rom.
903 3249 944 3282 et
959 3246 1022 3283 ed.

1067 2188 1152 2214 nos.
1195 2177 1363 2225 Respice
1389 2177 1443 2214 Aa
1473 2182 1537 2222 15,
1571 2179 1631 2216 19.
1660 2176 1720 2214 ef.
1753 2176 1956 2213 Ammian.

1071 2231 1196 2267 Marc.
1221 2235 1283 2267 14.
1303 2233 1342 2268 6.
1373 2230 1463 2267 Sen.
1482 2231 1600 2267 Cous.
1619 2230 1669 2265 ad
1686 2230 1811 2266 Marc.
1827 2240 1862 2265 c.
1887 2234 1953 2267 19.

1069 2284 1210 2320 Paullo
1225 2288 1318 2320 ante
1336 2283 1428 2320 Put.
1446 2289 1556 2320 tanto
1567 2284 1736 2331 gratior.
1755 2282 1821 2319 sed
1839 2283 1955 2320 Rom.

1070 2342 1112 2374 et
1127 2336 1267 2375 Norib.
1286 2337 1346 2373 ed.
1362 2338 1590 2386 gratiosior.

1130 2391 1289 2428 Utiliter
1301 2392 1343 2428 in
1353 2389 1571 2440 publicum]
1599 2388 1712 2438 Solus
1725 2388 1809 2425 cod.
1822 2388 1954 2436 Kapp.

1075 2443 1122 2495 (s.
1141 2444 1202 2481 ed.
1218 2442 1333 2492 Nor.)
1354 2444 1538 2480 utilitate.
1594 2442 1689 2478 Mox
1695 2441 1822 2489 juxta
1841 2441 1956 2478 liber-

1070 2503 1190 2535 tatem
1207 2501 1268 2532 est
1287 2496 1392 2533 inter
1409 2496 1555 2533 liberos
1582 2495 1774 2540 homines,
1794 2495 1835 2531 in
1859 2494 1956 2530 civi-

1071 2554 1154 2587 tate
1188 2550 1326 2588 libera.
1367 2550 1478 2587 ERN.
1533 2548 1608 2586 Ed.
1642 2548 1757 2586 Rom.
1792 2553 1832 2584 et
1863 2548 1956 2585 Put.

1071 2604 1237 2641 utiliter.

1131 2657 1228 2694 Cum
1245 2653 1431 2704 deficere]
1453 2655 1514 2693 Sc.
1531 2655 1679 2704 epulae:
1709 2665 1800 2692 cum
1817 2653 1956 2703 epulas

1074 2710 1244 2759 amplius
1273 2709 1449 2758 praebere
1481 2709 1627 2757 hospiti
1662 2720 1742 2745 non
1778 2714 1957 2757 possunt.

1071 2765 1182 2801 Infra
1207 2775 1242 2800 c.
1272 2768 1339 2800 24.
1376 2775 1464 2799 cum
1491 2766 1622 2800 omnia
1650 2763 1879 2812 defecerunt,
1903 2772 1957 2798 sc.

1072 2829 1159 2865 quae
1174 2816 1346 2854 ludendo
1361 2817 1524 2864 perdere
1542 2816 1706 2864 possint.
1745 2815 1845 2853 Edd.
1860 2818 1958 2853 vett.

1072 2881 1168 2907 meae
1185 2874 1279 2907 ante
1299 2870 1406 2917 Lips.
1424 2881 1559 2906 omnes
1577 2869 1755 2917 defecere.
1771 2869 1876 2917 quod
1894 2879 1956 2905 re-

1074 2924 1208 2961 stituit
1242 2923 1424 2961 Pichena.
1488 2923 1689 2971 Desecerit
1724 2926 1784 2958 est
1815 2923 1858 2958 in
1895 2923 1958 2959 ed.

1073 2978 1180 3025 Lips.
1198 2977 1303 3026 quod
1320 2976 1454 3012 eodem
1481 2977 1596 3012 modo
1613 2975 1834 3024 intelligere
1847 2975 1957 3013 licet.

1072 3031 1146 3068 Sed
1165 3030 1264 3067 illud
1292 3041 1428 3067 verum
1447 3034 1559 3078 puto.
1577 3029 1665 3066 vid.
1691 3033 1826 3066 tamen
1853 3029 1903 3065 ad
1921 3041 1957 3066 c.

1072 3090 1139 3121 24.
1169 3084 1277 3121 Eum.
1329 3083 1421 3131 Bip.
1438 3083 1655 3131 praeferunt
1669 3082 1847 3133 defecerit
1872 3083 1958 3121 scil.

1075 3138 1230 3185 hospes.

1131 3192 1179 3228 Si
1202 3190 1299 3240 quid
1320 3188 1553 3239 poposcerit]
1595 3190 1657 3228 Sic
1687 3188 1772 3227 MS.
1802 3188 1959 3226 Arund.

1076 3244 1163 3280 edd.
1198 3247 1291 3280 aute
1317 3244 1445 3281 Rhea.
1477 3248 1594 3281 1532.
1623 3254 1771 3280 omnes,
1825 3243 1863 3279 Is
1897 3242 1957 3278 in·

138 3299 283 3348 Rhagii
299 3300 351 3336 ad
362 3306 529 3348 patrem.
548 3299 611 3336 Sic
629 3299 711 3336 Cic.
726 3299 775 3335 ad
793 3299 880 3335 Att.
896 3302 938 3343 2,
960 3302 1023 3335 16.
1079 3297 1199 3341 vexit,
1215 3298 1297 3334 sive
1326 3298 1458 3345 potius
1478 3308 1586 3334 error
1602 3306 1826 3345 operarum,
1839 3307 1958 3343 popo·-

138 3356 181 3388 et
210 3357 276 3398 10,
307 3355 370 3391 16.
398 3353 453 3390 ad
481 3364 541 3390 me
571 3363 643 3400 pro
674 3352 781 3402 apud
814 3364 886 3390 me.
930 3352 1025 3389 Mox
1078 3352 1210 3397 sceris,
1241 3350 1346 3399 quod
1379 3351 1499 3387 miror
1541 3351 1694 3387 tamdiu
1730 3350 1959 3393 toleratum,

139 3405 228 3443 ΜΒ.
244 3406 367 3454 Long.
388 3407 557 3444 obsidiis.
595 3405 700 3441 Dein
719 3415 790 3453 pro
807 3407 841 3443 ii
855 3406 956 3442 male
973 3406 1030 3442 le·
1082 3416 1172 3442 cum
1215 3404 1313 3441 illud
1358 3403 1554 3441 Latinitas
1590 3403 1795 3440 desideret.
1852 3400 1960 3438 ERN.

139 3458 250 3506 gitur
276 3460 320 3497 in
348 3459 391 3497 in
409 3461 470 3497 ed.
494 3460 592 3496 Nor.
621 3459 737 3502 Rom.
767 3459 895 3508 Rhag.
923 3464 963 3497 et
988 3459 1030 3499 in
1082 3458 1157 3496 Ed.
1183 3457 1323 3495 Norib.
1344 3458 1571 3507 poposcerit.
1624 3457 1673 3503 In
1691 3456 1803 3494 Rom.
1822 3464 1869 3504 ea
1886 3465 1961 3503 vox

139 3511 228 3552 MS.
243 3513 367 3563 Long-
385 3516 426 3550 et
443 3512 610 3551 Humm.
772 3507 777 3512 ’
872 3512 874 3515 '
1083 3512 1207 3548 deest.

1157 3563 1316 3615 abs
