2190 3880
240 142 341 192 384
844 141 1460 195 HISToRt-ARUM

104 266 472 333 A,15‚·Africae‚
503 266 624 338 jam
666 277 798 324 tunc
843 273 1054 344 optimo
1095 273 1293 344 cuique
1330 274 1614 339 exitiosus,
1645 279 1704 327 et
1742 271 1798 328 in
1838 287 2051 332 caussas

117 344 216 382 824.

111 398 165 437 A.
182 393 215 436 C

135 457 201 496 71.

145 1425 206 1472 51
233 1421 464 1475 rioribus
507 1418 875 1476 vendiderant.

247 339 530 406 malorum,
582 357 710 413 quae
759 360 891 396 mox
946 345 1185 410 tulimuS,
1237 346 1443 416 saepius
1498 346 1787 399 rediturus.
1862 345 2052 399 Festus

243 411 566 479 Adrumeto,
593 415 684 468 ubi
714 416 1148 487 speculabundus
1175 418 1510 482 substiterat,
1528 417 1594 469 ad
1626 417 1895 488 legionem
1923 435 2054 471 con·-

245 485 439 551 tendit‚
466 480 906 557 Praefectumque
930 501 1250 552 castrorum,
1281 487 1596 540 Ceti-onium
1630 488 1910 554 Pisanum,
1937 489 2051 542 vin-

240 556 340 610 ciri
372 556 564 629 jussit,
602 559 849 629 proprias
901 561 972 612 ob
1002 559 1347 613 simultates:
1396 559 1488 612 sed
1535 559 1742 612 Pisonis
1781 559 2053 614 satellitem

238 631 494 695 voca-bat,
532 630 840 700 militesque
882 627 1336 683 et'Centuriones
1383 629 1647 702 quosdam
1686 633 1884 704 puniit,
1918 632 2052 686 alios

237 703 482 772 praemiis
532 701 766 755 adfecit:
833 707 1082 754 neutrum
1145 720 1215 756 ex
1276 704 1492 769 merito,
1556 704 1646 756 sed
1712 714 1773 756 ut
1832 720 2057 774 oppres-

237 774 369 827 sisse
419 772 617 826 bellum
661 773 988 826 crederetur.
1063 771 1206 828 Mox
1249 774 1567 841 Oeensium,
1614 775 2054 847 Leptitanorum-

236 858 342 916 que
379 845 680 898 discordias
715 847 1017 916 componit,
1052 864 1200 916 quae,
1238 860 1397 918 raptu
1434 844 1654 919 frugum
1697 859 1753 900 et
1792 865 2051 920 pecorum

235 917 378 969 inter
429 928 687 988 ag1·esteS‚
730 919 959 972 modicis
1013 918 1313 990 principiiS,
1355 919 1474 990 jam
1523 937 1624 990 *per
1683 937 1834 972 arma
1886 931 2050 990 atque

234 989 378 1042 acies
423 991 836 1043 exercebantur.
918 990 1062 1043 N-am
1117 990 1348 1063 populus
1395 991 1650 1057 Oeensis,-
1683 991 2048 1044 multitudine

234 1061 478 1127 inferior,
508 1061 870 1115 Garamantas
905 1063 1204 1128 exciverat,
1269 1075 1456 1116 entem
1479 1063 1800 1116 indomitam
1827 1075 1883 1116 et
1911 1064 2052 1116 inter

233 1133 453 1186 adcolas
484 1133 786 1192 latrociniis
822 1135 1132 1189 fecundam.
1189 1150 1193 1161 ¹
1264 1135 1367 1188 nde
1407 1147 1572 1188 arctae
1611 1135 1914 1207 Leptitanis
1950 1152 2051 1202 res,

232 1206 448 1277 lateque
477 1206 703 1259 vastatis
728 1208 873 1280 agris
907 1207 1049 1260 intra
1087 1207 1296 1262 moenia
1328 1207 1704 1278 trepidabant:
1742 1207 1936 1272 donec,
1964 1207 2045 1259 in-

231 1288 480 1331 terventu
510 1274 819 1332 cohortium
850 1280 1180 1349 alarumque,
1212 1278 1316 1331 fusi
1357 1279 1715 1332 Garamantes
1743 1290 1800 1332 et
1825 1291 2045 1350 recepta

230 1351 407 1403 omnis
437 1352 639 1422 praeda,
668 1351 769 1402 nisi
794 1363 967 1422 -quam
999 1352 1120 1422 vagi
1158 1368 1252 1422 pet·
1278 1353 1552 1404 inaccessa
1585 1351 1879 1424 mapalium
1907 1352 2044 1404 ulte-

952 1424 1031 1475 At
1068 1423 1420 1494 Vespasiano,
1461 1438 1584 1495 post
1619 1424 2043 1476 Cremonensem

228 1504 479 1566 pugnam-
513 1506 893 1567 etfprosperos
935 1497 1174 1565 undique
1218 1497 1457 1560 nuntiOS,
1493 1495 1724 1548 cecidisse
1760 1493 2043 1560 Vitellium,

227 1569 383 1620 multi
415 1567 685 1639 ‘cujusque
717 1568 941 1634 ordiniS,
981 1569 1095 1639 pari
1126 1568 1353 1621 audacia
1391 1567 1717 1639 fortunaque
1753 1567 2039 1622 hibernum

280 1746 331 1785 In
355 1761 512 1785 caussas
532 1745 993 1798 malorniti—rediturus]
1026 1744 1055 1784 i.
1070 1759 1104 1785 c.

223 1804 292 1851 qui
311 1806 447 1851 postea
463 1813 565 1851 saepe
585 1803 626 1840 in
645 1804 792 1841 caussis
820 1802 1012 1840 malorum
1036 1814 1105 1839 no-

222 1861 393 1895 strorum
410 1858 571 1895 futurus
588 1863 688 1904 erat,
705 1870 805 1907 saepe
822 1864 998 1902 acturus,
1017 1868 1104 1906 quae

221 1923 293 1949 nos
310 1912 555 1962 adfligerent.
575 1934 579 1938 -
599 1913 710 1951 ERN.
759 1914 820 1951 Cf.
844 1914 944 1951 Ptin.
969 1913 1043 1961 Ep.
1063 1917 1104 1958 7,

222 1971 288 2003 33.

275 2020 347 2058 Ani
360 2022 550 2070 legionem
573 2021 713 2071 tendit]
776 2020 988 2071 Sequentia
1017 2033 1104 2069 per-

219 2075 367 2112 fectum
385 2077 621 2114 desiderant.
679 2078 820 2115 Tendit
838 2088 910 2125 pro
931 2076 1105 2125 perfecto

221 2142 300 2168 non
318 2131 522 2179 accipiam,
542 2136 702 2180 propter
727 2143 788 2177 ea,
815 2143 901 2181 quae
929 2132 979 2167 ad
1000 2133 1104 2168 Ann.

220 2191 261 2230 3,
289 2188 356 2222 24.
386 2186 477 2223 dixi.
537 2186 716 2234 Cogitavi
747 2187 858 2234 olim,
886 2191 926 2222 et
957 2185 1020 2223 hic
1049 2185 1103 2221 lc·

218 2239 389 2288 gendum
407 2240 582 2286 tetendit.
639 2240 712 2278 Sed
733 2241 773 2277 in
794 2240 853 2279 ed.
874 2251 933 2288 pr.
953 2245 1103 2278 conten-

217 2293 277 2331 dit
304 2294 449 2343 reperi,
472 2295 576 2344 quod
603 2295 778 2344 recipere
803 2306 883 2332 non
908 2293 1100 2331 dubitavi.

217 2347 281 2386 Sic
297 2351 339 2390 et
358 2346 442 2386 MS.
472 2349 571 2398 Reg.
629 2349 737 2387 Idem
759 2349 854 2386 fecit
880 2348 1100 2385 Broterius.

215 2401 367 2442 Eadem
401 2403 524 2441 habet
559 2415 649 2442 mox
684 2405 835 2455 puniit,
871 2403 974 2452 quod
1010 2404 1101 2451 post

216 2457 340 2494 edidit
367 2456 583 2496 Rhenanus
604 2457 641 2509 (e
660 2456 781 2509 Bud.)
802 2468 891 2496 cum
910 2469 991 2507 sqq.
1015 2468 1098 2494 om·

215 2512 357 2550 nibus:
387 2512 506 2562 idque
523 2516 584 2550 est
601 2517 641 2551 et
660 2513 701 2551 in
717 2514 823 2551 Flor.
844 2524 933 2550 cum
945 2511 1097 2549 Puteol.

214 2566 306 2605 Ber.
321 2566 409 2604 Alc.
429 2567 642 2605 edidissent
652 2570 786 2618 punit,
801 2567 904 2617 quod
918 2569 978 2604 est
996 2570 1037 2604 et
1054 2567 1095 2605 in

214 2620 347 2660 Guelf.
388 2622 496 2660 ERN.
550 2620 653 2660 Bud.
680 2622 816 2661 tendit.
871 2623 966 2661 Mox
993 2622 1095 2660 Bud.

214 2676 318 2714 male
335 2675 553 2726 obrepsisse.

266 2730 370 2768 Mox
401 2729 655 2783 Oplcensium]
710 2731 939 2781 lindolphus
968 2731 1094 2769 voluit

214 2784 478 2836 Euspena-ium
494 2801 506 2822 .·
536 2786 603 2823 sed
619 2799 643 2824 a
662 2787 900 2835 conjectura.
930 2786 1093 2836 Ophen-

213 2839 314 2877 sium
344 2839 500 2890 quidem
526 2853 612 2883 ‚non
643 2839 738 2878 alibi
769 2841 918 2879 mentio
946 2842 990 2879 in
1020 2841 1092 2878 hoc

209 2897 362 2932 tractu:
393 2899 433 2932 et
456 2898 642 2945 putamus
666 2894 882 2934 rectissime
911 2896 1094 2933 emenda-

209 2952 297 2986 tum
328 2949 392 2996 iri,
426 2948 640 2989 Oeensium.
673 2951 900 3000 statimque,
923 2952 1095 3001 populus

211 3002 380 3041 Oeemz's.
431 3003 531 3042 Rem
573 3004 703 3055 tetigi.
757 3005 793 3043 T
796 3017 816 3041 τε
852 3006 1013 3052 advoco,
1049 3005 1093 3043 C.

210 3056 329 3103 Plini,
351 3057 393 3095 in
421 3069 549 3096 meam
575 3058 690 3097 fidem
719 3064 758 3096 et
780 3060 910 3098 Taciti
938 3060 1094 3099 lucem:

209 3109 354 3149 Scribis
375 3118 414 3158 5,
439 3117 478 3149 5.
505 3113 565 3151 his
584 3115 677 3163 ipsis
697 3115 850 3152 verbis:
880 3115 951 3153 Ad
969 3117 1094 3154 Gara-

207 3173 365 3205 mantas
403 3168 477 3204 iter
520 3169 792 3219 inexplicabile
832 3170 960 3207 adhuc
986 3169 1092 3218 suit.

208 3219 398 3259 Proximo
427 3220 537 3268 bello,
555 3222 660 3273 quod
680 3236 768 3261 cum
788 3223 995 3263 oeensibus
1012 3220 1093 3261 Ro·

207 3277 317 3313 mani
331 3285 497 3325 gessere,
515 3276 645 3314 initiis
668 3277 901 3326 Vespasiani
917 3279 1092 3328 Impera-

204 3330 317 3377 torti,
335 3328 600 3382 compendium
629 3327 705 3369 υἷας
733 3334 934 3382 quatriam'
960 3333 1089 3382 depre-

205 3384 365 3422 hensum
382 3383 448 3422 es't.
506 3383 622 3426 Quod
648 3386 745 3423 illud
766 3385 910 3423 bellum
935 3386 1010 3423 sub
1028 3387 1087 3422 in·-

205 3438 281 3477 itia
294 3437 540 3489 Vespasiani,
559 3440 635 3476 nisi
655 3441 759 3478 istud
775 3438 792 3477 ἓ
850 3440 991 3491 Itaque
1008 3441 1087 3478 Pli-

204 3494 273 3531 nio
290 3505 446 3544 quoquc
463 3492 679 3543 praelucent
695 3496 799 3533 clare
813 3495 894 3533 haec
908 3495 1083 3533 Corneli·

204 3559 294 3586 ana.
347 3550 536 3598 Tempus,
582 3549 697 3595 situs,
751 3560 909 3596 nomen,
952 3549 1086 3587 onmia

203 3603 467 3645 conveniunt:
499 3610 540 3640 et
555 3608 616 3642 est
632 3605 704 3642 hoc
722 3605 820 3643 illud
839 3605 969 3653 ipsum
985 3605 1085 3641 cele-

1158 1748 1228 1784 bre
1245 1747 1423 1796 opidum,
1440 1748 1545 1786 uude
1563 1746 1788 1786 Pudentilla
1805 1744 1980 1797 Apuleii,
1996 1750 2044 1786 ut

1160 1804 1243 1851 ipse
1262 1804 1456 1853 Apologia
1476 1807 1766 1840 commemorat.
1819 1799 1985 1852 Scripsit
2002 1805 2061 1854 et.

1158 1854 1405 1903 Orationem,
1419 1858 1501 1895 Pro
1519 1863 1652 1895 statua
1663 1858 1738 1895 sibi
1759 1855 1847 1895 Oeoe
1863 1856 2042 1895 locanda.

1159 1914 1270 1951 Lu’s.
1322 1913 1407 1950 MS.
1436 1913 1534 1961 Agr.
1563 1913 1800 1962 Aspensium
1817 1922 1897 1949 non
1915 1911 2044 1960 Ruaep.

1157 1967 1234 2005 Ed.
1270 1979 1332 2016 pr.
1372 1966 1430 2018 (et
1460 1967 1563 2004 Bud.
1593 1964 1692 2016 cod.)
1737 1964 1880 2015 Offens.
1915 1965 2041 2014 Lipsii

1157 2023 1437 2059 correctionem
1455 2021 1604 2071 reecpit
1619 2020 1790 2069 Ryckius
1808 2033 1820 2066 3
1847 2019 1895 2056 de
1913 2018 1991 2069 qua
2001 2031 2038 2058 v.

1158 2088 1254 2125 quos
1282 2076 1420 2113 laudat
1435 2077 1475 2114 J.
1494 2077 1617 2114 Gron.
1647 2077 1714 2125 qui
1733 2075 1938 2123 vulgatum
1959 2086 2039 2112 ser-

1158 2135 1249 2168 vat:
1291 2131 1550 2180 inprimisque
1594 2131 1766 2182 Suritam
1802 2129 1852 2166 ad
1886 2130 2037 2168 Anton.

1157 2186 1252 2223 ltin.
1285 2197 1322 2233 p.
1356 2189 1422 2223 62.
1460 2186 1520 2224 ed.
1552 2185 1717 2223 Wessel.
1751 2183 1885 2233 ibique
1917 2184 2037 2222 etiam

1157 2239 1463 2290 Wesselingium
1478 2254 1487 2277 ε
1514 2241 1619 2277 unde
1647 2238 1815 2291 patebit,
1828 2245 1939 2287 saepe·
1951 2235 2037 2275 isti-

1155 2306 1200 2331 us
1229 2294 1339 2332 urbis
1370 2306 1513 2332 nomen
1540 2298 1767 2344 corruptum
1794 2292 1977 2338 inlibris,
1997 2296 2039 2330 et

1155 2350 1384 2386 restitutum
1398 2360 1421 2385 a
1441 2350 1561 2386 doctis
1582 2350 1690 2387 viris.
1723 2347 1826 2386 Adel.
1853 2347 2036 2386 Oudend.

1154 2404 1203 2440 ad
1221 2403 1383 2441 Sueten.
1410 2403 1515 2452 Aug.
1533 2409 1571 2443 4.
1589 2408 1690 2441 extr.
1745 2402 1821 2439 Sed
1838 2402 1880 2438 in
1897 2401 2035 2450 primis

1153 2469 1199 2495 ex
1219 2459 1279 2495 ed.
1301 2469 1360 2507 pr.
1385 2459 1564 2507 apparet,
1584 2469 1674 2496 rere
1701 2457 1874 2495 Suritam
1903 2456 2034 2503 conje-

1151 2513 1264 2558 cisse,
1283 2513 1330 2550 de
1348 2513 1499 2562 origine
1517 2512 1750 2562 corrupteloe
1770 2524 1780 2547 t
1807 2520 1966 2602 ηοωὲε,
1985 2522 2033 2548 ex

1155 2567 1310 2605 Oeensis
1327 2568 1496 2616 primum
1522 2567 1669 2606 factum
1691 2563 1858 2615 oseneia
1921 2564 2033 2603 'tiam

1150 2621 1286 2659 tabula
1303 2623 1486 2672 Peutihg.
1504 2622 1624 2659 habet
1645 2621 1736 2659 Osa.
1780 2619 2032 2658 Peterin-Re·

1149 2677 1252 2714 cueil
1279 2678 1326 2714 de
1358 2675 1459 2715 med.
1503 2677 1639 2727 Suppl.
1669 2682 1707 2714 2.
1744 2685 1784 2724 p.
1813 2679 1878 2712 48.
1910 2678 1974 2714 49.
2009 2685 2032 2710 e

1149 2741 1269 2768 numo
1297 2732 1460 2781 antiquo
1492 2731 1534 2768 in
1565 2731 1701 2780 primis
1726 2739 1861 2768 verum
1886 2738 2030 2766 nomen

1146 2787 1322 2824 defendit
1357 2798 1440 2824 esse
1479 2786 1593 2832 Occu,
1630 2786 1720 2824 inde
1759 2784 1928 2822 Oeensi-r.
1983 2783 2030 2820 ln

1149 2852 1270 2878 numo
1298 2845 1356 2878 est
1380 2842 1460 2878 Col.
1478 2843 1590 2889 Aug.
1612 2840 1698 2878 Oce.
1745 2840 1930 2876 Ceterum
1957 2837 2030 2874 Le-

1150 2897 1229 2945 ptis
1249 2896 1505 2944 intelligenda
1521 2899 1680 2945 magna,
1697 2895 1735 2931 in
1753 2894 1867 2942 cujlis
1885 2891 2031 2929 vicinia

1149 2951 1245 2988 Oea.
1283 2951 1390 2988 Ena.
1436 2949 1536 2987 Ptol.
1555 2955 1594 2998 4,
1613 2955 1653 2988 3.
1684 2947 1797 2987 Ἔδει.
1833 2948 1890 3001 *In
1908 2956 2028 2984 numo

1147 3004 1342 3043 Antonini
1359 3006 1417 3043 Pii
1440 3004 1531 3042 oea.

1206 3060 1314 3097 Unde
1359 3066 1478 3097 aretoe
1515 3058 1739 3108 Leptitana}
1777 3054 1854 3106 rev]
1911 3054 2026 3092 Areae

1147 3113 1261 3152 MSS.
1304 3113 1408 3152 mor.
1444 3112 1579 3163 (Bud.)
1623 3112 1722 3160 Agr.
1763 3108 1896 3147 Guels.
1935 3107 2024 3144 edd.

1147 3173 1239 3206 ante
1256 3169 1383 3206 Rhen.
1402 3169 1469 3217 qui
1488 3167 1610 3205 edidit
1625 3172 1727 3203 arta.
1769 3164 1893 3202 Vetus
1910 3162 2027 3199 resti—

1145 3224 1227 3261 tuit
1244 3224 1439 3272 Ryckius:
1477 3225 1518 3258 et
1535 3223 1607 3260 hoc
1625 3218 1867 3257 consuetudo
1885 3216 2025 3254 Latine

1145 3277 1391 3326 loquentium
1431 3276 1639 3319 desiderat,
1673 3277 1721 3311 ut
1759 3272 1857 3309 vidit
1889 3271 2028 3308 Frein-

1143 3332 1266 3368 shem.
1302 3331 1474 3368 Dubitat
1490 3331 1529 3368 J.
1547 3330 1613 3368 Fr.
1632 3326 1852 3366 Gronovius
1871 3326 1919 3362 ad
1940 3325 2025 3363 Liv.

1147 3390 1211 3432 lo,
1231 3389 1269 3422 6.
1287 3397 1339 3422 an
1357 3390 1462 3422 recte
1476 3391 1585 3422 arcta
1596 3395 1657 3422 res
1673 3380 1920 3426 sollicitetur,
1939 3380 2025 3417 lau-

1141 3441 1238 3477 dans
1254 3441 1394 3477 duram
1411 3453 1490 3477 rem
1508 3450 1528 3475 e
1546 3438 1739 3487 Virgili03
1769 3447 1848 3473 non
1867 3434 2023 3472 dubita-

1137 3498 1269 3540 turus,
1283 3495 1316 3531 si
1328 3505 1560 3532 consensum
1576 3497 1670 3530 vett.
1687 3491 1878 3528 librorum
1892 3489 2025 3538 cogni·-

1137 3553 1224 3585 tum
1253 3548 1467 3586 habuisset.
1526 3549 1621 3585 Mox
1650 3545 1734 3584 MS.
1762 3547 1860 3593 Agr.
1889 3543 2022 3582 vaceio.

1138 3604 1186 3639 V.
1207 3604 1256 3640 ad
1276 3609 1316 3650 Q,
1335 3609 1404 3641 39.
1443 3605 1551 3642 ERN.
1607 3601 1711 3639 Bud.
1733 3600 1911 3639 vastatis.
