2190 3880
336 137 399 186 '74
929 130 1530 181 HISTORIARUM

207 271 526 318 A,1J,nerum
577 256 869 328 absumpti.
944 256 1238 328 Postquam
1287 259 1342 311 id
1396 258 1615 314 Roma—n
1637 273 1991 333 compertum,
2033 262 2160 319 Μ.-

209 326 605 397 .82³.Aponius,
659 328 918 381 Moesiam
973 331 1244 395 obtinens,
1294 330 1605 401 triumphali
1657 344 1863 398 statua,
1899 333 2159 392 Fulvius,

208 387 322 483 A7'oc'
338 396 586 452 Aurelius
635 411 698 451 et.
730 399 997 454 Julianus,
1023 399 1198 452 Titius
1243 419 1307 453 ac
1352 401 1630 454 Numisius
1680 403 1881 475 Lupus,
1916 397 2119 478 ,Legati
2152 419 2155 449 ῑ

287 468 295 478 ’
336 469 630 541 legionum,
654 471 1040 523 Consularibus
1062 473 1387 524 ornamentis
1413 473 1710 527 donantur:
1749 474 1876 534 laeto
1898 475 2120 530 Othone

337 552 392 593 et
418 541 640 612 gloriam
670 543 724 594 in
761 561 816 594 se
844 541 1103 607 trahente,
1131 552 1389 612 tamquam
1417 552 1464 596 et
1488 543 1589 613 ipse
1605 543 1750 617 felix
1774 546 1916 612 bello,
1939 555 1987 600 et
2016 548 2121 602 suis

254 615 325 662 80
340 611 580 665 Ducibus
614 613 816 683 suisque
851 613 1144 665 exercitibus
1177 613 1359 684 Remp.
1385 615 1616 668 auxisset.
1693 615 1868 670 Parvo
1905 619 2119 672 interim

336 685 516 749 initio,
540 684 682 736 unde
708 684 843 737 nihil
869 683 1176 748 timebatur,
1203 698 1320 738 orta
1346 686 1540 738 seditio
1567 704 1734 757 prope
1758 689 1877 741 urbi
1903 690 2118 753 excidio

337 755 460 808 fuit.
535 755 831 826 Septimam
871 756 1135 808 decimam
1168 757 1466 823 cohortem,
1493 775 1523 809 e
1557 758 1772 811 colonia
1798 759 2036 814 Ostiensi
2062 763 2118 816 in

337 828 521 880 urbem
577 827 739 879 acciri
789 826 938 879 Otho
982 825 1246 895 jusserat:
1308 829 1578 882 armandas
1630 829 1745 900 ejus
1791 850 1920 884 eura
1956 832 2120 886 Vario

338 898 610 969 CrispinO,
636 897 877 950 Tribuno
904 915 935 949 e
962 897 1327 964 PraetorianiS,
1359 900 1499 952 data.
1578 899 1650 966 Is,
1674 920 1783 970 quo
1807 903 1991 975 magis
2028 921 2121 957 va·
2184 955 2185 958 ,

335 988 486 1032 cuuS,
511 970 707 1039 quietis
745 969 952 1033 castriS,
969 968 1122 1039 jussa
1157 983 1554 1041 exsequeretur,
1582 972 1828 1027 vehicula
1860 975 2118 1042 cohortis,
2186 984 2190 1025 ἓ

335 1039 631 1111 incipiente
657 1053 834 1107 nocte,
857 1041 1083 1106 onerari,
1106 1052 1292 1112 aperto
1319 1044 1747 1111 armamentario,
1765 1045 1944 1116 jubet.
1964 1057 2120 1099 *tem-

336 1129 437 1182 pus
476 1113 533 1164 in
568 1113 965 1183 suspicionem;
1001 1131 1188 1165 caussa
1222 1113 1276 1164 in
1323 1114 1888 1181 crimem-adfectatio
1922 1118 2118 1189 quietis

331 1185 390 1236 in
422 1184 708 1236 tumultum
746 1185 979 1238 evaluit:
1018 1195 1074 1236 et
1102 1184 1217 1236 visa
1259 1185 1398 1237 inter
1433 1185 1752 1240 temulentos
1787 1206 1936 1241 arma
1965 1190 2119 1271 cupi·
2188 1195 2190 1198 ⁴

334 1254 513 1307 dinem
558 1256 639 1307 sui
682 1274 911 1308 movere.
989 1255 1191 1308 Fremit
1230 1255 1399 1321 mileS,
1435 1270 1491 1309 et
1521 1256 1790 1311 Tribunos
1832 1259 2119 1313 Centurio-

333 1344 534 1396 nesque
569 1326 874 1396 proditionis
916 1326 1094 1397 arguit
1129 1336 1388 1398 tamquam
1420 1327 1649 1401 familie&
1704 1332 2003 1386 Senatorum
2047 1332 2121 1384 ad

324 1398 601 1469 perniciem
631 1396 842 1451 Othonis
875 1407 1228 1452 armarentur.-
1269 1418 1391 1471 pars
1429 1401 1603 1472 ignari
1641 1414 1695 1454 et
1733 1402 1859 1455 vino
1896 1421 2116 1474 graves:

331 1557 492 1593 deatur:
511 1557 575 1593 illi
582 1557 732 1593 saevitia
743 1556 891 1601 hiemis,
902 1556 944 1593 1ιί
953 1556 1106 1593 miseria
1115 1557 1199 1593 vul-
1251 1556 1309 1594 M.
1322 1556 1472 1606 Aquilii
1490 1570 1524 1595 c.
1541 1563 1582 1596 4.
1603 1559 1696 1596 hinc
1712 1562 1914 1610 septimam
1931 1562 2117 1600 decimam

332 1621 465 1648 ozerum
481 1611 682 1659 absumpti.
707 1611 882 1647 Junctim
899 1611 1003 1647 enim
1019 1622 1107 1647 cum
1119 1610 1199 1659 pri·

333 1664 467 1702 oribus
490 1664 662 1712 legenda.
691 1667 732 1700 et
760 1664 899 1713 reliqui
926 1665 1198 1713 confugerunt,

332 1718 475 1767 iuquit,
494 1719 541 1754 ad
558 1718 737 1766 paludes:
771 1731 934 1767 quorum
957 1719 1027 1755 alii
1044 1719 1198 1767 frigoris

331 1773 386 1819 vi,
419 1773 487 1810 alii
519 1773 602 1820 jam
631 1773 726 1818 laesi,
760 1785 848 1810 cum
881 1784 994 1810 nemo
1028 1776 1196 1819 curaret,

330 1827 469 1873 misere
484 1827 576 1863 tabe
593 1829 632 1862 et
648 1838 744 1876 pure
764 1828 967 1864 vulnerum
986 1827 1199 1877 perierunt.

331 1882 442 1919 ers.
469 1882 591 1918 Vetus
603 1881 733 1926 lectio,
743 1882 859 1918 etiam
870 1882 1000 1919 Guelf.
1016 1885 1056 1918 et
1065 1881 1124 1918 ed.
1137 1893 1196 1930 pr.

330 1939 404 1981 est,
431 1936 485 1972 ibi
510 1937 672 1981 soevitia,
700 1936 762 1972 laic
781 1937 1041 1973 misericordia
1067 1937 1197 1973 vulne-

328 2001 428 2027 rum.
482 1991 555 2026 Pro
573 2001 617 2026 eo
633 1990 758 2027 Rhen.
781 1990 887 2026 dedit
901 1991 1058 2027 miseria
1070 1991 1198 2027 vulue-

329 2055 416 2080 mm
431 2056 444 2079 .-
472 2044 514 2080 in
525 2056 600 2092 quo
613 2044 770 2081 miseria
782 2043 880 2080 bene
896 2044 1079 2092 exprimit
1091 2045 1196 2081 Grae·

329 2108 462 2135 corum
480 2096 745 2150 ταλαιπωρίαν.
799 2098 913 2139 Quod
928 2109 1034 2135 nunc
1051 2097 1194 2143 editur,

326 2156 387 2189 est
399 2162 421 2188 e
436 2152 669 2189 correctione
679 2153 826 2189 Mureti
837 2153 1042 2189 admodum
1053 2153 1196 2190 verosi-

326 2206 430 2252 mili,
440 2218 556 2255 quam
573 2207 722 2255 primus
735 2207 882 2256 recepit
895 2207 1068 2244 Freinsh.
1095 2208 1196 2255 Byc-

326 2260 414 2297 kius
431 2272 452 2296 e
471 2273 542 2298 suo
559 2261 641 2298 cod.
663 2261 797 2306 edidit,
812 2261 879 2298 ubi
892 2262 1042 2298 soevitia
1060 2262 1195 2298 hiemis

326 2321 363 2352 et
385 2315 511 2351 dolore
533 2317 732 2353 vulnerum
749 2316 926 2353 absumti.
979 2316 1027 2352 In
1044 2315 1193 2352 Mureti

326 2369 562 2406 correctione
589 2373 811 2417 suspectum
829 2380 911 2406 esse
936 2369 1072 2418 possit,
1092 2369 1194 2417 quod

325 2423 614 2460 terminationis
633 2424 763 2460 cordia
777 2424 885 2460 nulla
895 2424 995 2460 ratio
1014 2423 1192 2460 habetur.

324 2478 389 2515 An
410 2478 487 2515 fuit
513 2484 550 2514 et
575 2479 729 2514 incuria
756 2479 954 2515 vulnerum
971 2477 991 2514 ?
1020 2489 1107 2515 cum
1128 2489 1194 2514 cu-

324 2543 412 2568 rare
445 2532 608 2569 vulnera
644 2543 720 2568 non
756 2538 928 2581 possent,
961 2532 1096 2581 inopia
1137 2532 1194 2568 fo-

322 2588 544 2623 mentorum
582 2589 624 2622 et
664 2587 934 2623 remediorum.
988 2587 1041 2623 Et
1084 2589 1192 2624 incu-

322 2642 424 2677 riam
450 2641 505 2677 sic
533 2640 609 2677 dici
637 2641 698 2677 vel
732 2641 854 2678 lexica
885 2641 1038 2686 docent,
1065 2642 1191 2678 Cicer.

322 2696 434 2732 Prov.
464 2695 579 2732 Cons.
606 2705 639 2731 c.
668 2701 708 2731 3.
741 2696 1101 2740 milites—incuria,
1117 2697 1190 2744 sa-

319 2763 394 2794 me,
429 2750 568 2793 morbo,
603 2751 783 2787 vastitate
819 2751 1019 2786 consumti.
1079 2750 1188 2788 ERN.

320 2803 478 2841 Mureto
510 2808 614 2840 reete
635 2804 829 2852 plaudunt
847 2804 1015 2840 Picheua
1032 2807 1072 2841 et
1097 2805 1191 2842 Aci-

319 2858 456 2894 dalius.
490 2858 644 2894 Ernesti
676 2859 916 2906 conjectura„
933 2859 1058 2907 placet
1102 2860 1190 2896 Lal-

320 2912 511 2950 lemando.
569 2913 615 2948 In
642 2913 742 2948 Bud.
771 2916 829 2948 est
853 2914 944 2949 mia.

374 2967 434 3002 M.
454 2965 645 3015 Aponius]
697 2968 819 3015 Cogn.
847 2968 1097 3003 Satuminus.
1127 2966 1187 3003 cf.

323 3020 424 3056 infra
443 3025 481 3064 2,
501 3025 563 3056 85.
591 3025 631 3056 et
651 3021 788 3069 fragm.
850 3022 1028 3057 Fratrum
1057 3021 1190 3058 Arval.

322 3074 371 3109 ad
388 3085 421 3110 c.
443 3077 508 3112 76.
563 3074 688 3122 Supra
705 3076 892 3112 Julianus
913 3075 1044 3111 Titias
1063 3080 1103 3118 2,
1123 3080 1187 3111 85.

327 3129 480 3165 Tertius
497 3128 585 3164 Jul.
612 3128 699 3164 inde
718 3128 863 3176 Ryckio
884 3129 1038 3165 Tertius
1059 3129 1189 3166 Titius

322 3183 523 3219 Julianus.
582 3183 716 3230 Legati
742 3183 936 3230 legionum
955 3182 1118 3230 Vegetio
1146 3189 1186 3224 2,

321 3242 361 3275 9.
394 3236 578 3283 Prceficti
593 3237 787 3284 legionum
805 3237 1003 3283 dicuntur,
1019 3237 1188 3283 agebant

241 3284 245 3286 “
322 3291 424 3326 vices
454 3290 588 3338 Legati
620 3291 722 3338 Imp.
747 3291 788 3327 in
818 3291 982 3338 legione.
1038 3290 1110 3327 Sed
1138 3291 1186 3327 cf.

322 3355 347 3380 n
374 3347 401 3380 t.
424 3344 473 3379 ad
491 3356 524 3380 c.
543 3349 606 3380 82.

322 3419 325 3421 ·
351 3356 587 3446 oSeptimum
598 3397 676 3434 dec.
697 3396 898 3447 cohortem]
921 3397 1054 3434 Plures
1068 3395 1188 3437 Ostiae

320 3452 510 3497 cohortes,
545 3456 591 3488 ut
642 3452 826 3497 Puteolis,
873 3463 958 3499 quoe
1010 3460 1189 3487 numera-

320 3509 473 3552 rentur,
491 3509 536 3543 ut
553 3506 736 3552 legiones,
757 3511 796 3542 et
814 3505 903 3542 inde
926 3516 1065 3541 nomen
1090 3506 1189 3540 acci-

1250 1610 1442 1660 legionem
1467 1613 1576 1660 facit,
1594 1617 1753 1652 notatus
1775 1626 1801 1652 a
1823 1616 2051 1655 Eun-manno
2067 1618 2117 1655 ad

1237 1664 1359 1702 Suet.
1376 1666 1468 1703 Oth.
1486 1678 1519 1704 c.
1539 1673 1577 1704 8.
1607 1667 1675 1704 ubi
1692 1672 1732 1706 et
1753 1669 1803 1706 de
1819 1670 1976 1708 dissidio
1989 1665 2117 1711 Taciti

1251 1722 1292 1756 et
1308 1720 1484 1758 Suetonii
1502 1722 1543 1758 in
1561 1721 1632 1757 hac
1650 1733 1693 1759 re
1709 1723 1853 1772 agitur.
1903 1725 2010 1763 ERN.

1310 1774 1467 1812 Colonia
1501 1775 1720 1826 Hoseiensz]
1740 1802 1744 1804 v
1773 1777 1892 1824 Scito,
1921 1789 2005 1816 eam
2035 1778 2117 1816 illie

1249 1831 1479 1878 perpetuam
1497 1829 1703 1867 stationem
1714 1830 1895 1870 habuisse
1905 1843 1954 1871 ex
1964 1834 2118 1872 decreto

1251 1883 1417 1920 Claudii.
1472 1883 1578 1921 Suet.
1609 1884 1746 1923 Claud.
1765 1889 1833 1924 25.
1889 1886 2064 1925 Puteola
2079 1894 2117 1925 et

1247 1937 1399 1974 Hostioe
1408 1938 1587 1987 singalas
1602 1939 1782 1985 cohortes,
1796 1939 1850 1977 ad
1863 1941 2042 1979 arcendos
2056 1942 2115 1978 in-

1248 1991 1465 2028 cendiorum
1481 2004 1593 2029 casus
1608 1993 1820 2031 collocavit.
1865 1995 1974 2033 Ln’s.
2015 1995 2115 2032 1³1ae-

1250 2045 1479 2093 positionem
1509 2046 1703 2083 deleverat
1734 2046 1838 2098 (cum
1865 2047 1983 2098 Bud.)
2011 2050 2116 2088 Rhe·

1248 2110 1389 2146 nauus,
1403 2100 1580 2148 reposuit
1595 2100 1766 2138 Pieliena
1781 2113 1803 2139 e
1820 2101 1880 2140 Pl.
1923 2103 1996 2141 Est
2013 2107 2054 2140 et
2073 2104 2112 2142 iu

1249 2154 1376 2191 Guelf.
1396 2152 1527 2205 (Agr.)
1547 2154 1606 2191 ed.
1623 2166 1683 2203 pr.
1734 2156 1842 2194 ERN.

1306 2209 1455 2254 Quietis
1466 2207 1620 2259 castris]
1650 2209 1756 2249 Quia
1765 2210 1908 2259 vigiliae
1919 2210 1999 2258 jam
2019 2213 2113 2248 tunc

1247 2263 1483 2308 constitutae,
1499 2267 1540 2299 et
1554 2273 1686 2300 omnes
1700 2263 1740 2300 in
1755 2263 2035 2312 contuberniis,
2048 2276 2114 2303 ex-

1245 2317 1368 2365 ceptis
1400 2315 1609 2365 vigilibus.
1665 2317 1774 2357 Ln’s.
1829 2318 1924 2356 Mox
1965 2320 2113 2357 ευαῐαίε

1245 2382 1376 2407 omnes
1392 2370 1498 2416 libri,
1513 2381 1584 2407 nec
1598 2372 1827 2410 tentandum
1844 2372 2007 2421 aliquid.
2037 2374 2112 2412 Ed.

1245 2437 1305 2473 pr.
1322 2425 1487 2474 qffectio,
1504 2425 1645 2461 omissa
1659 2427 1784 2463 media
1802 2426 1960 2474 syllaba.
2003 2428 2112 2466 ERN.

1244 2479 1486 2516 Evacesceret
1502 2479 1556 2515 sic
1574 2490 1727 2528 quoque
1748 2479 1798 2520 A.
1824 2485 1887 2527 14,
1907 2485 1972 2519 58.
2006 2482 2111 2519 Male

1244 2545 1336 2582 ergo
1353 2532 1519 2570 Ursinus
1537 2533 1676 2571 evadit.
1919 2578 1920 2581 Ἴ

1303 2589 1399 2624 Visa
1439 2588 1540 2624 inter
1570 2593 1658 2624 tem.
1690 2588 1817 2638 ama]
1875 2589 1915 2627 Is
1949 2587 2109 2626 affectus

1244 2642 1418 2679 Homero
1435 2641 1680 2688 exprimitur,
1701 2643 1741 2679 in
1761 2643 1930 2692 Odyssea
1948 2648 2001 2680 Π.
2018 2646 2110 2681 292.

1244 2695 1312 2733 ubi
1346 2696 1502 2744 Ulysses
1533 2695 1806 2734 Telemachum
1839 2701 1974 2735 monet
2003 2706 2111 2733 amo-

1244 2750 1369 2788 venda
1383 2759 1492 2786 arma
1508 2759 1534 2784 a
1549 2750 1689 2798 procis,
1706 2755 1746 2788 et
1763 2762 1936 2789 caussam
1954 2751 2021 2788 dat
2038 2763 2048 2785 z

1300 2803 1428 2846 Μῆτως
1447 2802 1658 2848 οἰνωθέντες,
1671 2803 1738 2858 ἰ’ςιν
1754 2804 1950 2848 (φήσαντες
1966 2805 1999 2843 ir
2015 2803 2110 2854 ὖμῖν,

1294 2857 1501 2899 Ἀλλῆλους
1519 2855 1695 2910 ‘reniam-n.

1242 2914 1296 2950 Et
1313 2924 1455 2950 eaussae
1470 2922 1645 2948 caussam
1658 2924 1697 2950 v.
1719 2916 1812 2951 994.

1280 2966 1462 3008 ·--Αιίτᾶς
1479 2965 1554 3017 ’γοὶρ
1569 2964 1761 3015 {pinnis-as
1777 2962 1887 3018 daga
1904 2962 2055 3018 η’ἳηςος.

1243 3022 1352 3058 Lirs.
1395 3021 1586 3057 Familias
1603 3020 1830 3057 Senatorum
1846 3020 1893 3057 de
1912 3021 2031 3057 servis
2048 3020 2108 3057 iri-¹

1239 3075 1484 3123 telligendos,
1518 3075 1689 3110 tironum
1726 3085 1862 3110 caussa
1894 3085 2106 3112 monemus.

1241 3130 1350 3167 ERN.

1293 3183 1396 3219 Pars
1414 3181 1547 3230 ignari
1562 3187 1598 3218 et
1615 3183 1702 3218 vino
1717 3181 1874 3231 graves]
1934 3182 2105 3219 Primum

1238 3236 1319 3273 haec
1364 3246 1442 3272 non
1485 3235 1699 3271 divellenda
1716 3264 1718 3266 .
1742 3247 1768 3272 a.
1799 3235 2104 3284 praecedentibus

1239 3294 1351 3326 erant
1369 3289 1512 3335 majore
1530 3289 1857 3337 interpunctione,
1875 3289 2104 3338 quibuscum

1240 3344 1443 3380 cohaerent.
1472 3342 1608 3391 Itaque
1620 3343 1808 3380 minorem
1822 3343 1999 3390 fecimus,
2009 3353 2104 3392 qua-

1237 3397 1286 3434 lis
1302 3398 1344 3434 in
1362 3396 1450 3436 MS.
1466 3397 1596 3434 Guelf.
1650 3397 1723 3433 Sed
1751 3397 1851 3434 idem
1877 3398 1994 3435 codex
2017 3397 2103 3434 edd.

1238 3453 1328 3489 Put.
1346 3451 1438 3488 Ber.
1461 3451 1612 3499 ignavi,
1631 3452 1746 3488 male.
1779 3451 1851 3493 Ed.
1869 3463 1927 3501 pr.
1953 3452 2104 3501 ignari,

1240 3506 1338 3553 quod
1367 3505 1541 3542 restituit
1557 3505 1682 3542 Rhen.
1702 3503 1739 3554 (e
1756 3505 1874 3555 Bud.)
1930 3507 2019 3543 Post
2036 3517 2104 3542 cu-

319 3566 470 3608 perent.
525 3560 630 3597 Male
661 3560 761 3598 Phil.
791 3571 815 3595 a
840 3559 966 3597 Turre
991 3559 1040 3595 ad
1067 3559 1187 3598 Inscr.
1229 3560 1446 3610 just-unque
1462 3563 1565 3597 recte
1583 3560 1749 3597 reddidit
1767 3560 1932 3610 Ryckius
1950 3571 2020 3610 pro
2037 3570 2101 3597 cu·
