2190 3880
424 130 519 181 DE
552 130 859 180 MORIBUS
892 127 1279 186 GERMANIAE
1312 134 1448 183 CAP.
1471 138 1550 182 46,
1803 134 1902 185 39‘9

91 272 254 332 atque
281 263 336 315 in
365 261 484 333 ipso
511 260 667 315 litore
694 260 901 332 legunt.
977 260 1115 325 Nec,
1143 280 1264 330 quae
1307 276 1519 329 natura,
1543 282 1736 334 quaeve
1764 266 1905 318 ratio

91 336 302 417 gignat,
348 347 411 385 ut
466 334 722 399 barbaiiS,
772 334 1061 403 quaesitum
1115 348 1536 403 compertumve.
1617 335 1727 388 Diu
1772 339 1904 407 quin

91 409 253 458 etiam
284 408 421 458 inter
449 418 628 459 cetera
653 407 1013 487 ejectamenta
1036 405 1199 456 maris
1218 407 1459 474 jacebat,
1487 410 1659 460 donee
1688 357 1908 460 ‘luxqmia

91 491 277 530 nostra
298 479 447 530 dedit
476 495 689 530 nomen.
717 478 847 547 ipsis
877 479 930 529 in
959 477 1104 529 nullo
1146 496 1276 530 usu:
1317 479 1446 528 rude
1486 479 1700 548 legitur,
1738 481 1910 532 infor-

91 565 179 601 me
209 551 491 621 perfertur,
520 551 860 619 pretiumque
901 550 1155 601 mirantes
1196 549 1490 619 accipiunt.
1567 551 1798 603 Succum
1830 567 1911 604 ta-

90 639 213 673 men
241 624 493 675 arborum
523 639 636 673 esse
665 621 952 690 intelligaS,
981 623 1107 690 quia
1136 634 1343 672 terrena
1367 620 1614 690 quaedam
1644 635 1804 692 atque
1827 637 1908 675 et-

91 693 199 744 iam
232 693 471 746 volucria
500 693 752 744 animalia
775 694 1087 762 plerumque
1116 693 1455 756 interlucent,
1484 712 1606 762 quae
1652 694 1912 764 inplicata

95 763 340 831 humor,e
368 783 518 830 mox,
555 766 872 816 durescente
917 764 1158 827 materia,
1192 765 1500 816 cluduntur.
1577 763 1915 818 Fecundiora

93 836 264 907 igitur
308 854 528 889 nemora
575 837 849 906 lucosque,
878 837 1017 888 sicut
1063 835 1304 888 Orientis
1348 837 1583 901 secietiS‚
1614 838 1703 889 ubi
1757 838 1914 890 thura

96 908 441 978 balsamaque
469 909 746 972 sudantur,
777 910 852 960 ita
881 908 1197 960 Occidentis
1229 909 1412 959 insulis
1441 910 1702 979 terrisque
1724 910 1915 975 inesse,

95 981 444 1046 crediderim;
483 999 605 1051 quae
633 981 796 1032 vicini
830 981 954 1031 solis
989 981 1149 1032 radiis
1182 999 1434 1050 expressa
1462 994 1624 1049 atque
1652 983 1913 1051 liquentia

96 1053 151 1104 in
181 1055 488 1123 proximum
522 1071 667 1104 mare
694 1053 967 1116 labuntur,
995 1071 1058 1104 ac
1089 1053 1138 1103 vi
1176 1063 1555 1122 tempestatum
1598 1053 1650 1104 in
1692 1053 1915 1106 adversa

94 1124 255 1177 litora
278 1125 574 1176 exundant.
643 1125 697 1176 Si
730 1138 971 1175 naturam
1005 1125 1207 1176 succini
1238 1126 1458 1175 admoto
1488 1125 1614 1194 igne
1642 1137 1833 1189 tenteS,
1857 1126 1914 1178 in

95 1196 317 1248 modum
348 1197 487 1248 tedae
511 1197 841 1278 accenditur,
869 1197 1070 1266 alitque
1097 1197 1369 1247 flammam
1402 1197 1655 1266 pinguem
1685 1211 1740 1248 et
1766 1198 1915 1250 olen-

98 1280 234 1321 tem:
278 1287 405 1320 mox
436 1280 495 1320 ut
534 1269 586 1320 in
627 1268 800 1339 picem
829 1269 1129 1320 resinamve
1163 1267 1428 1319 lentescit.
1504 1269 1799 1321 Suionibus
1829 1270 1915 1322 Si-

99 1351 288 1391 tonum
326 1353 514 1411 gentes
543 1341 764 1393 continu
773 1352 946 1393 tumtur
1024 1341 1221 1392 Cetera
1254 1339 1471 1404 simileS,
1501 1359 1607 1391 uno
1636 1340 1913 1406 differ‚unt

97 1413 242 1481 quod
268 1411 469 1464 femina
512 1413 849 1465 dominatur:
890 1413 945 1463 in
992 1424 1199 1464 tantum
1248 1430 1354 1463 non
1396 1412 1558 1463 modo
1588 1432 1619 1464 a
1645 1413 1913 1479 libertate,

98 1484 188 1536 sed
212 1486 375 1536 etiam
405 1503 434 1535 a
464 1485 722 1537 servitute
748 1485 1094 1556 degenerant.
1171 1483 1282 1536 Hic
1312 1483 1525 1536 Sueviae
1552 1485 1694 1537 finis.
1771 1485 1911 1537 Peu-
1926 1487 1999 1541 46

94 1556 341 1609 citiorum
388 1556 841 1625 Venedorumque
887 1569 941 1608 et
983 1557 1290 1610 Fennorum
1331 1556 1579 1609 nationes
1624 1557 1912 1610 Germanis

96 1732 349 1770 Cassiodorus
367 1732 583 1769 indicatum
601 1732 727 1769 voluit
747 1737 787 1778 5,
803 1734 916 1782 epist.
938 1739 976 1770 Ω.

96 1788 186 1825 IIoc
214 1789 428 1833 mcc-einum,
462 1788 627 1837 quodam
666 1789 836 1825 Cornelio
880 1790 975 1825 seri·

96 1842 213 1886 teme,
261 1842 408 1890 legitur
461 1844 503 1878 in
547 1843 796 1879 interioribus
839 1844 979 1879 insulis

100 1895 258 1940 Oceani,
284 1909 334 1933 ex
365 1896 509 1933 arboris
535 1909 645 1933 succo
672 1898 851 1945 defluens,
879 1897 979 1933 unde

95 1956 132 1987 et
157 1951 355 1987 succinum
381 1951 539 1995 dicitur,
555 1952 768 1998 paullatim
793 1953 886 1987 solis
913 1963 978 1988 ctr-

97 2005 186 2041 dore
211 2006 430 2042 coalescens.
485 2006 559 2041 Sed
589 2006 696 2041 itane
723 2006 978 2053 contemptim

95 2059 161 2095 ille
194 2060 241 2095 de
274 2066 421 2104 nostro,
449 2060 614 2108 quodam
653 2060 858 2096 Cornelio?
898 2072 978 2096 non

95 2114 266 2162 scripsit,
288 2115 353 2149 sed
371 2114 574 2163 quondam.
634 2114 749 2154 Quod
763 2119 895 2150 autem
916 2115 978 2151 in·

97 2169 309 2215 scriptione
355 2169 439 2215 ejus
489 2166 662 2215 epistola:
707 2172 781 2212 est,
826 2169 979 2205 Hcestis

100 2223 351 2260 Theodericus
366 2235 435 2259 rex
450 2235 462 2257 :
483 2234 502 2257 e
517 2222 654 2259 Tacito
674 2227 789 2269 esset,
804 2223 975 2272 .AEstyis,

97 2278 164 2325 qui
199 2275 375 2324 appellat
406 2276 638 2325 ,Estyormn
670 2283 819 2327 genter,
854 2278 978 2314 succi-

99 2342 194 2367 num
213 2332 285 2367 hoc
299 2330 485 2379 legentes.
543 2332 655 2368 Litus,

156 2385 270 2430 Quod
294 2386 373 2435 ipsi
399 2385 552 2421 Gleszcm
579 2384 731 2435 vocant]
766 2385 977 2423 Salmasius

98 2439 147 2476 ad
165 2439 284 2477 Solin.
312 2451 352 2487 p.
372 2442 460 2476 165.
481 2438 727 2476 scribendum
746 2444 862 2488 putat
877 2442 977 2490 gloe-

96 2507 197 2538 sum,
231 2499 348 2542 atque
393 2494 511 2529 etiam
561 2495 771 2530 Gloesarias
814 2497 976 2539 insulas,

98 2560 193 2596 quas
215 2548 304 2584 inde
322 2547 443 2584 dictas
462 2546 610 2583 Plinius
632 2553 671 2592 4,
694 2550 753 2584 16.
775 2547 873 2596 (30.)
915 2560 978 2584 ar-

98 2604 201 2650 guit,
221 2607 261 2639 et
293 2603 347 2638 sic
378 2603 542 2648 scriptas
574 2602 616 2637 in
644 2601 755 2638 libris
786 2602 906 2639 Solini
936 2615 976 2638 se

97 2658 287 2705 reperisse
339 2661 532 2693 testatur:
581 2656 698 2694 ducto
750 2658 905 2693 nomine
952 2669 977 2693 a

100 2711 330 2748 Germanico
373 2711 481 2757 Glas,
518 2710 634 2758 vitro,
667 2710 760 2760 quia
806 2712 977 2759 pellucet

99 2767 300 2803 succinum
318 2764 427 2803 illud.
483 2766 591 2803 ERN.

157 2822 206 2857 In
224 2821 330 2857 nullo
359 2833 431 2856 usu
449 2834 460 2855 .·
497 2821 591 2857 rude
621 2817 713 2868 ete]
763 2819 824 2856 sic
855 2820 976 2856 inter-

97 2877 310 2923 punximus
345 2886 364 2909 e
397 2875 479 2911 cod.
511 2875 642 2922 Kapp.
677 2874 723 2923 (s,
760 2877 821 2912 ed.
856 2874 970 2922 Nor.)

97 2929 262 2976 aliisque
294 2933 389 2966 vett.
419 2929 504 2966 edd.
532 2929 768 2967 recentiores
799 2941 887 2966 cum
919 2941 976 2965 se-

100 2983 312 3031 quentibus
342 2984 532 3030 jungunt,
569 2984 670 3020 sicut
705 2983 764 3020 ed.
801 2984 975 3032 Spirens.

100 3037 199 3073 Mox
233 3038 381 3074 frustra
411 3038 630 3075 Groslotius
684 3037 722 3086 (e
760 3042 835 3074 vet.
874 3037 971 3087 cod.)

94 3092 307 3140 profertur.
366 3092 489 3128 Immo
517 3092 709 3139 intellige,
738 3091 918 3138 Romam,
943 3106 975 3129 s.

98 3147 154 3183 ad
167 3158 245 3183 nos.
282 3146 391 3185 ERN.
426 3146 630 3195 Profertur
647 3148 765 3183 etiam
787 3148 845 3183 ed.
863 3149 976 3184 Rom.

100 3204 140 3236 et
164 3199 303 3237 Norib.

155 3254 321 3291 Sacc-um
347 3259 473 3292 tamen
498 3254 691 3305 arborum]
726 3255 821 3291 Hoec
838 3255 976 3304 vulga·

100 3309 155 3345 ris
180 3310 313 3357 opinio
338 3309 379 3344 in
410 3309 571 3347 dubium
606 3310 813 3346 adducitur
844 3321 867 3345 a
893 3310 975 3345 Wi—

97 3362 227 3411 gando
257 3363 297 3398 in
323 3374 415 3400 vera
440 3365 586 3400 succini
616 3365 793 3411 historia,
813 3369 851 3400 et
872 3365 974 3410 aliis,

100 3416 168 3464 qui
197 3416 242 3452 de
272 3417 430 3454 succino
450 3420 650 3466 scripsere.
705 3419 974 3463 Succhrorum,

100 3470 241 3519 quibus
260 3471 406 3507 insecta
432 3474 586 3520 aliaque
605 3473 789 3508 animalia
808 3474 974 3509 interlu-

97 3528 202 3570 cent,
218 3525 324 3561 dives
342 3527 549 3563 thesaurus
576 3527 794 3564 ostenditur
815 3528 974 3564 Dresdae

98 3579 199 3616 inter
224 3583 369 3619 ceteras
400 3587 566 3632 naturae,
593 3586 794 3631 congestas
828 3582 869 3619 in
898 3584 974 3621 Re·

1031 1732 1104 1782 giae
1131 1733 1316 1782 portiom,
1344 1744 1449 1781 opes.
1504 1733 1651 1770 Eorum
1683 1733 1914 1782 exquisitior

1031 1800 1120 1837 pars
1151 1788 1256 1824 edita
1286 1791 1345 1824 est
1377 1787 1516 1836 Lipsiae
1550 1793 1676 1827 1742:
1720 1800 1804 1836 quae
1834 1789 1914 1824 uti-

1032 1854 1122 1879 nam
1150 1843 1428 1891 elegantiorem
1455 1847 1494 1878 et
1521 1842 1764 1879 disertiorem
1792 1843 1914 1879 inter·

1032 1902 1181 1946 pretem
1213 1902 1330 1933 nacta
1355 1898 1506 1934 fuisset.
1562 1897 1667 1934 ERN.
1723 1897 1782 1934 Cf.
1811 1897 1913 1934 Plin.

1031 1958 1099 1997 37,
1115 1958 1137 1989 3
1163 1951 1268 2002 (11).
1281 1956 1321 1987 et
1340 1952 1445 1988 inter
1462 1952 1696 1988 recentiores
1714 1950 1914 1990 Schloezer

1034 2008 1075 2043 in
1094 2007 1215 2043 Nord.
1233 2007 1373 2043 Gesch.

1090 2062 1340 2106 Crediderim,
1371 2072 1517 2110 quoe—
1525 2059 1721 2105 labuntur,
1728 2080 1782 2089 —
1791 2073 1916 2098 exem-

1031 2114 1141 2164 dant]
1177 2116 1271 2151 Haec
1290 2127 1367 2151 non
1396 2115 1508 2151 credo
1535 2114 1633 2151 bene
1661 2115 1804 2152 Latina
1830 2126 1913 2151 esse

1032 2173 1070 2207 et
1096 2171 1235 2207 Tacito
1262 2170 1392 2218 digna.
1447 2170 1564 2207 Ratio
1590 2170 1816 2207 Latinitatis
1845 2181 1915 2217 po-

1032 2223 1154 2261 stulat
1213 2229 1316 2261 certe
1374 2224 1570 2269 labantur,
1615 2227 1655 2259 et
1708 2224 1913 2261 exundent.

1032 2278 1141 2316 Enx.

1087 2333 1180 2369 Non
1213 2333 1324 2371 modo
1357 2346 1382 2369 a
1417 2333 1606 2377 libertate,
1635 2331 1704 2370 sed
1734 2334 1852 2370 etiam
1889 2345 1913 2369 a

1032 2388 1214 2425 servitute
1241 2386 1490 2436 degenerant]
1540 2388 1794 2433 Degenerant
1818 2398 1843 2422 a
1866 2386 1914 2423 li-

1032 2441 1197 2483 bertate,
1214 2442 1307 2489 quia
1324 2441 1444 2477 ceteri
1470 2441 1655 2477 Germani
1677 2442 1757 2478 fere
1778 2453 1911 2477 omnes

1030 2495 1161 2541 liberi,
1193 2495 1231 2531 hi
1268 2496 1383 2531 servi.
1452 2496 1705 2543 Degenerant
1738 2507 1761 2531 a
1792 2497 1912 2532 servi-

1032 2553 1132 2596 tute,
1165 2549 1258 2598 quia
1291 2551 1504 2586 servientes
1539 2550 1689 2599 populi,
1720 2550 1912 2598 Regibus,

1031 2605 1193 2651 ideoque
1212 2605 1450 2649 hominibus,
1469 2605 1613 2641 servire
1632 2606 1777 2650 solent,
1797 2605 1835 2641 hi
1854 2605 1913 2640 fe·-

1030 2659 1159 2695 minis.
1217 2659 1278 2694 Sic
1328 2660 1511 2696 Pit-hena.
1569 2660 1749 2696 Fortasse
1791 2664 1911 2696 reete.

1030 2714 1114 2760 Ego
1131 2718 1261 2749 tamen
1293 2713 1537 2760 ambigebam
1568 2726 1731 2756 mecum,
1751 2725 1801 2749 an
1830 2725 1908 2752 non

1032 2768 1249 2816 scripsisset
1275 2769 1457 2805 Tacitus:
1496 2781 1571 2805 mm
1602 2768 1711 2804 modo
1742 2781 1766 2804 α
1796 2768 1908 2805 liber—

1031 2828 1124 2867 tate,
1144 2824 1211 2859 sed
1237 2824 1356 2859 etiam
1389 2825 1428 2859 ἰη.
1456 2824 1637 2859 servitute
1662 2824 1907 2870 degenerant.

1032 2878 1165 2913 Giton.
1223 2877 1372 2912 Sufficit
1400 2878 1576 2913 Pichenae
1595 2877 1801 2924 expositio.
1845 2877 1910 2914 lta

1031 2934 1068 2966 et
1087 2930 1191 2979 apud
1219 2931 1318 2967 Vell.
1346 2938 1386 2975 2,
1402 2935 1465 2968 83.
1491 2932 1598 2979 iufra
1624 2943 1749 2968 servos
1779 2931 1908 2968 cliens,

1031 2985 1128 3025 Quae
1150 2986 1213 3021 hic
1232 2990 1444 3021 narrantur
1469 2986 1516 3021 de
1535 2986 1745 3030 Sitonibus,
1762 2987 1908 3022 rectius

1029 3040 1187 3075 omnino
1205 3041 1252 3076 ad
1281 3039 1396 3076 finem
1415 3040 1552 3087 capitis
1576 3041 1828 3086 praecedentis
1847 3053 1906 3075 re.

1030 3094 1189 3130 ferenda
1234 3095 1429 3137 videntur,
1470 3099 1513 3131 ut
1556 3093 1655 3131 bene
1690 3094 1782 3141 Bip.
1826 3106 1908 3130 mo-

1030 3154 1140 3185 nent.

1083 3203 1165 3239 Hic
1193 3200 1347 3239 Sueviae
1363 3202 1480 3252 finis]
1534 3203 1618 3239 MS.
1654 3203 1788 3240 Turio.
1821 3203 1907 3238 cod.

1031 3256 1160 3305 Kapp.
1197 3259 1245 3306 (s.
1264 3258 1324 3295 ed.
1351 3257 1462 3307 Nor.)
1493 3258 1552 3293 ed.
1584 3258 1753 3306 Spirens.
1771 3257 1873 3303 fines
1897 3274 1904 3290 1

1031 3313 1132 3358 quod
1167 3312 1294 3359 ipsum
1325 3323 1478 3360 quoque
1513 3313 1607 3348 ferri
1642 3316 1793 3359 posset:
1838 3311 1905 3346 sed

1030 3366 1125 3402 illud
1151 3366 1336 3402 usitatius
1362 3379 1406 3402 ac
1429 3367 1581 3402 melius.
1637 3365 1787 3412 Gryph.
1811 3365 1906 3401 vitio

1028 3432 1234 3467 operarum
1259 3421 1359 3456 hinc.
1415 3421 1521 3459 Eas.
1580 3420 1651 3457 Ed.
1676 3420 1788 3456 Rom.
1812 3429 1908 3466 quo·

1029 3476 1226 3524 quefiues.

1082 3529 1140 3564 Et
1176 3529 1393 3565 Fennorum
1426 3526 1614 3576 nationes]
1671 3526 1734 3563 Sic
1768 3536 1790 3561 e
1822 3524 1904 3563 cod.

1028 3582 1215 3631 Artolph.
1240 3583 1284 3631 ξς.
1306 3584 1362 3621 ed.
1381 3581 1492 3631 Nor.)
1516 3582 1637 3621 edidit
1665 3582 1877 3619 Rhenanus
1893 3595 1911 3629 ,εκ
