2190 3880
310 135 374 179 σο
888 94 1512 183 HISTORIARUM

168 268 220 310 A.
240 268 294 309 U.
311 253 462 324 quasi
489 253 810 327 ignosceret,
857 255 969 322 sed,
994 275 1061 310 ne
1090 257 1258 311 hostis
1286 269 1490 312 metum
1523 257 1975 313 reconciliationis
2002 259 2095 313 ad-

171 326 295 414 {²23-
310 297 544 391 biberet,
562 327 743 379 statim
787 329 927 380 inter
970 329 1190 381 intimos
1235 331 1435 382 amicos
1472 330 1681 395 habuit,
1714 341 1770 382 et
1798 349 1929 385 mox
1958 331 2098 384 bello
2167 326 2185 381 ³:

198 377 295 469 70C
311 397 449 450 inter
479 397 658 451 Duces
693 397 912 470 delegit.
950 401 1251 470 mansitque
1278 400 1456 465 Celso,
1484 401 1628 453 velut
1654 402 1909 467 fataliter,
1925 403 2095 455 etiam
2167 403 2186 489 5}

309 487 407 539 pro
435 468 656 522 Othone
683 443 846 522 fideso
841 471 951 522 inte
995 489 1050 523 ra
1075 483 1129 523 et
1151 471 1361 523 infelix.
1436 471 1588 524 Laeta
1614 472 1947 543 primoribus
1962 473 2096 526 civi·
2168 479 2174 518 Ξ

311 540 454 604 tatis,
481 541 747 593 celebrata
788 542 841 592 in
886 490 1080 614 vuffgus
1123 541 1265 594 Celsi
1300 543 1457 607 saluS,
1487 561 1551 594 ne
1590 538 2095 624 militibusquidem

310 612 521 684 ingrata
554 612 676 675 fuit,
702 612 923 664 eandem
956 615 1211 665 virtutem
1246 614 1654 679 admixantibus,
1680 615 1765 667 cui
1795 614 2094 668 irasceban-

224 682 293 734 '72
313 695 412 736 tur.
489 683 594 735 Par
621 683 746 735 inde
783 684 1091 748 exsultatiO,
1117 685 1418 755 disparibus
1447 685 1647 737 caussis
1678 697 1985 751 consecuta,
2013 687 2097 738 in-

307 765 519 826 petrato
564 753 816 824 Tigellini
867 755 1055 808 exitio.
1131 755 1438 826 Sophonius
1487 754 1802 826 TigellinuS,
1852 758 2094 811 obscuris

307 827 639 897 parentibuS,
634 797 817 878 Dfoeda
855 826 1102 896 pueritia,
1143 827 1398 897 inpudica
1433 841 1664 891 senecta,
1708 827 2094 882 Praefecturam

308 897 533 968 vigilum
565 908 619 948 et
649 896 896 949 Praetorii
937 908 992 948 et
1018 897 1120 949 alia
1146 899 1370 968 praemia
1409 900 1667 951 virtutum
1707 899 2097 982 quimvelocius»

307 979 422 1021 erat
461 967 605 1020 vitiis
633 968 880 1038 adeptus»,
917 968 1286 1021 crudelitatem
1323 988 1478 1035 mox,
1509 971 1702 1024 deinde
1725 970 2006 1026 avaritiam
2031 982 2095 1024 et

307 1159 539 1200 Plutarchus
555 1159 775 1199 comitatem
792 1159 891 1198 hanc
912 1160 969 1198 ita
983 1163 1116 1199 narrat
1141 1172 1175 1199 c.

312 1218 347 1253 1.
405 1213 583 1257 Kenio-a,
604 1214 736 1268 Μάριον
753 1213 927 1253 ximus
928 1215 1071 1265 χθῆνιι
1090 1214 1174 1282 rebe

307 1284 429 1316 auron,
447 1268 644 1307 verdoun
673 1269 737 1306 καὶ
761 1266 941 1319 διελέχθη
970 1268 1176 1321 φιλανθρώ-

307 1335 401 1369 πως,
417 1323 483 1362 καὶ
510 1323 738 1392 accendier}
766 1323 831 1365 τῆς
850 1339 887 1360 αι
882 1322 973 1365 ’φίας
996 1322 1175 1362 ἰτιλαθί-

306 1375 400 1415 σθαι
428 1375 592 1426 μαλλον,
612 1393 634 1418 n
670 1378 734 1418 τῆς
760 1375 914 1425 ἀφέσεως
945 1375 1174 1426 μνημονεύειν.

306 1431 404 1469 Haec
420 1431 518 1468 talia
533 1432 714 1468 acumina
730 1431 876 1467 frustra
897 1431 1030 1468 multis
1048 1430 1175 1468 verbis

305 1485 544 1534 approbem·
535 1486 583 1522 iis
613 1485 680 1533 qui
698 1496 777 1521 non
801 1486 914 1522 tales.
948 1486 1057 1522 ers.
1086 1486 1176 1522 Non

304 1539 456 1589 placuit
471 1540 565 1577 viris
582 1540 702 1576 doctis
731 1540 852 1587 Lipsii
868 1540 1052 1576 correctio
1067 1552 1076 1575 τ
1105 1551 1177 1576 nec

305 1595 404 1631 mihi
432 1593 634 1643 probatur.
691 1594 764 1631 Sed
781 1605 859 1630 non
877 1594 999 1642 magis
1022 1593 1072 1630 ab
1088 1593 1175 1630 aliis

306 1648 460 1696 prolata
493 1649 662 1697 placent.
730 1648 1017 1685 Freinshemius
1049 1659 1176 1685 corre-

306 1702 366 1739 xit
381 1703 496 1748 hosti,
518 1706 558 1739 et
575 1703 628 1739 sic
650 1701 798 1739 editum
817 1702 906 1738 inde
922 1701 972 1738 ab
990 1701 1057 1739 illo
1075 1706 1172 1739 tem-

307 1767 416 1805 pore,
434 1757 505 1794 hoc
524 1768 654 1802 sensu,
673 1768 723 1793 ne
743 1756 941 1802 Vitellius,
957 1767 1072 1805 quern
1088 1756 1180 1793 alli-y

306 1822 394 1847 cere
419 1810 549 1848 oblata
576 1822 670 1860 pace
697 1810 894 1856 tentabat,
911 1822 959 1848 c..
973 1815 1037 1851 74.
1065 1814 1175 1848 metu

305 1863 610 1912 abalienaretur,
627 1864 710 1901 scil.
727 1876 777 1901 ne
803 1876 882 1902 non
906 1864 1175 1902 reconciliare·

303 1922 373 1956 tur
399 1919 475 1956 sibi
506 1931 554 1956 ex
587 1921 729 1956 animo.
784 1919 859 1956 Sed
888 1922 993 1956 recte
1021 1919 1175 1957 monuit

241 2012 245 2019 ,
302 1970 491 2022 Ryckius,
508 1974 548 2011 id
564 1985 644 2011 non
661 1985 759 2020 esse,
784 1977 934 2010 metum
950 1973 1174 2010 reconcilia·

302 2028 424 2065 tionis
441 2027 638 2066 adhibere.
693 2028 795 2064 Nam
814 2027 855 2064 id.
867 2031 944 2072 est,-
955 2027 1097 2064 minari
1114 2038 1176 2063 re-

305 2082 633 2120 conciliationem.
688 2084 872 2119 ceterum
893 2082 962 2118 illa
979 2081 1177 2120 sententia

305 2141 406 2174 esset
421 2136 536 2174 bona.
589 2137 672 2174 Nec
689 2136 826 2185 Ryckii
856 2136 1062 2172 consilium
1089 2147 1180 2184 pros

304 2189 492 2236 bandum,
510 2191 577 2240 qui
590 2203 611 2227 e
631 2191 716 2228 MS.
737 2191 833 2239 Agr.
850 2189 1021 2239 recepit:
1048 2190 1117 2226 scd
1130 2202 1176 2228 ne

303 2244 427 2282 hostes
456 2251 648 2288 metueret,
671 2246 955 2283 cmiciliatiovaes
982 2243 1174 2288 adhibens,-

304 2299 408 2347 quod
435 2302 476 2335 et
508 2300 676 2336 Pichena
703 2300 744 2336 in
781 2298 870 2336 MS,
893 2296 1176 2347 reperit..(nis·r

246 2397 248 2400 v
303 2353 407 2400 quod
425 2352 480 2390 ibi
496 2351 794 2402 conciliationis)
812 2355 853 2389 et
879 2353 959 2389 fere
976 2355 1036 2388 est
1053 2351 1096 2388 in
1112 2352 1170 2388 ed.

302 2418 366 2455 pr.
399 2407 468 2444 sed
499 2421 546 2444 ne
573 2408 696 2444 hostes
726 2413 904 2452 metuere,
933 2406 1172 2443 conciliatio-

302 2462 366 2499 nis
383 2461 574 2499 adhibens.
629 2462 774 2499 Verum
803 2460 904 2497 male
933 2460 994 2497 vi'r
1018 2459 1178 2497 doctiss.-

303 2514 426 2552 'metes
454 2527 525 2565 pro
541 2516 713 2553 inimicis
730 2515 885 2564 accipit,
905 2514 1006 2563 quod
1024 2514 1173 2551 Latini·

302 2572 371 2606 tas<
394 2581 477 2607 non
499 2570 662 2618 patitur.
714 2571 770 2607 Et
798 2573 930 2606 tamen
953 2568 1018 2604 alii
1039 2568 1080 2606 in
1100 2568 1172 2604 hac

305 2623 469 2660 lectione
498 2624 667 2672 intelligi
695 2635 773 2660 non
803 2626 979 2672 possunt.
1034 2623 1171 2670 Itaque

303 2682 474 2714 veterem
518 2678 724 2715 lectionem
767 2676 930 2714 servavi.
993 2677 1041 2714 In
1086 2676 1176 2713 MS.-

302 2732 433 2769 Gurelf.
451 2734 564 2782 quasi
580 2737 668 2782 post
682 2738 826 2770 metum
842 2730 1050 2779 reperitur.
1104 2730 1171 2767 An

303 2787 380 2823 fuit
395 2795 408 2823 ε’
432 2799 480 2823 ne
497 2788 615 2823 hostis
639 2793 782 2824 metum
807 2785 938 2833 (salsoe
963 2785 1026 2822 vel
1041 2782 1167 2833 fictoe)

301 2842 625 2878 reconciliationis
649 2841 840 2878 adhiberet
868 2851 920 2877 sc.
949 2839 1076 2884 celso,
1100 2842 1172 2876 aut

303 2895 462 2931 omnino
488 2895 691 2931 omnibus:
735 2895 807 2931 hoc
832 2905 947 2930 sensu
962 2906 977 2928 2—
1000 2891 1171 2930 Vereba-

302 2952 384 2993 tur,
403 2959 463 2992 ne,
493 2949 525 2985 si
545 2949 706 2986 Celsum·
727 2960 805 2984 non
823 2947 1018 2995 exquisita
1033 2947 1171 2983 huma-

303 3002 428 3039 nitate
444 3007 646 3048 tractaret,
673 3003 794 3039 hostis
819 3002 1002 3038 Vitellius
1020 3008 1169 3037 averte-

302 3059 364 3092 ret
391 3059 537 3093 ceteros
561 3057 610 3093 ab
631 3057 802 3101 Othone,
827 3055 1044 3103 suspicione
1070 3055 1169 3091 fictae

301 3110 625 3147 reconciliationis
643 3110 881 3146 admovenda
895 3109 1050 3145 animis.
1085 3109 1170 3145 Aut

304 3163 369 3214 (ut
396 3165 661 3202 Freinshemio
677 3161 817 3212 visum)
831 3197 834 3202 .
847 3167 894 3200 rie
911 3163 1012 3199 hosti
1027 3168 1171 3199 metum

302 3217 448 3270 (salut)
479 3231 551 3256 rec.
581 3218 668 3255 adh.
698 3219 725 3254 i.
753 3229 786 3254 e.
818 3229 867 3253 ne
883 3217 1086 3261 Vitellius,
1107 3228 1169 3253 co-

300 3273 414 3322 gnita
429 3272 530 3309 Celsi
545 3273 718 3317 fortuna,
737 3274 945 3316 metueret,
961 3281 1010 3307 ne
1033 3273 1075 3306 et
1102 3270 1171 3307 illa

300 3326 563 3365 reconciliatio
581 3326 678 3362 falsa
706 3327 822 3370 esset,
839 3326 955 3373 quam
972 3323 1046 3360 sibi
1064 3324 1169 3361 Otho

299 3382 472 3419 offerret.
524 3381 626 3417 Illud
669 3380 809 3416 melius
854 3382 962 3426 puto.
1017 3377 1172 3415 Melum

301 3435 472 3483 alicujus
498 3436 556 3471 rei
584 3433 771 3479 adhibere,
797 3436 856 3468 est
884 3432 1058 3479 injicere,
1086 3443 1168 3468 mo-

301 3501 391 3528 vere
425 3492 572 3526 metum
609 3489 708 3536 ejus,
742 3487 905 3531 efficere,
938 3489 985 3522 ut
1026 3484 1167 3534 aliquis

300 3544 395 3594 quid
423 3546 588 3582 metuat.
641 3542 695 3581 Et
722 3542 777 3579 sie
801 3541 932 3580 dixere
960 3540 1094 3578 Cicero
1119 3539 1168 3576 de

1228 1161 1296 1199 Or.
1318 1165 1356 1206 2,
1375 1163 1440 1199 45.
1459 1159 1652 1203 Quinctil.
1672 1157 1999 1213 133.utostendit
2008 1163 2092 1212 Jam

1226 1216 1428 1262 Elsnerus,
1446 1217 1632 1254 >refellens
1659 1213 1818 1255 Triller'r
1848 1218 2092 1264 conatus,‘in

1227 1270 1453 1308 schediasm.
1486 1271 1584 1309 Crit.
1614 1282 1653 1320 p.
1670 1277 1746 1311 792
1774 1271 1858 1320 ipse
1873 1270 2094 1314 tamenab-

1228 1335 1360 1361 errans
1378 1325 1418 1361 in
1438 1336 1499 1371 eo,
1517 1327 1619 1374 quod
1631 1327 1751 1364 lavetis
1765 1325 1922 1375 nomine
1938 1325 2097 1364 Celsum

1227 1379 1427 1428 intelligit.
1481 1381 1622 1416 Hostes
1639 1384 1746 1433 sunt,
1764 1374 1995 1428 quibuscum
2011 1378 2093 1416 bel·

1226 1431 1309 1469 lum
1341 1432 1526 1482 gerimus,
1553 1434 1716 1480 inimici,
1744 1433 1975 1482 quibuscum
2005 1432 2095 1471 odia

1228 1498 1461 1524 exercemus.
1516 1487 1617 1525 Sed
1608 1500 1649 1525 m
1678 1488 1749 1524 hoc
1778 1488 1891 1525 hodie
1918 1488 2093 1524 homines

1227 1541 1341 1578 facile
1367 1546 1514 1587 errant,
1532 1542 1746 1579 vernaculae
1773 1541 1918 1592 lingue.
1933 1553 2095 1579 consue-

1227 1595 1366 1632 tudine
1382 1595 1545 1645 decepti.
1570 1598 1687 1635 Porro
1693 1596 1790 1645 ficte
1806 1597 2093 1637 reconciliatam

1224 1650 1404 1697 gratiam
1422 1650 1520 1687 dixit
1547 1650 1629 1689 Cic.
1645 1662 1707 1700 ep.
1723 1655 1853 1695 3512.
1881 1650 1990 1689 ERN.
2044 1651 2103 1688 In·

1227 1704 1312 1740 loco
1341 1705 1422 1741 Cic.
1451 1705 1570 1744 citato
1588 1716 1667 1742 non
1685 1707 1745 1742 est
1757 1709 1906 1742 metum
1930 1703 1998 1741 sed
2012 1716 2094 1742 mo-

1227 1764 1311 1795 tium
1339 1758 1527 1797 adhibere.
1554 1759 1656 1796 Bud.
1682 1759 1753 1796 hic-
1774 1758 1852 1796 itas
1878 1758 1949 1795 aed
1962 1771 2009 1796 ηε
2026 1758 2094 1796 ho-

1225 1813 1297 1849 stis
1310 1818 1413 1849 metu
1432 1813 1752 1853 reconciliationis
1766 1812 1957 1851 adeem.
1995 1813 2092 1849 Inde

1224 1866 1352 1903 Eheu.
1373 1866 1603 1914 effingebat·
1631 1880 1698 1904 seu
1711 1867 1831 1904 hostie
1845 1871 1948 1904 metu
1963 1877 2092 1904 recon-

1225 1921 1415 1958 vitiatione
1456 1920 1668 1965 adnivem'.

1225 1975 1540 2023 Raeg.La11.sed
1556 1975 1677 2012 hostes
1688 1981 1852 2013 metuere
1865 1974 2094 2013 consolatio-

1226 2041 1292 2066 nes
1307 2027 1496 2066 adhibem.
1546 2028 1764 2066 Gronovius
1781 2023 2088 2066 Freinshemium

1227 2082 1416 2131 sequitur.
1435 2083 1526 2131 Bip.
1557 2083 1783 2120 emendant.
1810 2082 1891 2127 ced,
1909 2094 1956 2120 ne
1971 2082 2094 2120 hostis

1226 2142 1468 2182 metueretur,
1489 2137 1770 2175 conciliatione:
1786 2133 1991 2174 adhiberet.
2018 2136 2096 2172 Ce-

1227 2195 1356 2228 terum
1375 2202 1464 2234 cum
1482 2195 1613 2228 nostro
1629 2190 1679 2228 cf.
1695 2191 1756 2227 hic
1772 2190 1852 2228 -Dio
1868 2193 1936 2235 64,
1952 2195 1991 2230 7.

1247 2279 1250 2283 ,
1279 2246 1388 2282 Inter
1404 2244 1576 2294 intimos]
1608 2243 1670 2281 sic
1699 2244 1820 2282 edidit
1837 2255 1866 2285 ο,
1889 2243 1973 2284 MS.
1992 2225 2108 2293 Agr.f

1224 2298 1408 2346 Ryckius‚
1428 2309 1498 2349 pro
1510 2299 1616 2347 vulg.
1638 2300 1755 2336 intra.
1808 2298 2014 2336 consentit
2030 2299 2091 2337 ed.

1224 2364 1286 2402 pr.
1311 2353 1443 2400 itaque
1473 2356 1514 2390 et
1548 2352 1633 2402 ipse
1659 2352 1802 2400 recepi.
1838 2353 1947 2391 ERN.

1224 2408 1343 2444 iutra.

1277 2460 1394 2498 Fides
1426 2460 1581 2509 integ-ra
1612 2466 1648 2497 et
1686 2457 1843 2508 infilix]
1888 2459 2093 2498 Acidaliue

1224 2514 1384 2563 corrigit
1388 2514 1514 2562 felir,
1531 2514 1625 2562 quia
1641 2518 1682 2550 et
1706 2526 1730 2550 a
1748 2512 1907 2551 vitellio
1936 2514 2091 2551 veniam

1223 2569 1372 2617 accepit
1390 2572 1431 2605 et
1459 2568 1713 2605 Consulatum
1740 2568 1923 2614 servavit,
1940 2572 1985 2605 ut
2008 2579 2029 2604 e
2047 2575 2089 2613 2,

1223 2625 1288 2659 60.
1323 2625 1444 2670 patet.
1498 2622 1572 2659 Sed
1589 2622 1744 2670 infelix,
1774 2621 1876 2669 quod
1892 2632 2024 2660 omnes
2040 2621 2093 2660 li·

1223 2676 1283 2713 bri
1299 2675 1458 2720 habent,
1475 2676 1640 2713 referam
1658 2676 1748 2721 huc,
1763 2679 1810 2716 ut
1826 2680 1980 2714 coactus
1997 2676 2095 2718 fatis»

1221 2730 1366 2779 iniquis
1382 2729 1516 2776 fuerit,
1533 2728 1700 2768 transire
1715 2729 1765 2766 ad
1791 2728 1908 2766 amici
1923 2730 2093 2774 hostem,

1221 2785 1434 2833 perdiderit
1451 2785 1632 2828 amicum,
1651 2788 1691 2820 et
1717 2794 1871 2832 sperare
1893 2784 1974 2820 sive
1989 2785 2088 2822 acci·

1221 2850 1312 2887 pere
1331 2841 1486 2875 coactus
1499 2838 1662 2875 salutem
1673 2837 1724 2884 ab
1739 2838 1862 2874 hoste.
1883 2838 1977 2875 Mox
1990 2837 2089 2875 bene
2132 2863 2146 2871 >.

1220 2894 1433 2931 Rhenanus
1454 2891 1516 2942 (ex
1534 2891 1705 2940 ingenio)
1728 2891 1894 2928 correxit
1905 2893 2108 2940 primori·.

1221 2947 1300 2984 bus.
1321 2946 1434 2984 MSS.
1454 2950 1495 2983 et
1523 2947 1607 2983 edd.
1625 2949 1720 2983 vett.
1731 2956 1866 2989 omnes
1883 2958 1956 2994 pro
1973 2948 2090 2984 mori·

1222 3001 1302 3038 buc.
1332 3002 1440 3039 Emsr.

1273 3054 1467 3092 Eamdem
1481 3055 1662 3091 virtutem
1681 3051 1991 3103 adonirauaeiBntL
2016 3054 2090 3092 Est

1221 3119 1314 3145 vera
1330 3113 1370 3145 et
1385 3107 1567 3144 notabilis
1587 3116 1742 3155 gnome,
1759 3109 1877 3154 atque
1896 3107 2030 3148 eadem
2046 3108 2094 3145 in·

1222 3162 1323 3199 Livii
1356 3163 1383 3199 l.
1417 3165 1454 3198 5.
1482 3161 1529 3198 de
1557 3159 1743 3198 Camillo:
1788 3161 1867 3197 Sed
1889 3163 2095 3199 severitate

1222 3218 1377 3265 imperii
1406 3216 1515 3260 victi,
1542 3214 1711 3252 eamdem
1740 3215 1920 3251 virtutem
1941 3221 1979 3252 et
2003 3215 2089 3252 ode-

1221 3275 1313 3307 rant
1344 3276 1381 3306 et
1406 3269 1660 3306 mirabantur.
1691 3269 1800 3305 Lm.
1828 3267 1962 3304 Paullo
1999 3273 2090 3317 post

1222 3325 1314 3373 quia
1332 3334 1463 3360 omnes
1481 3334 1554 3361 scr.
1580 3326 1621 3359 et
1638 3322 1723 3360 edd.
1753 3322 1936 3368 Ursinus,
1954 3323 2092 3359 Mure-

1222 3383 1286 3414 tus
1319 3382 1393 3415 etc.
1426 3377 1599 3414 maluere
1630 3387 1729 3425 que.
1758 3375 1916 3412 frustra.
1976 3377 2086 3415 ERN.

1220 3432 1324 3470 Bud.
1349 3432 1454 3481 quia.
1476 3434 1517 3470 et
1547 3430 1791 3482 paulloante
1806 3429 2089 3479 Praefecturam

1221 3487 1462 3536 vigiliarum.

1728 1921 1830 1958 Satis
1879 1918 2099 1968 ingeniose
2081 1943 2108 1959 ,

1987 2353 2091 2390 Bud.
2104 2378 2111 2390 .
