2190 3880
729 149 1247 206 LIB.1V.CAP
1281 160 1329 204 5.
1821 158 1940 205 ‘243

135 282 479 349 sententiam,
506 295 568 337 ut
599 279 954 336 honorificam
995 282 1051 334 in
1090 282 1294 334 bonum
1334 278 1664 352 Principem,
1691 282 1769 336 ita
1805 281 2006 335 falsaA.
2024 291 2081 335 U.

137 357 379 422 aberant,
401 369 458 408 et
484 355 676 408 studiis
714 354 943 408 Senatus
981 354 1358 407 adtollebatur.
1433 351 1594 423 Isque
1634 355 1948 436 praecipuus
1954 351 2076 443 ἐπὸ·

133 426 211 478 illi
248 426 383 492 dies,
419 445 659 499 magnae
685 425 908 479 offensae
960 427 1178 478 initium
1228 436 1284 477 et
1326 441 1540 506 magnae
1586 427 1774 497 gloriae
1813 426 1938 480 fuit.
1979 458 2050 498 70

135 497 247 550 Res
273 514 496 570 poscere
534 499 763 564 videtur,
786 499 914 569 quia
950 498 1147 551 iterum
1183 498 1239 550 in
1279 499 1610 548 mentionem
1650 498 1986 561 incidimus5

135 569 256 635 viri,
283 571 482 652 saepius
520 571 875 635 memorandi,
911 580 973 622 ut
1008 570 1178 623 vitam
1216 569 1502 638 studiaque
1539 568 1676 649 erS,
1701 579 1757 620 et
1790 570 1941 658 quali

132 640 354 694 fortuna
379 642 450 694 sit
482 661 627 725 usus,
655 642 840 713 paucis
879 653 1139 713 repetam.
1215 640 1504 693 Helvidius
1545 639 1782 704 Priscus,
1818 640 1941 692 lar-

131 713 331 766 racinse
358 714 678 795 municipiO,
707 713 905 766 Cluvio
929 726 1098 784 patre,
1122 713 1214 783 qui
1237 713 1481 764 ordinem
1510 711 1771 783 piimipili
1799 711 1942 764 dux-

131 783 279 851 isset,
305 785 585 856 ingenium
614 784 837 837 inlustre
861 784 1144 837 altioribus
1176 784 1410 837 studiis
1384 802 1608 854 ⁴juvenis
1646 783 1942 836 admodum

130 856 312 910 dedit.
349 874 460 943 non
491 868 553 909 ut
588 857 850 928 plerique,
877 868 939 909 ut
972 857 1193 909 nomine
1230 855 1524 929 magnifico
1564 873 1728 927 segne
1764 856 1940 908 otium

125 1011 235 1050 cort.
247 1009 298 1048 ad
315 1009 409 1050 Sall.
428 1011 516 1049 Cat.
537 1015 599 1048 10.
626 1010 711 1059 Ego
728 1019 807 1048 non
825 1008 1004 1048 dubitavi

123 1065 265 1115 Ryckii
305 1066 527 1115 exemplum
566 1066 690 1115 sequi.
763 1065 1005 1114 Corruptelae

125 1131 278 1166 caussa,
295 1121 398 1170 quod
414 1132 492 1158 non
516 1119 710 1170 putabant
735 1118 902 1166 librarii,
921 1130 1006 1156 ver-

125 1173 299 1224 basalsa
315 1175 488 1222 aberant,
506 1176 610 1213 coire
621 1186 733 1224 posse
751 1185 841 1211 cum
853 1173 1006 1211 honori-

111 1229 238 1280 ficam
257 1231 300 1267 in
317 1230 455 1267 bonum
482 1230 707 1278 Principem
716 1242 735 1276 ,-
762 1227 866 1276 'quod
879 1231 920 1264 et
935 1227 1006 1264 ali-

126 1283 168 1322 bi
183 1282 322 1322 turbas
340 1284 461 1322 dedit.
478 1284 526 1322 V.
547 1285 596 1321 ad
614 1294 647 1320 c.
666 1288 706 1321 3.
749 1282 826 1319 Sed
842 1281 1004 1320 Tacitus

125 1341 168 1376 et
185 1338 284 1376 alibi
299 1337 374 1376 hac
389 1338 516 1376 forma
537 1339 680 1384 utitur,
704 1339 750 1374 ut
769 1337 1006 1384 adJectivum

125 1404 199 1443 per
228 1393 350 1431 talem
385 1393 628 1442 periphrasin
657 1389 866 1440 exprimat.
921 1391 1006 1428 Nec

124 1449 278 1497 ignoro,
296 1449 355 1486 ita
370 1446 421 1484 ab
436 1448 594 1497 optimis
614 1445 869 1495 scriptoribus
883 1445 1006 1482 inter-

123 1504 219 1541 dum
237 1505 327 1552 post
340 1507 402 1548 ut,
412 1503 529 1548 sicut,
541 1501 671 1540 omitti
690 1500 928 1550 etintelligi.
957 1500 1006 1537 V.

119 1557 215 1595 intt.
241 1556 291 1595 ad
319 1556 403 1595 Liv.
430 1561 499 1603 34,
522 1561 561 1595 9.
593 1556 661 1593 sed
684 1555 725 1592 id
752 1555 794 1592 in
822 1555 1006 1604 praesenti

120 1611 248 1652 forma
263 1610 386 1648 nimio
402 1612 493 1661 plus
516 1611 659 1648 durum
675 1610 789 1647 foret.
841 1610 945 1651 Nam
962 1609 1005 1646 in

121 1665 319 1712 omuibus,
336 1677 423 1715 quae
441 1666 534 1711 vidi,
551 1665 736 1713 exemplis
764 1675 1004 1713 consequens

122 1720 249 1759 simile
267 1723 329 1758 est
342 1720 606 1766 antecedenti,
623 1730 766 1768 genere
781 1717 1003 1757 verborum.

121 1775 262 1824 Itaque
280 1774 329 1822 si,
347 1787 419 1825 pro
423 1775 540 1823 salsa
557 1780 677 1819 erunt,
693 1777 795 1810 esset
809 1774 1004 1811 adulatio-

120 1830 183 1868 m‘s
205 1835 412 1879 expertem,
429 1829 529 1867 nihil
549 1828 767 1867 addendum
792 1838 1003 1866 censerem.

121 1884 393 1923 Adtouebatur
420 1883 534 1923 MSS.
569 1882 675 1921 Flor.
711 1882 811 1931 Agr.
849 1882 909 1919 ed.
941 1894 1002 1931 pr.

122 1938 227 1988 quod
244 1941 349 1976 recte
364 1938 515 1987 recepit
530 1937 715 1976 Pichena.
758 1935 843 1975 Alii
864 1935 923 1988 (in
940 1937 1002 1975 his

120 1989 244 2042 Bud.)
276 1993 558 2031 attollebantur.
611 1993 720 2031 Emv.
754 1991 848 2030 Loci
875 1991 1002 2029 nebu-

118 2045 180 2087 la·
202 2047 408 2096 dispulisse
435 2058 476 2085 se
503 2046 627 2090 credit
653 2043 814 2084 Colerus
840 2045 1004 2095 legendo

120 2102 383 2152 honorificam,
398 2108 444 2140 ut
461 2103 503 2141 in
519 2102 553 2139 ὂ.
571 2101 642 2142 Pr.
660 2100 899 2149 transposita
914 2112 1004 2149 par·

119 2156 257 2196 ticula.
311 2157 403 2206 Bip.
432 2157 507 2202 sic3
549 2154 682 2206 (falsa
710 2152 880 2204 aberant)
911 2156 1005 2193 item

117 2218 168 2251 st.
195 2211 240 2249 S.
264 2216 341 2251 att.
395 2210 589 2260 Equidem
617 2220 695 2253 non
723 2208 850 2255 video,
869 2210 935 2258 qui
961 2208 1005 2247 ‘rei

118 2267 213 2304 item
230 2265 284 2315 τῷ
302 2271 346 2302 ut
362 2264 610 2314 respondeat.
665 2264 713 2302 In
731 2262 869 2312 Ryckii
894 2263 1004 2302 lecti-

120 2331 195 2358 one
211 2319 433 2369 adquiesco.

172 2373 341 2426 Iterum]
374 2375 436 2413 Cf.
456 2373 513 2414 H.
530 2379 571 2420 2,
585 2378 656 2417 91.

173 2429 309 2467 Italiae
331 2429 509 2480 septima,
519 2427 751 2469 I'ezrraeinoe
765 2425 999 2477 municipio]

119 2484 245 2522 Locus
271 2494 345 2527 nee
361 2483 505 2530 bonus,
521 2494 592 2520 nec
619 2483 770 2529 firmus,
789 2482 836 2519 de
863 2481 1003 2525 firmis-

117 2537 218 2575 simo
259 2538 357 2577 viro.
410 2538 514 2576 Nam
542 2537 670 2583 libris,
700 2535 835 2588 (etiam
878 2534 999 2587 Bud.)

79 2602 82 2603 ’
116 2591 231 2631 abest
245 2603 321 2629 vox
333 2593 499 2642 septima
512 2606 524 2629 .-
554 2602 671 2641 quam
690 2602 761 2628 nos
779 2594 914 2628 tamen
941 2591 1002 2628 in-

118 2645 327 2693 seruimus,
340 2645 545 2683 sententiae
557 2649 772 2694 utcumque
781 2644 1000 2692 fulciendae,

117 2699 450 2740 admonitionibus
487 2699 690 2745 Vertranii
733 2703 775 2737 et
818 2699 1003 2738 Ferretti.

118 2754 270 2794 Scimus
286 2754 408 2802 enim,
426 2754 581 2796 Italiam
596 2757 723 2795 totam
740 2753 783 2790 in
799 2753 874 2791 XI.
901 2755 1003 2802 regi-

116 2819 212 2847 ones
239 2808 403 2847 divisam
429 2807 480 2847 ab
516 2809 712 2857 Augusto.
751 2808 885 2857 itaque
913 2819 1002 2845 cum

115 2863 287 2913 regionis
315 2863 378 2901 hic
403 2863 567 2909 mentio,
587 2860 748 2912 niseum,
776 2863 906 2910 aiunt,
927 2873 1001 2899 nu-

115 2929 268 2958 merum
285 2917 370 2966 ejus
392 2929 418 2957 a
434 2917 617 2955 Cornelio
634 2928 871 2965 expressum.
925 2916 1000 2955 Sed

108 2972 204 3022 jure
230 2971 400 3022 ambige.
427 2971 614 3020 primum,
633 2971 727 3021 quia
750 2982 829 3008 non
844 2970 997 3018 Tacito,

116 3038 200 3067 non
211 3026 299 3064 aliis
317 3026 514 3066 historicis
531 3028 779 3074 usurpatum,
798 3028 845 3062 ut
859 3025 901 3062 in
929 3037 999 3074 op-

114 3082 198 3132 pidi
211 3081 410 3119 mentione
421 3081 619 3129 regionem
630 3079 754 3117 ltaliae
764 3080 995 3128 adjungant.

113 3137 186 3183 Et,
203 3139 251 3174 ut
264 3135 303 3172 id
319 3136 362 3174 in
376 3135 463 3173 loco
476 3134 670 3183 ignotiore
691 3134 774 3179 fiat,
789 3133 881 3182 quid
899 3145 998 3182 opus

115 3189 161 3227 in
176 3190 405 3236 Tarracina,
421 3188 636 3238 municipio
649 3192 731 3226 tam
751 3188 877 3226 vicino
889 3188 996 3234 urbi,

115 3245 200 3282 tam
210 3242 330 3283 noto?
345 3244 527 3293 Denique
542 3243 632 3281 libri
647 3243 766 3280 etiam
779 3242 821 3279 in
833 3242 900 3279 illo
913 3243 997 3290 ipso

112 3296 236 3335 verbo
250 3298 448 3336 vacillant.
492 3298 596 3336 Nam
613 3298 804 3335 Vaticano
822 3300 895 3338 est,
919 3297 997 3334 Ta-

114 3357 268 3390 rmum
289 3353 528 3402 municipio.-
557 3353 717 3390 Fames.
751 3352 996 3389 Tarentinae.-

115 3404 255 3454 priscis
281 3406 535 3452 editionibus,
566 3406 790 3444 Tarentino.
848 3405 997 3442 Mirum

113 3470 224 3504 vero,
242 3460 276 3497 si
296 3459 387 3497 libri
407 3472 540 3498 omnes
557 3460 600 3498 in
619 3460 761 3508 oppido
779 3460 895 3496 toties
913 3460 998 3507 jam

113 3516 210 3552 ante
234 3513 319 3550 sine
345 3525 476 3552 errore
503 3514 585 3553 ullo
611 3514 827 3560 nominato,
852 3514 915 3551 hic
933 3514 999 3550 de·

114 3578 225 3608 mum
255 3567 466 3610 offendant.
487 3568 546 3610 At
567 3580 655 3620 pro,
672 3569 829 3619 regione
852 3568 999 3617 Italioe,

1056 1009 1164 1048 subit
1182 1010 1351 1060 opinari,
1383 1010 1536 1059 origine
1554 1010 1710 1048 Italica.
1764 1009 1856 1048 Non
1875 1021 1943 1049 ex·

1057 1068 1187 1103 terum
1212 1065 1361 1102 scilicet
1382 1065 1518 1111 fuisse,
1535 1068 1582 1101 ut
1600 1069 1697 1102 tunc
1721 1064 1763 1101 in
1792 1065 1942 1103 Senatu

1059 1119 1236 1168 plurimi,
1255 1131 1335 1156 non
1359 1120 1485 1156 solum
1509 1118 1641 1156 multi.
1694 1119 1806 1156 Llrs.
1860 1120 1942 1157 Ra-

1058 1173 1186 1211 tiones
1214 1174 1488 1222 Lipsiicontra
1509 1174 1714 1221 vulgatum
1742 1172 1842 1210 bene
1870 1174 1942 1210 ha-

1059 1227 1168 1265 bent.
1220 1228 1304 1265 Nec
1332 1238 1513 1276 spernam
1536 1228 1622 1276 ejus
1645 1228 1942 1276 correctionem,

1059 1282 1092 1319 si
1110 1281 1333 1332 corruptela
1348 1282 1423 1319 loci
1441 1284 1537 1319 nata
1553 1284 1614 1319 est
1635 1292 1660 1318 a
1682 1282 1823 1320 vitiosa
1847 1283 1944 1319 scri·

1058 1340 1189 1386 ptura.
1217 1337 1292 1374 Sed
1308 1337 1421 1374 valde
1436 1348 1586 1382 vereor,
1605 1348 1655 1373 ne
1673 1335 1760 1384 quis
1780 1336 1822 1374 in
1838 1347 1944 1374 mar-

1057 1392 1150 1440 gine
1170 1391 1420 1440 adscripserit
1445 1391 1645 1441 regionem
1673 1390 1816 1437 ltaliae,
1828 1391 1943 1438 cujus

1059 1450 1161 1483 esset
1186 1446 1470 1484 TarracInense
1497 1445 1756 1495 municipium
1786 1450 1827 1482 et
1854 1447 1945 1495 qui·

1059 1501 1146 1537 dem
1160 1500 1229 1545 sic,
1249 1506 1294 1537 ut
1317 1501 1584 1538 Freinshemio
1601 1498 1782 1549 placebat
1807 1499 1943 1549 legen·

1059 1555 1150 1593 dum
1180 1566 1278 1602 esse,
1295 1556 1454 1604 regione
1472 1556 1509 1592 I.
1536 1555 1695 1592 Italioe:
1723 1565 1815 1591 nam
1838 1555 1944 1604 regi·

1058 1610 1124 1646 oni
1149 1610 1284 1659 primae
1303 1610 1543 1659 adscriptum
1562 1620 1677 1646 omne
1698 1609 1872 1655 Latium,
1897 1609 1943 1648 in

1059 1676 1137 1713 quo
1158 1663 1400 1702 Tarracina:
1421 1664 1538 1712 idque
1554 1663 1597 1700 in
1614 1666 1769 1700 textum
1793 1663 1943 1713 migra-

1056 1719 1173 1764 verit,
1203 1722 1243 1756 et
1264 1719 1422 1767 quidem
1451 1719 1581 1755 alieno
1608 1717 1707 1755 loco.
1738 1728 1828 1755 nam
1855 1730 1942 1757 esse

1057 1772 1224 1810 debebat
1236 1777 1325 1823 post
1340 1772 1461 1811 verba
1476 1773 1702 1810 Tarracinoe
1713 1773 1942 1823 municipio,

1057 1838 1080 1863 e
1096 1828 1378 1865 consuetudine
1391 1828 1560 1865 aliorum
1578 1826 1826 1875 scriptorum.
1862 1827 1942 1866 Sed

1055 1881 1221 1920 urbibus
1250 1886 1333 1919 tam
1356 1882 1462 1919 notis
1484 1893 1563 1919 non
1585 1882 1713 1919 solent
1739 1882 1820 1918 tale
1845 1882 1943 1932 quid

1054 1937 1196 1973 addere
1225 1937 1400 1975 historici
1429 1935 1703 1985 elegantiores,
1733 1946 1805 1972 nec
1831 1936 1943 1976 aliud

1055 1991 1276 2040 exemplum
1295 1992 1336 2028 in
1353 1990 1645 2039 Tacitoreperi.
1690 1989 1837 2028 Probat
1854 2002 1944 2029 sen-

1055 2046 1224 2083 tentiam
1242 2050 1414 2090 nostram
1431 2045 1650 2083 Broterius.
1680 2043 1866 2082 Ceterum
1881 2046 1944 2084 ed.

1056 2111 1116 2148 pr.
1145 2099 1265 2137 habet
1282 2112 1373 2145 mox
1395 2101 1546 2142 Clunia,
1585 2100 1694 2142 ERN.
1725 2099 1818 2140 alam
1834 2099 1943 2138 Mer-

1056 2166 1169 2196 ‚cerus
1191 2155 1328 2201 sensit,
1347 2155 1541 2204 glossema
1565 2165 1662 2198 esse.
1716 2152 1831 2197 Tollo
1850 2165 1943 2195 cum

1057 2208 1148 2259 Bip.
1194 2210 1300 2247 Dein
1315 2210 1418 2247 Bud.
1439 2208 1588 2249 Cluino.

1111 2265 1322 2313 Ingenium
1340 2262 1508 2313 illustre]
1542 2263 1679 2300 Cicero
1697 2262 1859 2303 Caelium
1872 2274 1944 2313 ap-

1054 2318 1178 2368 pellat
1205 2319 1478 2357 adolescentem
1505 2317 1654 2355 illustri
1681 2318 1858 2367 ingenio,
1879 2319 1942 2355 in—

1052 2373 1222 2420 dustria,
1250 2374 1404 2423 gratia.
1458 2371 1639 2409 Valerius
1674 2372 1731 2408 M.
1750 2377 1791 2416 9,
1817 2377 1881 2419 12,
1900 2378 1941 2413 7.

1057 2427 1104 2464 de
1143 2427 1188 2465 C.
1225 2427 1377 2465 Licinio
1413 2427 1555 2471 Calvo:
1585 2427 1752 2469 illustris
1787 2427 1943 2476 ingenii

1056 2487 1198 2519 orator.
1222 2480 1426 2523 NosterA.
1441 2486 1480 2528 5,
1497 2486 1534 2518 8.
1564 2481 1803 2530 Pomponius
1814 2482 1942 2519 multa

1054 2548 1206 2583 morum
1223 2537 1421 2585 elegantia
1437 2541 1474 2573 et
1493 2536 1652 2584 ingenio
1671 2536 1832 2572 illustri.
1866 2534 1941 2572 Ni-

1054 2590 1112 2627 hil
1138 2590 1245 2627 aliud
1268 2591 1318 2627 de
1346 2591 1419 2627 hoc
1447 2601 1563 2638 quam
1593 2593 1633 2635 6,
1652 2593 1719 2628 47.
1747 2589 1795 2626 de
1821 2587 1941 2627 Vibio

1055 2644 1190 2681 Marso
1216 2644 1334 2691 dicit·
1364 2645 1530 2686 illustris
1557 2644 1700 2684 studiis
1725 2650 1823 2685 erat.
1880 2645 1941 2683 Il-

1053 2700 1176 2744 lustr-e
1185 2698 1308 2747 igitur
1320 2699 1521 2748 ingenium
1535 2702 1595 2735 est
1608 2698 1839 2746 eloquentiae
1850 2709 1941 2747 spe·

1055 2752 1263 2796 ciminibus
1289 2753 1546 2799 celebratum.
1602 2750 1687 2791 Lib.
1718 2752 1789 2788 hoc
1811 2758 1849 2798 4,
1871 2757 1940 2791 42.

1054 2807 1235 2856 ignotum
1253 2808 1380 2845 adhuc
1395 2807 1597 2856 ingenium
1616 2812 1652 2843 et
1671 2807 1791 2844 nullis
1808 2806 1940 2855 defen-

1053 2861 1226 2901 sionibus
1240 2868 1452 2911 eapertum.
1488 2862 1538 2898 A.
1555 2863 1616 2909 16,
1636 2865 1702 2899 29.
1728 2861 1941 2925 nequest:-

1053 2916 1151 2953 mosi
1166 2917 1365 2961 carminis,
1382 2915 1475 2970 quia
1496 2915 1703 2964 protulerit
1720 2915 1939 2964 ingenium.

1052 2969 1081 3007 i.
1112 2971 1307 3020 specimen
1338 2970 1522 3010 doctrinae
1546 2973 1673 3032 'atque
1704 2968 1940 3018 eloquentiae

1053 3024 1230 3065 ediderit.
1283 3024 1503 3074 Appuleius
1545 3024 1586 3062 in
1631 3023 1801 3072 Apolog
1847 3027 1938 3073 post

1052 3079 1152 3124 med.
1181 3078 1228 3115 de
1260 3077 1576 3122 accusationibus
1617 3077 1811 3115 nobilium
1850 3091 1939 3116 reo-

1050 3144 1162 3175 rum;
1192 3133 1259 3183 qui
1275 3146 1356 3172 mos
1374 3132 1647 3182 incipientibus
1675 3132 1938 3171 adolescentu-

1050 3188 1101 3226 lis
1119 3187 1172 3223 ad
1189 3187 1466 3226 illus-trandum
1494 3187 1646 3236 ingenii
1659 3188 1802 3236 florem
1830 3188 1941 3238 apud

1050 3242 1229 3291 avitique-s
1247 3253 1455 3279 concessus.
1493 3241 1706 3286 Nimirum,
1728 3246 1934 3290 postquam

1051 3295 1275 3344 eloquentia
1293 3295 1480 3345 docteque
1499 3295 1651 3332 dicendi
1676 3307 1722 3332 ac
1741 3295 1936 3334 scribendi

1051 3355 1136 3386 arte
1164 3349 1427 3395 inclaruisset,
1446 3349 1496 3387 ad
1525 3349 1815 3398 Philosophiam
1842 3360 1934 3386 eum

1052 3416 1093 3441 se
1109 3404 1194 3442 vult
1210 3405 1435 3442 contulisse.
1490 3403 1628 3442 Gnosi.

1105 3459 1199 3495 Non
1225 3465 1270 3495 ut
1291 3457 1482 3509 plerique]
1523 3458 1639 3494 Disce
1664 3458 1865 3505 juventus,
1894 3458 1936 3494 et

1054 3513 1140 3550 vide
1167 3524 1304 3550 verum
1324 3513 1457 3556 finem,
1484 3523 1599 3560 quem
1629 3511 1827 3559 sapientiae
1851 3512 1936 3557 stu-

1054 3567 1129 3605 diis
1149 3578 1356 3615 proponas.
1399 3566 1514 3606 hirs.
1563 3567 1748 3605 Ceterum
1765 3563 1934 3607 alterum

1126 3626 1227 3673 ΒΞ
