2190 3880
1758 127 1823 181 67

41 257 219 312 virilia
241 250 438 310 seelera
463 256 722 320 exercuit,
749 267 1014 325 conrupto
1050 254 1115 306 ad
1141 271 1301 305 omne
1341 251 1544 305 facinus
1572 253 1961 318 Ne1·on'e‘;A.U.

41 329 288 399 quaeda'm
316 329 522 399 ignaro
566 345 743 392 ausuS,
792 345 855 378 ac
893 337 1163 396 postremo
1200 325 1437 395 ejusdem
1477 324 1712 375 desertor
1760 322 1957 412 30Αὸἳὲ-

3 412 6 415 ’
42 400 304 471 proditor.

650 122 798 182 LIB.
845 130 897 177 1.=
943 117 1101 178 eAP.
1134 128 1214 183 ²1⁹2.

380 399 535 452 Unde
573 417 682 450 non
709 398 872 450 alium
913 397 1236 468 pertinacius
1263 396 1326 448 ad
1363 412 1580 466 poenam
1612 395 1822 464 flagita·
1861 397 1956 470 7¹00*

39 485 182 535 vere,
209 471 420 522 diverso
461 469 695 533 adfectu,
721 470 915 539 quibus
941 469 1125 531 odium·
1155 468 1383 519 Neronis
1412 469 1605 532 inerat,
1625 479 1678 516 et
1705 467 1822 534 qui-
1887 511 1891 518 .

40 541 508 594 busdesiderium.
580 539 741 611 Apud
770 540 996 592 Galbam
1025 539 1089 590 T.
1118 539 1262 590 Vinii
1297 538 1535 609 potentia
1556 537 1824 598 defensum,

42 614 410 684 prae'texentis,
435 621 682 664 ‘servatam
721 612 787 663 ab
821 629 874 663 eo
896 610 1092 678 filiam.
1131 621 1185 661 et
1226 610 1366 661 haud
1392 608 1555 661 dubie
1582 625 1827 658 servave-
1859 613 1887 672 J

39 693 276 747 rat,'non
304 683 604 746 clementia,
633 682 834 753 quippe
861 693 943 732 tot
969 681 1283 744 interfectiS,
1310 681 1399 733 sed
1428 679 1631 748 effugio
1659 678 1711 729 in
1742 677 1824 729 fu-

43 755 407 826 turum.'quia
440 755 702 824 pessimus
726 754 970 823 quisque,
1008 752 1308 803 diffidentia
1333 751 1676 823 praesentium
1708 767 1826 800 mu-

42 826 557 895 tationem-³pavenffi
593 825 842 876 adversus
872 823 1144 894 publicum
1187 823 1369 875 odium
1411 822 1673 893 privatam
1698 838 1826 890 gra·

42 895 172 947 tiam
210 896 512 967 praeparatu
550 896 691 947 unde
731 896 873 947 nulla
912 895 1233 947 innocentiae
1263 913 1408 958 cura,
1436 893 1525 944 sed
1573 893 1714 944 vices
1744 893 1826 944 in-
1893 921 1897 926 ·

41 966 319 1039 punitatis,
397 966 477 1018 Eo
523 966 782 1018 infensi-or
821 967 1067 1037 populUS,
1095 966 1276 1018 addita
1299 966 1362 1017 ad
1394 976 1544 1016 vetus
1570 961 1825 1033 Tigellini

40 1038 220 1090 odium
267 1039 466 1094 recenti
492 1037 556 1090 T.
587 1038 733 1089 Vinii
775 1038 1015 1089 invidiae
1056 1054 1370 1088 concurrere
1403 1054 1432 1086 e
1462 1048 1576 1099 tota
1602 1037 1733 1086 urbe
1771 1034 1824 1084 in

41 1109 315 1180 paiatiumfl
338 1127 401 1161 ac
446 1109 579 1174 fora,
606 1121 678 1173 et,
705 1109 796 1160 ubi
840 1109 1065 1179 plurima
1094 1108 1237 1179 vulgi
1279 1107 1512 1171 licentia,
1540 1107 1593 1157 in
1621 1106 1827 1157 circum

41 1198 104 1233 ac
128 1180 341 1234 theatra
382 1180 557 1245 effusi,
584 1180 849 1231 seditiosis
892 1180 1113 1231 vocibus
1155 1182 1494 1249 obstrepere:
1533 1178 1705 1228 donec
1731 1175 1825 1227 Ti-v

41 1251 288 1323 gell‘inuS,
314 1262 537 1322 accepto
563 1251 703 1321 apud
743 1251 1088 1302 Sinuessanas
1117 1268 1280 1320 aquas
1308 1266 1569 1320 supremae
1597 1248 1826 1299 necessi-

41 1323 177 1375 tatis
198 1323 405 1387 nuntie,
431 1324 569 1374 inter
611 1335 795 1392 stupra
815 1322 1240 1373 concubinarum
1269 1333 1323 1372 et
1355 1320 1537 1372 oscula
1572 1331 1626 1370 et
1648 1318 1827 1370 defor-v

39 1411 155 1447 mes
176 1408 371 1462 morae,
399 1393 561 1446 sectis
586 1393 845 1445 novacula
872 1393 1136 1456 faucibuS,
1177 1391 1429 1444 infamem
1460 1391 1623 1443 vitam
1651 1390 1825 1443 foeda-

96 1550 245 1590 Virmn
275 1548 434 1600 seelera]
485 1550 673 1588 Facinora
703 1549 905 1588 audaciam
955 1550 1044 1595 sibi,
1063 1550 1099 1587 si
1114 1561 1174 1587 res
1202 1550 1260 1587 ita
1277 1549 1417 1598 ferret,
1436 1549 1543 1598 apud
1566 1561 1652 1586 eam
1673 1553 1828 1597 proepa-

39 1605 162 1645 virilis
191 1605 319 1651 atatis
347 1604 622 1650 desiderantia,
644 1609 691 1643 ut
720 1605 839 1645 caedes
865 1609 906 1642 et
956 1617 1059 1641 rans.
1080 1605 1207 1654 *Llrs.
1246 1603 1330 1642 Alii
1356 1603 1472 1639 aliter
1496 1603 1622 1639 locum
1651 1606 1825 1639 tentant.

38 1659 193 1707 similia.
246 1659 342 1696 Mox
369 1670 416 1696 ac
436 1659 610 1708 proditor
638 1658 749 1695 abest
778 1670 803 1695 a
818 1659 903 1697 MS.
959 1658 1135 1706 Antiqua
1178 1658 1295 1694 lectio
1332 1661 1392 1694 est
1434 1659 1532 1694 vices
1565 1658 1826 1706 impunitatis,

37 1713 146 1763 Regj
162 1716 204 1749 et
233 1712 293 1750 ed.
317 1724 376 1761 pr.
403 1724 519 1761 quam
543 1714 735 1750 Gruterus
765 1713 907 1750 Roma-

38 1779 130 1807 nam
158 1769 280 1804 vocat.
309 1766 405 1818 (non
431 1778 455 1802 a
482 1764 603 1816 Bud.)
626 1767 725 1805 Sane
746 1766 907 1815 Tigelli-

37 1828 113 1859 nus
145 1819 329 1870 deseruit*
346 1817 557 1866 Neronem,
598 1829 680 1858 non
722 1820 906 1869 prodidit,

36 1875 115 1912 nisi
130 1875 203 1912 hoc
229 1873 361 1919 sensu,
379 1884 456 1925 quo
472 1874 615 1911 dicitur
643 1874 819 1923 prodere,
836 1885 907 1923 pro

37 1929 238 1970 deserere.‘
292 1926 366 1966 Sed
395 1928 716 1966 consuetudinem
750 1932 906 1966 secutus

36 1985 122 2020 e‘sse
139 1980 270 2032 potnit
295 1980 472 2028 Tacitus,
488 1993 574 2030 quae
601 1982 681 2019 haec
709 1982 830 2019 verba
856 1982 905 2018 li-

36 2037 175 2074 benter
201 2036 422 2085 coniunxit.
474 2035 516 2073 Si
533 2039 664 2073 tamen
681 2035 783 2073 alius
806 2036 907 2074 liber

34 2089 302 2137 consentiret3
343 2089 456 2126 facile
498 2090 780 2139 proscriberem
824 2090 905 2128 haec

36 2143 168 2182 verba.
195 2143 304 2182 ERN.

89 2198 168 2235 Sed
190 2197 338 2246 effiagio
359 2198 407 2235 ‘in
423 2192 627 2246 futuru-m]
665 2197 737 2236 Ed.
764 2208 824 2247 pr.
849 2195 905 2248 (et

33 2252 118 2289 cod.
138 2251 256 2301 Bud.)
289 2251 492 2300 effugium.
546 2253 636 2288 Non
664 2251 849 2289 abhorret
880 2260 905 2288 a

33 2305 164 2344 Taciti
196 2305 316 2344 more.
359 2305 484 2354 Supra
513 2316 547 2343 c.
581 2309 646 2343 44.
673 2311 750 2342 non
766 2305 904 2344 honore

39 2359 184 2405 Gallice,
219 2360 286 2397 sed
318 2359 462 2396 tradito
498 2359 744 2410 Principibus
784 2369 906 2406 more,

32 2415 314 2451 munimentum
357 2413 413 2450 ad
447 2424 617 2463 proesens
662 2418 738 2451 etc.
810 2412 906 2450 Mox

35 2468 206 2504 Gruter-o
223 2469 410 2515 'suspecta
425 2466 544 2504 verba
570 2467 819 2505 mutationem
832 2481 905 2516 pa-

35 2527 138 2570 vens,
154 2524 352 2568 tamquam
373 2530 397 2556 a
412 2520 580 2564 librariis
597 2526 707 2558 orta:
726 2522 829 2570 ‘quia
846 2532 906 2556 re-

37 2574 228 2611 dundant.
257 2574 345 2611 Hoc
361 2584 510 2627 verum·
539 2575 613 2612 Sed
635 2586 713 2612 non
730 2579 907 2624 propter-

33 2636 86 2664 ea
103 2628 269 2665 insititia
289 2627 408 2664 verba
425 2634 532 2674 sunt,
551 2632 596 2665 ut
610 2627 703 2666 alibi
711 2628 794 2675 jam
811 2629 904 2666 dixi.

36 2681 164 2718 Nimis
181 2681 308 2718 multa
321 2683 530 2718 resecanda
544 2682 686 2720 forent.
712 2683 819 2720 ERN.

89 2735 296 2785 Praeparat
312 2747 325 2770 .-
356 2735 455 2772 unde
471 2736 581 2772 nulla
598 2738 820 2774 innocentia*
839 2749 904 2774 cu-

36 2790 84 2826 ra
99 2789 166 2826 sed
181 2789 271 2825 vitae
297 2788 546 2839 inpunitatis]
576 2789 667 2826 Non
683 2793 839 2826 mutant
855 2790 902 2826 li-

35 2841 113 2888 bri,
130 2842 205 2880 nisi
223 2842 340 2890 quod,
357 2842 458 2878 vices
474 2843 730 2891 impunitatis,
745 2843 900 2881 habent.

36 2895 181 2935 Totum
206 2895 333 2933 locum
362 2895 472 2945 lego:
503 2897 700 2945 privatam
725 2898 902 2945 gratiam

30 2955 297 3000 praeparatum
313 2951 346 2987 it
359 2962 371 2985 .-
402 2950 514 2986 nulla
542 2951 764 2987 innocentia?
792 2959 900 2996 cura,

35 3005 102 3042 ced
115 3004 195 3041 visoe
209 3015 290 3042 sua·
304 3004 560 3053 impunitatis,
588 3003 767 3040 Palmerii
787 3004 903 3041 etiam

38 3057 263 3105 conjectura
305 3057 410 3094 haud
453 3057 651 3106 improba:
709 3059 905 3106 privatam

35 3112 214 3160 gratiam
225 3116 420 3160 proerarat
435 3111 657 3149 undeunde:
689 3112 812 3156 nulla,
831 3115 903 3149 etc.

42 3164 244 3203 Undeunde
261 3165 411 3202 Latinis
431 3165 533 3201 valet
550 3165 747 3202 ὅποθενοῦν.
790 3166 904 3206 Quod

36 3215 167 3254 antem
185 3218 234 3254 ad
252 3217 501 3264 sententiam,
516 3218 679 3266 pulchra
697 3224 756 3254 est
772 3223 812 3254 et
829 3231 902 3256 usu

35 3272 175 3320 saepius
204 3271 380 3320 probata.
425 3274 486 3309 Ita
512 3273 590 3310 Dio
619 3276 730 3308 notat
751 3277 816 3318 48,
837 3279 902 3311 30.

36 3335 125 3360 cum
155 3325 292 3362 Menas
323 3327 524 3374 praefectus
554 3327 640 3363 Sex.
664 3327 836 3374 Pompeii
862 3328 902 3365 in

36 3379 136 3414 mari
153 3379 341 3416 Helenum
368 3381 536 3430 cepisset,
555 3379 729 3416 libertum
760 3380 905 3419 Coesari

39 3432 243 3469 admodum
265 3445 411 3480 carum,
427 3435 560 3470 statim
588 3434 668 3470 sine
689 3435 818 3481 precio
847 3447 904 3472 re-

37 3486 209 3533 missum,
234 3487 301 3534 qui
329 3487 546 3535 beneficium
574 3488 642 3523 hoc
670 3487 790 3526 multo
820 3493 908 3524 ante

2 3553 8 3559 ·
39 3539 144 3586 apud
163 3539 348 3576 cesarem
379 3541 595 3588 deponebat,
622 3546 658 3578 et
678 3540 908 3590 perfugium

960 1723 1075 1759 quam
1095 1715 1135 1747 et
1151 1711 1234 1748 MS.
1262 1711 1356 1759 Agr.
1384 1711 1467 1747 edd.
1487 1714 1577 1746 ante
1595 1710 1721 1747 Rhen.
1745 1722 1826 1745 om-

959 1776 1028 1802 nes
1054 1764 1215 1811 habent,
1242 1768 1284 1801 et
1313 1765 1490 1802 restituit
1516 1764 1616 1800 bene
1647 1764 1825 1800 Freinsh.

958 1819 1101 1856 Sensus
1119 1823 1201 1855 est:
1230 1829 1278 1855 ea
1290 1831 1350 1855 res
1367 1819 1475 1864 facit,
1491 1821 1538 1855 ut
1554 1815 1729 1855 homines
1747 1830 1827 1855 non

956 1877 1035 1910 tam
1056 1873 1278 1912 innocentia
1294 1873 1411 1910 saluti
1430 1884 1508 1909 suae
1526 1872 1727 1909 consulere
1744 1875 1828 1909 stu-

956 1927 1090 1974 deant,
1117 1928 1184 1964 sed
1212 1926 1354 1964 fiducia
1381 1927 1475 1964 vicis
1503 1922 1577 1964 sibi
1603 1926 1827 1963 reddendae:

958 1982 1062 2029 ipsos
1090 1979 1363 2030 impunitatem
1389 1981 1474 2018 aliis
1492 1982 1734 2029 impetrasse,
1753 1979 1830 2017 sibi

956 2036 1080 2073 vicem
1103 2035 1336 2080 reddituros,
1356 2036 1423 2083 qui
1440 2038 1619 2084 potentes
1636 2038 1779 2080 essent,
1794 2035 1828 2072 si

956 2101 1034 2139 qua
1066 2089 1235 2127 mutatio
1265 2089 1436 2138 ingruat.
1500 2089 1614 2126 Bona
1647 2094 1686 2125 et
1722 2089 1829 2125 clara

956 2144 1163 2181 sententia.
1193 2142 1404 2183 Rhenanus
1425 2142 1462 2194 (e
1484 2140 1604 2193 Eud.)
1633 2142 1752 2180 edidit
1769 2144 1829 2180 υἰ-

957 2203 1008 2235 toe
1031 2199 1291 2248 impunitatis,
1311 2198 1411 2245 quod
1430 2201 1488 2242 est
1507 2198 1623 2234 etiam
1638 2196 1678 2233 in
1696 2196 1826 2233 Guelf.

957 2255 998 2288 et
1015 2252 1100 2289 edd.
1130 2251 1220 2288 inde
1245 2263 1269 2287 a
1290 2253 1478 2289 Rhenano
1507 2250 1686 2287 omnibus
1703 2261 1828 2297 usque

956 2306 1007 2342 ad
1028 2304 1208 2343 'Freinsh.
1240 2306 1371 2343 Etiam
1400 2305 1491 2341 alibi
1512 2307 1605 2342 vicis
1621 2305 1768 2345 mentio
1785 2304 1841 2341 in'

960 2360 1032 2396 hac
1047 2371 1103 2397 re.
1131 2360 1183 2397 A.
1215 2362 1279 2405 13,
1299 2364 1362 2396 20.
1394 2361 1612 2408 Impunita-5
1630 2362 1718 2400 vita»
1737 2360 1828 2393 sim-

956 2413 1111 2462 pliciter
1139 2425 1210 2461 pro
1237 2414 1431 2458 scelerum,
1455 2425 1531 2449 non
1559 2413 1653 2456 satis
1681 2413 1823 2460 placet.

957 2468 1065 2505 ERN.
1091 2467 1289 2504 Boxhorn.
1317 2466 1558 2514 conjectabat
1583 2469 1674 2504 υἱέα»
1701 2472 1737 2503 et
1755 2467 1827 2503 im-

952 2523 1159 2569 punitatis,
1676 2519 1678 2521 ’

980 2581 982 2583 ’
1008 2575 1213 2612 -Seditiosis
1228 2573 1395 2624 vocibus]
1425 2573 1527 2610 Eud.
1546 2574 1756 2611 seditionis,

1010 2628 1264 2667 Sinuessanas
1280 2627 1416 2677 aquas]
1438 2628 1542 2664 Male
1561 2628 1694 2675 vulg0,
1712 2627 1827 2664 Sues-

956 2695 1085 2720 sanas.
1111 2681 1220 2719 Libri
1238 2681 1371 2728 scripti
1389 2682 1527 2717 docent
1544 2685 1584 2717 et
1596 2679 1828 2717 Plutarchus

957 2737 999 2772 in
1026 2737 1096 2772 hac
1124 2737 1211 2783 ipsa
1235 2746 1277 2770 re
1302 2746 1336 2771 c.
1368 2740 1405 2771 Ξ.
1451 2733 1652 2782 ’Ἔπεμψεν
1683 2731 1740 2771 οὖν
1771 2732 1828 2770 ἐπ’

956 2788 1064 2826 αὐτ-δν
1096 2788 1112 2826 o‘
1147 2785 1269 2826 ’'os-m
1313 2787 1358 2828 εἷς
1390 2786 1471 2828 τοὺς
1518 2787 1597 2840 περὶ
1643 2786 1827 2824 Σινὸεσσαν

954 2842 1101 2894 ἀγρούς.
1153 2842 1276 2889 Aquae
1309 2845 1441 2878 autem
1462 2853 1514 2878 eae
1533 2842 1635 2878 inter
1652 2841 1827 2878 salubres

955 2895 1107 2934 habitae.
1162 2895 1311 2932 Plinius
1329 2900 1396 2942 31,
1412 2901 1451 2932 4.
1492 2897 1542 2932 In
1565 2895 1694 2933 eadem
1713 2896 1828 2932 Cam-

952 2952 1085 2998 panioe
1113 2950 1268 2997 regione
1292 2950 1535 2986 Sinuessam
1554 2961 1665 2999 aquoe
1683 2949 1825 2987 sterili·

956 3009 1076 3040 tatem
1096 3002 1337 3051 seminarum
1364 3010 1399 3041 et
1431 3004 1625 3041 insaniam
1657 3005 1825 3041 virorum

958 3057 1102 3094 abolere
1119 3057 1333 3094 creduntur.
1389 3058 1442 3094 Et
1458 3058 1550 3106 quia
1561 3058 1608 3094 ad
1626 3058 1722 3094 vitia
1739 3068 1826 3094 mu-

956 3111 1115 3147 liebria:
1145 3110 1231 3146 ideo
1265 3113 1305 3147 in
1325 3111 1499 3148 Martiali
1522 3116 1583 3156 11,
1603 3117 1638 3149 8.
1666 3111 1825 3148 Diceret

959 3165 1185 3214 hystericam
1213 3177 1251 3202 se
1263 3165 1443 3214 forsitan
1467 3166 1589 3202 altera
1607 3165 1752 3203 moeclza
1775 3166 1823 3201 In

957 3219 1189 3255 Sinuessano
1221 3218 1315 3256 velle
1346 3219 1469 3256 sedere
1501 3221 1603 3256 sina.
1674 3219 1748 3256 Sed
1783 3221 1823 3254 et

958 3271 1143 3309 Claudius
1161 3272 1264 3320 apud
1281 3272 1461 3310 Tacitum
1484 3277 1545 3318 12,
1564 3276 1629 3310 66.
1656 3273 1823 3322 refoven-

957 3326 1017 3363 dis
1046 3326 1190 3364 viribus
1222 3327 1381 3364 moltitie
1414 3326 1502 3364 coeli
1529 3333 1566 3364 et
1597 3327 1822 3364 salubritate

957 3383 1159 3430 aquarum,
1178 3380 1400 3417 Sinuessam
1417 3382 1602 3432 perrexit.
1623 3380 1731 3417 L1Ps.
1750 3377 1824 3416 Ed.

956 3446 1015 3482 pr.
1032 3434 1284 3470 Sumen-anae
1299 3446 1433 3484 aquas,
1453 3435 1554 3482 quod
1576 3445 1714 3471 manus
1732 3433 1824 3479 Lip-

958 3491 1014 3523 sio
1031 3487 1227 3535 antiquior
1240 3489 1408 3525 correxit
1418 3489 1685 3526 Sinuessanas.
1718 3485 1825 3524 ERN·

957 3540 1060 3579 Eud.
1069 3540 1291 3578 Sues-ranas.

1053 3600 1136 3645 ΕΩ
