2190 3880
672 150 757 202 1.21
773 152 830 203 B.
863 150 955 201 111.
998 110 1170 203 cAP.
1207 157 1286 202 53.
1791 155 1890 202 205

78 280 341 351 Apennini
342 279 484 351 juga
510 277 798 332 clementius
821 278 1090 331 adirentur
1108 299 1124 330 .·
1161 275 1323 330 acciri
1347 275 1548 346 aquilas
1572 278 1814 349 signaque
1837 286 1885 331 et
1900 291 1952 332 A.
1972 292 2028 332 U.

113 351 328 422 uidqm'd
356 349 405 402 V
403 368 563 403 eronae
588 349 968 420 m·ilitumjbret
983 370 999 401 .·
1037 348 1345 418 Padumque
1364 356 1409 399 et
1435 365 1575 398 mare
1597 350 1885 402 commeatz'-
1916 349 2010 385 823·

77 371 166 475 {us
212 420 469 491 compleri.
546 419 716 473 Erant
767 423 909 472 inter
960 419 1163 483 DuceS,
1215 419 1310 488 qui
1357 428 1637 469 necterent
1689 437 1883 473 moras,
1901 401 2023 496 A7'0‘J'

13 536 15 540 ,
75 491 279 562 quippe
301 492 499 543 nimius
518 491 636 561 jam
660 491 954 555 AntoniuS‚
978 501 1033 541 et
1057 490 1288 542 certiora
1314 506 1382 540 ex
1414 488 1681 539 Muciano
1708 506 1887 557 spera-

76 561 294 614 bantur.
370 562 624 631 Namque
652 561 967 625 MucianuS,
990 571 1102 612 tam
1130 559 1290 613 celeri
1320 559 1550 611 victoria
1577 558 1792 622 anxiuS,
1815 571 1889 623 et,

75 632 131 682 ni
154 648 392 702 praesens
419 633 552 683 urbe
580 633 865 702 potiretur,
892 642 1173 701 expertem
1213 648 1270 682 se
1307 630 1432 681 belli
1474 628 1772 708 gloriaeque
1807 646 1892 679 ra-

78 716 183 766 tUS,
203 701 273 754 ad
302 702 547 755 Primum
575 713 631 754 et
654 702 857 753 Varum
885 702 1065 753 media
1093 700 1457 771 scriptitabat,
1481 698 1770 750 tristandum
1797 717 1894 749 coe-

2 950 6 953 »
75 924 415 982 agnosceret.

11 797 18 836 g
65 771 194 842 ptis,
214 782 309 824 aut
328 789 515 825 >rursus
540 771 815 824 cunctandi
837 771 1085 824 utilitates
1111 771 1427 834 edisserens,
1451 782 1613 838 atque
1641 770 1716 820 ita
1743 786 1894 820 com·

22 867 24 870 >
76 842 309 912 positus„
334 857 395 893 ut
421 860 492 895 ex
521 853 718 894 eventu
750 859 928 893 rerum
959 842 1184 893 adversa
1211 842 1491 905 abnueret,
1521 839 1607 890 vel
1636 857 1895 910 prospera

15 981 17 983 Ι
492 912 736 964 Plotium
776 912 1072 983 Griphum,
1115 929 1286 981 nuper
1332 913 1402 963 ab
1439 910 1783 979 Vespasiano
1837 910 1895 961 in

20 1036 22 1039 ,
79 982 423 1034 Senatorium
451 983 697 1034 ordinem
725 983 993 1046 additum,
1021 1001 1083 1034 ac
1111 981 1317 1052 legioni
1348 983 1722 1052 praepositum,
1750 989 1896 1031 cete-

23 1075 27 1080 *
78 1069 275 1122 rosque
303 1053 406 1104 sibi
437 1053 592 1117 fidos,
620 1053 858 1123 apertius
882 1054 1114 1104 monuit.
1161 1052 1317 1121 lique
1344 1067 1551 1114 omneS,
1575 1050 1642 1101 de
1670 1049 1894 1101 festina-

8 1170 13 1173 ,
73 1122 228 1174 »tione
263 1122 435 1174 Primi
477 1142 540 1175 ac
581 1123 711 1175 Vari
748 1123 980 1187 sinistre,
1007 1132 1070 1173 'et
1105 1122 1373 1174 Muciano
1405 1121 1660 1183 volentia,
1704 1120 1894 1171 rescri-

324 1194 542 1252 Quibus
585 1193 832 1263 epistolis
879 1192 1215 1262 Vespasiano
1272 1191 1468 1255 missiS,
1514 1190 1786 1255 effecerat,
1831 1201 1895 1241 ut

26 1198 30 1201 ’
78 1209 249 1263 psere.

11 1286 20 1306 τ
79 1280 191 1315 non
227 1280 326 1334 pro
365 1281 459 1334 spe
488 1265 717 1316 Antonii
758 1262 986 1315 consilia
1023 1262 1274 1331 factaque
1312 1263 1430 1331 ejus
1474 1261 1891 1312 aestimarentur.

80 1331 251 1404 AEgre
287 1334 343 1385 id
381 1335 491 1404 pati
520 1333 814 1396 AntoniuS,
841 1333 1141 1403 etqculpam
1179 1335 1233 1384 in
1273 1332 1600 1384 Mucianum
1627 1330 1890 1394 conferre,
1908 1335 1976 1381 53

77 1404 235 1473 cujus
261 1405 733 1457 criminationibus
761 1403 1075 1455 eviluissent
1095 1402 1335 1474 pericula
1362 1421 1475 1454 sua.
1506 1418 1604 1454 nec
1633 1401 1894 1453 sermoni-

132 1558 195 1596 Et
207 1559 371 1598 certiora
386 1559 432 1597 de
443 1558 652 1610 Muciano]
682 1559 812 1607 Magis
831 1558 961 1607 placet

78 1612 184 1650 Flor.
200 1613 376 1661 scriptio,
390 1625 442 1650 ex
454 1614 660 1650 Muciano.
692 1612 963 1660 Ambigebant

79 1667 226 1712 Duces,
244 1667 344 1718 quid.
363 1668 508 1703 facturi
530 1670 603 1704 aut
626 1678 706 1703 non
734 1667 892 1712 facturi,
912 1678 962 1703 ex

18 1734 22 1744 ··
80 1719 359 1768 sequentibus:
391 1720 603 1758 Mucianus
629 1719 883 1765 adventabat,
908 1718 966 1755 al-

10 1777 25 1800 '·-=
78 1775 143 1810 tei·
163 1783 273 1820 paene
292 1773 452 1810 Flavius
468 1785 482 1819 ς
511 1784 604 1822 ergo
621 1773 671 1809 ab
691 1773 759 1809 ilio
777 1774 965 1817 certiores

79 1827 255 1865 omnium
270 1827 411 1864 futuri.
443 1827 557 1865 ers.
598 1828 765 1875 Recepit
780 1827 963 1863 Pichena.

82 1880 158 1917 Sed
190 1881 248 1917 sic
270 1881 357 1928 J'am
387 1883 481 1917 ante
513 1881 599 1918 edd.
629 1883 719 1918 Put.
749 1880 842 1918 Ber.
876 1880 963 1917 Alc.

83 1933 292 1971 Consentit
317 1932 405 1971 MS.
423 1933 556 1971 Guelf.
613 1935 680 1971 De
697 1934 818 1970 edidit
834 1934 962 1971 Rhen.

15 1997 18 2002 ·
84 1985 124 2035 (e
150 1984 271 2037 Bud.)
302 1991 344 2023 et
371 1988 426 2024 sic
454 1987 541 2024 MS.
569 1987 667 2036 Agr.
722 1986 827 2024 Illud
857 1987 965 2023 haud

82 2039 202 2076 dubie
229 2050 381 2078 verum.
435 2039 581 2078 Sensus
596 2053 606 2076 t
644 2052 750 2088 spem
775 2041 963 2087 majorem

82 2093 331 2142 praemiorum
349 2093 550 2131 habebant
567 2094 608 2130 in
625 2094 830 2138 Muciano,
841 2093 965 2140 majo-

80 2147 136 2184 ris
155 2147 329 2193 virtutis,
342 2148 546 2196 dignitatis
565 2151 605 2184 et
617 2148 754 2195 gratiae
771 2147 876 2195 apud
889 2147 966 2184 Ve-

29 2244 31 2246 ,
78 2201 308 2249 spasianum
337 2202 447 2238 viro:
489 2205 531 2238 et
558 2200 743 2237 volebant
778 2201 964 2248 potentiae

82 2254 266 2300 Antonii,
280 2254 364 2301 jam
392 2255 511 2292 nimis
532 2265 698 2303 magnae,
715 2254 874 2290 modum
895 2266 965 2301 po-

84 2317 201 2360 nere:
228 2309 378 2356 ,quippe
410 2310 535 2355 major
567 2308 707 2345 futura
734 2311 833 2354 erat,
863 2307 896 2344 si
925 2310 966 2344 et

54 2411 56 2415 Δ
83 2359 158 2398 boc
186 2363 424 2407 succederet,
454 2361 743 2410 putabamque,
775 2372 866 2398 eum
897 2372 966 2409 po-

84 2414 306 2461 tentiasua
334 2416 376 2452 in
402 2426 517 2453 suum
542 2418 700 2451 tantum
721 2414 966 2456 commodum

84 2464 316 2506 abnsurum.
344 2469 487 2510 Qualis
500 2468 679 2516 potentia
696 2467 966 2516 intelligenda,

86 2522 295 2570 sequentia
321 2522 476 2560 docent.
507 2522 609 2559 Add.
629 2527 673 2567 4,
696 2527 735 2559 2.
762 2521 834 2558 ubi
861 2521 968 2557 vide-

86 2573 162 2620 bis,
181 2585 299 2622 quam
315 2575 532 2624 potentiam
562 2575 723 2623 petierit
739 2575 908 2620 Primus,
928 2577 969 2610 et

86 2637 166 2664 non
179 2627 328 2666 frustra
345 2639 484 2678 parum
503 2640 550 2665 ex
568 2640 614 2665 eo
633 2639 807 2677 sperasse
821 2628 966 2665 Duces.

90 2681 199 2719 Em«.

142 2733 281 2771 Media
294 2733 556 2784 scriptitabat]
605 2733 801 2782 Legitima
818 2732 969 2770 Latini-

88 2790 151 2824 tas
180 2787 356 2836 postulat
371 2789 643 2837 scriptitaret.-
669 2790 716 2823 ut
743 2788 847 2823 infra
864 2789 970 2822 recte

89 2840 279 2888 effecerat.
328 2841 424 2886 Sed,
463 2841 558 2889 quia
596 2841 638 2876 in
674 2840 834 2888 vulgato
877 2839 971 2876 libri

93 2894 213 2944 (Bud.
243 2892 414 2944 quoque)
435 2896 702 2938 consentiunt,
724 2898 766 2931 et
795 2904 886 2929 mox
912 2904 971 2929 se-

25 2976 27 2979 .
91 2947 231 2995 quitur
251 2948 401 2984 monuit
429 2953 466 2987 et
493 2949 730 2996 rescripsere,
757 2946 856 2983 nihil
884 2958 972 2982 mu·

34 3031 36 3034 ,
91 3000 188 3038 tavi.
214 3000 354 3039 Media
371 3004 466 3037 sunt
483 3000 683 3048 ambigua,
700 3000 803 3036 nihil
816 2999 914 3035 certi
929 2999 972 3035 in

91 3053 323 3091 alterutram
337 3057 490 3103 partem
505 3053 746 3090 definientia.
778 3053 974 3089 Abnueret

91 3110 130 3144 et
157 3114 380 3157 agnosceret
401 3105 537 3158 (Bud.)
571 3117 642 3155 pro
679 3117 758 3153 quo
783 3105 884 3143 male
913 3105 974 3142 ed.

95 3171 156 3207 pr.
181 3167 436 3210 cognosceret,
461 3161 624 3206 dictum,
654 3169 726 3207 pro
754 3161 976 3208 appareret,

96 3221 187 3251 enm
205 3225 253 3251 ex
267 3218 411 3252 eventu
430 3214 477 3251 de
493 3214 606 3251 factis
625 3216 666 3250 et
682 3213 855 3249 consiliis
867 3211 977 3259 judi-

97 3270 292 3313 caturum,
310 3267 586 3316 probaturum,
604 3267 637 3304 si
665 3277 849 3316 prospere
877 3265 977 3301 ceci-

97 3319 260 3365 dissent,
289 3322 350 3358 sin
384 3321 530 3366 minus,
561 3324 700 3357 contra
731 3320 978 3358 voluntatem

75 3381 208 3420 ,fluam
226 3376 406 3421 suscepta
422 3374 632 3411 dicturum.
676 3373 784 3410 ERN.

155 3424 333 3464 Plotium
352 3426 568 3477 Gryplmm]
607 3426 682 3465 Ed.
712 3437 772 3475 pr.
808 3425 979 3473 Grisum.

101 3477 247 3516 Eadem
263 3489 353 3516 mox
377 3481 627 3526 senatoriam,
644 3483 691 3517 ut
708 3479 814 3517 Flor.
836 3477 970 3530 (Bud.)

102 3530 232 3570 Guelf.
248 3537 467 3570 senatorum
484 3533 635 3571 Puteol.
656 3536 694 3570 et
723 3544 828 3582 seqq.
851 3540 976 3581 usque

1015 1559 1065 1595 ad
1085 1559 1308 1597 Pichenam.
1337 1560 1445 1595 ERN.
1483 1557 1590 1594 Bud.
1623 1556 1803 1605 Griffam.
1833 1556 1897 1596 Ad

1015 1625 1106 1650 eum
1132 1614 1283 1650 Statius
1314 1613 1438 1650 risum
1468 1611 1770 1648 Saturnalitium
1802 1611 1897 1648 silv.

1015 1673 1057 1713 4,
1077 1672 1116 1706 9.
1137 1667 1306 1714 scripsit.

1072 1720 1262 1757 Illuciam
1280 1716 1464 1768 volentia]
1496 1718 1558 1755 Ita
1575 1716 1680 1754 libri.
1717 1716 1897 1754 Sallusti-

1020 1782 1140 1810 anum
1158 1774 1341 1810 videtur:
1378 1772 1587 1821 Pompeius
1608 1771 1745 1808 multis
1770 1772 1897 1819 suspi-

1018 1827 1191 1864 cionibus
1219 1827 1387 1868 volentia
1410 1826 1518 1874 plebi
1525 1826 1714 1874 facturus
1737 1824 1899 1861 habeba·-

1018 1886 1096 1917 ταν.
1143 1881 1292 1918 Beatus
1306 1884 1441 1916 tamen
1455 1879 1599 1915 volenti
1619 1877 1656 1929 (e
1673 1876 1793 1927 Bud.)
1816 1888 1902 1913 ma·-

1018 1934 1110 1971 luit.
1158 1934 1270 1971 Lirs.
1326 1933 1444 1974 Quod
1477 1943 1612 1967 omnes
1648 1931 1770 1967 secuti
1805 1934 1902 1967 sunt

1018 1998 1142 2035 usque
1162 1988 1212 2023 ad
1231 1986 1421 2034 Lipsium.
1454 1985 1633 2022 Valentia
1650 1984 1754 2021 Flor.
1768 1983 1901 2020 Guelf.

1018 2041 1104 2077 edd.
1135 2045 1228 2077 ante
1257 2041 1384 2077 Rhen.
1414 2050 1563 2075 omnes.
1586 2037 1696 2088 (Agr.
1721 2036 1897 2085 volenti).

1018 2094 1242 2142 Utrumque
1269 2094 1456 2130 Latinum
1476 2095 1517 2128 et
1534 2090 1676 2128 Tacito
1695 2091 1903 2128 usitatum.

1018 2149 1093 2184 Pro
1120 2149 1343 2196 rescripsere
1372 2147 1432 2183 ed.
1458 2157 1519 2193 pr.
1545 2146 1768 2182 rescribere:
1798 2144 1901 2192 quod

1016 2200 1250 2249 praeferebat
1285 2201 1479 2247 Gruterus
1497 2211 1507 2234 t
1552 2207 1786 2246 quamquam
1833 2197 1904 2234 ille

1017 2255 1179 2291 scribere
1207 2253 1355 2290 laudat.
1389 2253 1519 2289 Rhen.
1556 2251 1678 2288 edidit
1713 2250 1751 2299 (e
1776 2249 1898 2300 Eud.)

1018 2309 1218 2357 scripsere,
1235 2307 1434 2354 ceterique
1458 2315 1582 2353 usque
1600 2306 1649 2341 ad
1677 2304 1903 2342 Pichenam.

1020 2361 1128 2398 ERN.
1178 2361 1260 2401 Qui
1278 2372 1299 2396 e
1314 2361 1420 2397 Flor.
1447 2359 1554 2396 dedit
1571 2359 1805 2406 rescripsere.
1840 2358 1902 2393 De

1020 2415 1146 2451 forma
1174 2414 1328 2450 dicendi
1358 2414 1504 2450 volenti
1533 2411 1592 2448 vel
1621 2412 1786 2448 volentia
1814 2411 1905 2447 ride

1022 2471 1159 2504 notata
1185 2468 1236 2504 ad
1262 2468 1316 2506 A.
1335 2470 1410 2513 515,
1428 2469 1495 2503 36.
1525 2468 1565 2501 et
1594 2466 1702 2502 Cort.
1733 2464 1782 2508 ad
1807 2464 1902 2503 Sall.

1021 2521 1047 2558 J
1051 2532 1116 2569 ug.
1135 2525 1198 2557 84.

1076 2573 1274 2624 Factaque
1290 2570 1395 2622 egias]
1422 2572 1638 2609 Rhenanus
1656 2582 1676 2607 e
1694 2570 1797 2607 Bud.
1815 2570 1902 2608 MS.

1022 2627 1173 2676 profert
1192 2632 1262 2663 aut
1277 2627 1398 2674 sacta
1423 2625 1521 2674 ejus.
1568 2628 1655 2661 Aut
1681 2624 1906 2671 copulative

1022 2680 1167 2722 dicitur
1184 2691 1284 2727 sa‘pe
1302 2679 1407 2728 apud
1426 2681 1619 2723 nostrum,
1633 2678 1673 2713 in
1692 2688 1814 2724 coque
1832 2677 1905 2713 ali-

1025 2734 1177 2781 quoties
1213 2735 1254 2769 et
1292 2732 1447 2768 criticos
1485 2731 1690 2767 adhaesisse
1724 2730 1907 2766 vidimus.

1024 2786 1162 2824 Paullo
1179 2788 1271 2822 ante
1291 2791 1361 2822 aut
1375 2796 1526 2829 rursus,
1547 2796 1618 2833 pro
1640 2789 1677 2821 et
1695 2795 1830 2820 rursus
1846 2784 1921 2833 di·-

1025 2843 1149 2886 ctum,
1175 2843 1216 2875 et
1245 2838 1300 2875 sic
1328 2838 1424 2875 alibi
1453 2839 1612 2886 passim.
1648 2837 1756 2875 ERN.
1802 2837 1907 2875 Bud.

1024 2895 1100 2930 ita:
1116 2905 1189 2943 pro
1202 2905 1268 2941 spe
1279 2888 1448 2929 Antonii
1447 2891 1639 2940 factaque
1653 2890 1752 2939 ejus,
1765 2890 1909 2928 omisso

1026 2947 1202 2984 consilia.
1256 2945 1348 2982 Non
1378 2945 1511 2993 potuit.
1537 2955 1630 2991 ergo
1660 2944 1735 2980 nisi
1764 2943 1908 2980 dormi-

1025 3004 1115 3037 tans
1128 3000 1256 3036 Rhen.
1274 2998 1458 3044 scribere,
1476 3009 1560 3046 quae
1578 2997 1640 3033 hic
1657 2997 1810 3040 retulit.

1088 3054 1328 3090 Coaluiseeut
1349 3052 1525 3101 pericula
1544 3049 1634 3100 sua]
1692 3050 1755 3088 Sic
1773 3061 1909 3087 omnes

1029 3106 1120 3142 inde
1137 3117 1162 3142 a
1179 3103 1395 3143 Puteolano
1412 3104 1581 3150 edidere,
1601 3114 1724 3151 usque
1742 3104 1791 3140 ad
1808 3104 1908 3150 Ryc-

1030 3159 1164 3196 kium:
1213 3159 1329 3206 idque
1371 3161 1411 3194 et
1445 3157 1532 3195 MS.
1573 3155 1706 3195 Guelf.
1749 3157 1909 3206 praefert

1035 3212 1156 3261 (Bud.
1173 3209 1407 3260 evaluisset).
1455 3210 1745 3250 Freinshemius
1764 3211 1910 3247 acutis-

1031 3266 1128 3302 sime
1145 3265 1312 3302 correxit
1329 3265 1549 3302 eviluissent
1566 3279 1578 3301 .·
1608 3264 1723 3313 idque
1743 3264 1784 3301 in
1800 3260 1924 3302 Flor.·

1032 3322 1233 3368 repertum
1260 3328 1441 3366 recepere
1464 3318 1635 3366 Ryckius
1662 3321 1703 3355 et
1725 3318 1765 3354 J.
1786 3319 1910 3354 Gron.

1033 3385 1130 3422 quos
1147 3372 1289 3410 merito
1317 3377 1473 3408 secutus
1495 3384 1595 3408 sum.
1626 3371 1713 3409 MS.
1732 3371 1829 3418 Agr.
1847 3370 1909 3405 ed.

1032 3432 1092 3475 p'r.
1112 3426 1262 3463 habent
1279 3426 1453 3470 luissent,
1473 3425 1577 3461 unde
1595 3424 1786 3471 conjicere
1802 3423 1911 3465 licet,

1029 3480 1175 3528 primas
1201 3478 1366 3527 syllabas
1385 3490 1452 3514 coa
1466 3477 1598 3514 deberi
1612 3475 1910 3518 correctoribus,

1030 3544 1054 3569 a
1072 3545 1163 3572 vero
1181 3543 1298 3571 sensu
1315 3530 1605 3569 aberrantibus.
1660 3530 1806 3568 Sensus
1825 3528 1909 3565 est:
