2190 3880
264 118 364 164 328
867 109 1495 164 HISTORIARUM

140 255 195 294 A.
211 256 264 294 U.
278 238 508 303 ambitu,
549 237 728 310 specie
765 239 945 302 mariS,
985 257 1175 309 sapore
1198 238 1851 311 conruptiorfgrairitate
1894 237 2075 294 odoris

159 311 252 348 824·
277 307 759 380 adcolistpestifer,
795 327 972 380 neque
1017 311 1518 382 ventoinpellitur,
1544 329 1717 381 neque
1755 312 1928 382 pisces
1979 322 2077 364 aut

145 364 454 460 A7'10·suetas
481 384 634 452 aquis
657 382 903 434 'volucres
933 382 1154 451 patitur.
1216 381 1446 434 Incertae
1473 382 1633 435 undae
1661 384 1986 454 superjacta,
2015 394 2078 437 ut

231 446 240 456 ’
273 454 467 518 εοϋάο,
485 453 664 510 ferunt
689 474 700 506 :
740 454 899 524 periti
928 453 1257 523 inperitique
1283 453 1447 504 nandi
1475 453 1698 524 perinde
1725 455 2076 508 adtolluntur.

276 525 597 579 Certo-anni
629 526 871 579 bitumen
905 525 1105 593 egerit:
1145 525 1302 594 cujus
1340 524 1554 595 legendi
1582 543 1757 590 usum,
1787 539 1846 578 ut
1869 540 2075 580 ceteras

272 611 432 663 artes,
479 599 818 668 experientia
861 594 1067 646 docuit.
1141 595 1277 647 Ater
1317 606 1506 666 suapte
1552 607 1744 648 natura
1782 597 1976 668 liquot,
2020 611 2076 651 et

271 680 459 741 sparso
499 682 653 721 aceto
691 677 996 731 concretuS‚
1031 666 1260 720 innatat.
1298 667 1446 720 hunc
1484 686 1648 720 manu
1686 680 1927 740 captum,
1956 672 2077 740 qui-

269 743 372 794 bus
399 761 464 793 ea
487 759 634 804 cura,
664 739 719 796 in
744 755 954 790 summa
979 739 1132 791 navis
1161 739 1402 792 trahunt.
1442 792 1447 797 ,
1475 738 1635 805 Inde,
1659 739 2076 810 nullojuvante,

210 848 217 857 -
268 813 472 877 influit,
495 822 811 880 oneratque,
833 810 1006 866 donec
1030 811 1313 863 abscindas
1334 833 1347 864 :
1382 829 1481 864 nec
1504 812 1819 878 abscindere
1841 823 1948 865 acre
1970 813 2078 866 fer-

267 903 399 938 rove
438 884 650 954 possis:
686 883 832 953 sugit
871 900 1117 935 cruorem
1152 896 1460 953 vestemque
1499 883 1759 940 infectam
1795 886 2078 956 sanguine,
2121 893 2124 896 '

269 975 379 1025 quo
414 953 632 1008 feminae
670 972 766 1025 per
805 971 1012 1006 menses
1049 955 1424 1008 exsolvuntur.
1464 954 1541 1008 sic
1570 966 1773 1008 veteres
1810 969 2076 1010 auctores,

271 1028 378 1080 Sed
407 1028 561 1099 gnari
589 1026 833 1079 locorum
870 1026 1107 1092 tradunt,
1133 1027 1399 1079 undantes
1431 1026 1698 1080 bitumine
1734 1028 1901 1097 moles
1931 1029 2077 1100 pelli,

275 1117 550 1169 manuque
590 1099 730 1151 trahi
770 1098 839 1150 ad
878 1098 1042 1153 litus:
1081 1117 1232 1165 mOX,
1272 1101 1363 1152 ubi
1397 1117 1599 1169 vapore
1637 1110 1811 1165 terrae,
1838 1100 1890 1152 vi
1933 1101 2079 1168 solis»,

274 1172 592 1236 inaruerint,
614 1171 891 1224 securibus
919 1171 1228 1240 cuneisque,
1257 1185 1316 1224 ut
1340 1172 1515 1223 trabes
1540 1182 1632 1223 aut
1651 1189 1801 1237 saxa,
1826 1171 2076 1226 discindi.

226 1238 444 1297 7Haud
475 1243 661 1315 procul
688 1243 813 1295 inde
838 1243 1038 1314 campi,
1100 1262 1201 1302 uos
1236 1242 1415 1296 ferunt
1444 1241 1573 1295 olim
1604 1244 1811 1309 ubereS,
1839 1245 2079 1315 magnis-

274 1335 381 1387 que
434 1317 662 1368 urbibus
703 1314 996 1381 habitatos,
1049 1314 1104 1368 fu
1132 1315 1336 1368 minum
1380 1315 1537 1387 jactu
1585 1316 1812 1382 arsisse3
1863 1327 1922 1369 et
1963 1334 2080 1370 ma-

325 1500 489 1536 Incertoe
505 1496 619 1534 undoe
634 1495 867 1547 superjecta]
915 1494 1148 1534 Emendatio
1202 1495 1264 1534 ed.
1293 1507 1354 1544 pr.
1386 1496 1489 1534 edidi
1506 1497 1662 1547 ferunt,
1691 1499 1738 1536 ut
1769 1497 1926 1536 volebat
1960 1498 2080 1540 etiam

267 1564 290 1590 e
306 1553 432 1590 libris.
459 1551 591 1599 Vulgo
608 1555 688 1588 est:
708 1551 898 1588 incertum
915 1551 1026 1587 unde.
1046 1551 1149 1599 quod
1200 1553 1241 1588 J.
1259 1551 1480 1590 Gronovius
1502 1551 1572 1603 (sic
1587 1556 1627 1589 et
1641 1552 1744 1590 Bud.
1769 1556 1811 1590 et
1826 1554 1923 1602 Reg.
1944 1551 2080 1603 Lali.)-

266 1607 505 1644 sententiam
523 1607 644 1642 etiam
662 1610 797 1654 aptam
814 1605 988 1654 recipere
1002 1608 1148 1654 potest.
1203 1606 1267 1643 Ita.
1302 1606 1479 1643 variatur
1498 1607 1755 1653 ‚constructio
1790 1610 1830 1644 et
1874 1609 2001 1646 oratio
2035 1608 2082 1644 fit

266 1662 366 1698 Vide
384 1662 430 1698 de
447 1663 535 1697 tota
551 1672 593 1696 re
613 1661 855 1709 Egesippum
873 1665 914 1705 4,
937 1665 999 1697 18.
1034 1661 1146 1697 ers.
1199 1661 1328 1698 Taciti
1344 1661 1615 1698 consuetudini
1641 1665 1681 1698 et
1703 1661 1911 1710 elegantiae
1937 1663 2083 1711 aptior.

267 1718 467 1755 Incertum
483 1715 610 1752 unde.-
650 1715 873 1764 supery'acta
897 1714 1029 1751 Guelf.
1060 1714 1146 1751 edd.
1199 1715 1345 1753 Attolli
1361 1716 1407 1752 de
1433 1715 1663 1752 natantibus
1692 1720 1732 1753 et
1755 1727 1788 1752 c.
1813 1721 1875 1754 14.
1923 1716 2078 1767 Vulgo:

267 1771 358 1807 inde
386 1782 411 1806 a
439 1770 591 1806 Puteol.
625 1781 758 1806 omnes
788 1775 881 1806 ante
912 1768 1020 1817 Lips.
1051 1769 1146 1806 item
1185 1770 1392 1822 seruntur.
1431 1771 1537 1808 ERN.
1579 1767 1712 1809 Lectio
1723 1771 1830 1820 vulg.
1848 1768 2080 1810 iudeaPut.

268 1826 329 1862 ed.
357 1826 542 1861 Beruecc.
595 1824 679 1861 Nec
709 1825 749 1861 id
781 1823 1010 1869 absurdum,
1034 1824 1148 1860 modo
1202 1824 1361 1862 omnino
1390 1824 1535 1862 bonum
1566 1836 1722 1862 sensum
1755 1825 1884 1872 offert,
1914 1836 2079 1876 eamque

266 1879 464 1917 scribatur
482 1879 608 1916 undoe.
635 1891 726 1916 nam
757 1879 794 1915 id
823 1878 924 1915 idem
953 1883 1031 1924 est,
1047 1878 1150 1927 quod

266 1935 414 1971 incerta
440 1933 545 1970 unda
570 1933 632 1970 vel
658 1935 816 1972 incerta·
843 1933 972 1979 unda-²,
1002 1933 1178 1979 intelli„

265 2044 380 2088 uncle,
401 2043 503 2091 quod
522 2047 581 2079 est
598 2043 754 2080 incertoe
774 2043 914 2080 undae:
934 2050 959 2079 ‘s
1037 2053 1152 2084 amen

266 2109 386 2146 super
410 2098 550 2134 ultima
568 2098 702 2146 prima:
722 2098 825 2134 vocis
843 2097 941 2145 sylla
969 2107 993 2132 a
1008 2097 1153 2134 adscri-

265 2156 382 2201 ptum
400 2155 459 2188 est
476 2158 573 2189 tecm.
593 2152 653 2188 ed.
674 2163 732 2198 pr.
749 2153 906 2189 incertoe
919 2152 1047 2188 undoe.
1078 2150 1150 2188 At-

265 2218 343 2255 que
360 2207 451 2244 hinc
470 2211 509 2242 et
533 2206 616 2243 MS.
636 2206 724 2242 vat.
753 2210 811 2242 est
839 2205 957 2243 lectio
975 2218 999 2241 a
1019 2206 1150 2255 Lipsio

266 2261 445 2306 inducta,
472 2262 533 2296 cui
565 2265 605 2296 et
632 2260 735 2298 Flor.
767 2258 965 2309 (affluo)
988 2269 1150 2296 consen-

267 2316 346 2362 tit3
378 2315 481 2352 unde
502 2318 542 2351 et
556 2316 637 2363 ipse
658 2314 823 2351 servavi.
854 2315 1018 2351 Incertoe
1034 2314 1148 2350 undo:

267 2373 379 2415 sunt,
400 2381 486 2418 quae
503 2381 588 2405 eam
606 2369 774 2417 speciem
802 2373 1063 2416 naturamque
1082 2368 1149 2404 ha-

265 2424 380 2469 bent,
398 2427 446 2461 ut
474 2424 637 2462 dubium
662 2423 781 2460 videri
813 2423 950 2471 possit,
968 2434 1070 2471 aqua
1098 2423 1150 2460 sit

266 2491 320 2516 an
339 2479 482 2524 solum,
499 2478 622 2515 solida
638 2479 747 2514 loca:
779 2482 824 2515 ut
848 2481 954 2514 recte
980 2477 1150 2525 explicat

267 2534 307 2570 J.
335 2535 379 2571 F.
409 2534 531 2571 Gron.
561 2532 609 2569 ad
640 2533 774 2569 Senec.
809 2533 927 2569 cons.
961 2531 1009 2568 ad
1042 2532 1150 2569 Mar-

265 1990 514 2037 gendumque
543 1994 612 2025 est.
658 1988 715 2026 At
734 1981 830 2036 Agr.
853 1987 1151 2133 (Budfiaessncerte

268 2589 368 2624 ciam
389 2599 420 2623 c.
445 2593 508 2624 10.
554 2587 616 2624 Sic
644 2588 831 2636 ambigua
853 2593 1012 2632 natura,
1030 2587 1152 2624 ambi-

266 2655 376 2691 guus
405 2644 548 2687 vulcus,
569 2645 608 2678 et
635 2642 714 2679 alia
743 2653 843 2690 saepe
872 2641 975 2690 apud
1005 2644 1153 2690 poetas.

269 2698 349 2734 Sedv
369 2696 599 2744 ambiguum
625 2707 708 2735 ene
733 2699 880 2746 potest,
899 2700 1034 2732 utrum
1066 2701 1154 2743 post

269 2753 383 2789 undoe
399 2750 755 2798 interpungendum
777 2751 842 2796 sit,
858 2761 928 2786 nec
946 2761 1008 2787 ne.
1050 2750 1153 2788 Nam

269 2807 467 2843 utrumvis
503 2805 638 2851 facias,
676 2805 899 2842 commodus
936 2816 1072 2842 sensus
1113 2809 1152 2841 et

269 2861 386 2898 idem.
442 2860 517 2899 Sed
561 2860 657 2897 mihi
699 2861 824 2908 magis
869 2859 996 2907 placet
1031 2860 1154 2896 inter-

268 2916 407 2963 pungi.
463 2912 527 2952 1ss
562 2916 604 2951 in
647 2914 902 2963 sequentibus
939 2919 998 2951 est
1033 2914 1155 2962 expli-

269 2970 373 3005 catio
402 2970 625 3014 verborum,
658 2971 810 3006 incerta>
840 2969 967 3013 undoe,
999 2980 1084 3018 quae
1114 2969 1154 3005 in

267 3025 512 3060 nominativo
539 3024 786 3071 accipiendae.
845 3024 974 3070 Atque
998 3030 1145 3060 veteres

267 3076 360 3112 libri
384 3089 531 3122 omneS‚
552 3081 670 3115 etiam
692 3079 750 3114 ed.
776 3090 836 3125 pr.
868 3080 922 3114 sic
942 3078 1146 3126 interpun-

268 3136 396 3178 gunt3
430 3132 495 3178 qui
532 3144 609 3169 non
640 3133 722 3169 sine
751 3133 861 3181 gravi
894 3142 1031 3169 caussa
1053 3126 1155 3169 sunt‘

269 3185 487 3229 deserendi,
508 3189 720 3233 praesertim
750 3199 838 3223 cum
857 3191 895 3222 et
923 3187 1046 3223 totius
1065 3198 1151 3223 ora-

267 3239 388 3276 tionis
421 3244 616 3276 structura
654 3241 753 3277 hanc
789 3242 1146 3288 interpunctionem

268 3294 471 3331 desideret.
510 3296 638 3331 Series
657 3296 761 3331 enim
780 3295 860 3331 haec
876 3301 958 3331 est:
985 3298 1148 3332 Incerta

269 3348 377 3385 lacus
393 3349 506 3384 undae
525 3354 631 3385 sunt.
689 3350 791 3387 Nam
811 3349 979 3395 primum
1004 3350 1148 3395 injecta

269 3408 411 3440 natant
430 3404 582 3440 omnia:
614 3403 752 3440 deinde
779 3403 896 3451 periti
925 3405 1085 3438 natandi
1108 3408 1149 3439 et

263 3458 444 3504 -imperiti
488 3459 621 3494 eodem
660 3459 772 3494 modo
816 3457 1013 3502 feruntur,
1048 3457 1145 3493 nihil

269 3511 547 3560 submergitur.
600 3513 768 3549 Vincula
795 3511 983 3548 orationis
1017 3511 1147 3547 omisit

268 3566 446 3606 Tacitus,
499 3567 682 3618 Denique
710 3579 731 3604 e
755 3566 867 3606 MSS.
896 3566 999 3605 Flor.
1018 3566 1147 3605 Vatic.

1203 1880 1414 1916 restituere
1440 1880 1530 1928 Bip.
1573 1880 1658 1917 Astr
1676 1891 1700 1916 a
1730 1880 1833 1917 Flor.
1861 1883 1900 1917 et
1927 1881 2083 1930 conspi-

1203 1933 1389 1974 rantibus
1402 1933 1598 1972 codicibus
1623 1931 1922 1984 recedere’mihi
1940 1935 2082 1984 religio
2104 1948 2107 1954 “

1205 1992 1277 2026 est.
1331 1989 1469 2038 Neque
1490 1989 1629 2038 nugari
1658 1993 1770 2038 puto,
1824 1989 1863 2026 ui
1895 1991 2082 2027 incertam

1204 2044 1361 2086 tendam.
1380 2055 1441 2089 eo,
1459 2041 1536 2093 qu'o
1564 2001 1934 2090 G-rouoviusffmodo
1962 2055 2082 2092 expo-

1206 2102 1323 2142 nunt,
1343 2099 1445 2147 quod
1462 2102 1502 2134 et
1521 2097 1697 2135 Pichenae
1713 2099 1768 2135 sic
1786 2098 1925 2142 visum.
1954 2099 2082 2136 Heiu-

1205 2154 1285 2189 sius
1314 2163 1336 2188 e
1354 2153 1441 2190 MS.
1475 2153 1618 2200 Spinae,
1637 2153 1753 2202 quod,
1771 2153 1887 2201 quale
1916 2153 1983 2199 sit,
2003 2164 2083 2191 non

1204 2207 1366 2255 indicat,
1386 2208 1535 2256 profert
1561 2209 1679 2245 inerti
1696 2207 1825 2245 zmdoe.
1881 2208 1926 2245 Id
1953 2209 2081 2262 ipsum

1205 2261 1344 2298 Grotio
1363 2268 1403 2298 et
1420 2262 1686 2299 Freinshemio
1703 2262 1918 2309 placuerat.
1954 2261 2082 2300 Hein-

1203 2316 1284 2352 sius
1301 2316 1473 2353 malebat
1487 2317 1624 2354 inertes
1640 2316 1951 2364 undae—serunt.
1983 2316 2080 2354 Mox

1203 2371 1305 2407 Bud.
1330 2372 1528 2407 attollunt.

1258 2425 1387 2461 Periti
1402 2426 1480 2476 inp.
1499 2422 1591 2473 etc.]
1634 2423 1676 2460 Id
1695 2423 1978 2471 Vespasianum
1997 2435 2081 2462 esse

1204 2482 1425 2526 expertum,
1467 2479 1578 2515 docet
1621 2478 1702 2515 Jos.
1745 2477 1794 2516 B.
1838 2478 1931 2518 Jud.
1979 2482 2018 2526 4,
2055 2483 2079 2516 5

1227 2539 1247 2570 8
1273 2561 1282 2570 .

1208 2533 1223 2584 (
1250 2532 1372 2625 )c‘ert0
1390 2587 1509 2637 anni]
1534 2588 1597 2625 Ita
1611 2585 1727 2623 libri:
1753 2589 1794 2623 et
1809 2586 1960 2635 phrasis
1986 2590 2083 2624 nota

1207 2646 1247 2679 et
1273 2642 1412 2680 Tacito
1439 2643 1637 2690 frequens,
1676 2641 1826 2690 vulgati
1853 2653 1985 2679 vocem
2013 2643 2084 2679 ad-

1207 2699 1321 2742 dunt,
1341 2702 1442 2734 certo
1461 2698 1557 2734 anni
1573 2702 1752 2745 tempore.
1797 2697 1909 2733 Ln’s.
1969 2695 2081 2734 Tem-

1203 2764 1298 2802 pore
1324 2750 1433 2788 abest
1463 2750 1512 2787 ab
1541 2751 1600 2787 ed.
1624 2762 1683 2798 pr.
1724 2751 1833 2790 Eas.
1890 2750 1963 2788 Sed
1991 2751 2082 2789 Put.

1207 2806 1295 2843 Alc.
1312 2806 1437 2843 Rhen.
1462 2807 1555 2842 item
1573 2805 1656 2841 cod.
1675 2804 1776 2842 Bud.
1800 2803 1961 2842 habent.

1267 2861 1429 2897 Urbibus
1452 2859 1658 2910 habitatos]
1692 2859 1779 2896 MS.
1799 2859 1936 2897 *Orosii
1954 2858 2080 2898 Periz.

1209 2915 1294 2952 edd.
1312 2915 1451 2951 venet.
1469 2914 1638 2963 August.
1658 2914 1819 2953 habitos.
1847 2914 1955 2952 ERN.
1990 2915 2082 2952 Put.

1210 2970 1295 3007 Alc.
1316 2970 1442 3006 Rhen.
1465 2969 1669 3006 habitatos.
1714 2967 1778 3005 sic
1795 2977 1835 3005 et
1850 2981 1884 3006 c.
1901 2968 2003 3005 Eud.

1255 3022 1621 3072 Fulmiuumjactu]
1655 3024 1717 3061 Ex
1735 3022 1874 3060 Orosio
1895 3028 1931 3069 1,
1950 3027 1987 3058 5.
2011 3023 2079 3070 qui

1200 3079 1280 3115 haec
1321 3089 1500 3126 expresso
1548 3078 1667 3114 etiam
1707 3076 1878 3114 Cornelii
1922 3076 2078 3113 nomine

1200 3133 1483 3180 transscripsit,
1498 3132 1602 3179 legas
1611 3132 1832 3180 ficlmz‘num
1845 3130 2080 3169 rotwfflxrs.

1204 3188 1263 3224 At
1289 3187 1399 3225 MSS.
1427 3187 1566 3235 optimi
1594 3190 1634 3221 et
1659 3190 1807 3222 veteres
1836 3184 1920 3221 edd.
1949 3183 2080 3221 Orosii

1202 3242 1474 3289 habent-jactet
1489 3255 1501 3276 :
1527 3240 1628 3287 quod
1647 3243 1686 3275 et
1700 3240 1821 3276 edidit
1839 3238 2082 3275 nuvercam-

1201 3308 1290 3345 puS.
1345 3297 1399 3333 Et
1418 3295 1637 3343 fulminum
1661 3293 1797 3341 jactus
1828 3293 1964 3329 Cicero
1998 3305 2079 3330 non

1202 3362 1281 3386 uno
1299 3350 1381 3385 loco
1399 3349 1513 3393 dixit,
1536 3351 1578 3384 ut
1591 3347 1702 3383 docet
1715 3347 1764 3383 ad
1783 3347 1822 3384 h.
1841 3347 1867 3383 1.
1897 3347 2080 3386 Pichena.

1206 3404 1281 3451 (cf.
1303 3403 1420 3439 Catil.
1441 3410 1480 3447 ὃ,
1502 3409 1537 3439 8.
1563 3402 1696 3438 Divin.
1720 3407 1759 3445 εἰ,
1782 3400 1861 3450 18.)
1892 3402 2077 3440 Ceterum

1190 3458 1411 3505 ‘siclin-inum
1433 3457 1554 3493 edidit
1584 3457 1731 3504 primus
1753 3455 1790 3503 (e
1807 3455 1928 3505 Bud.)
1949 3457 2085 3495 Rhen:

1202 3516 1242 3548 et
1259 3513 1314 3547 sic
1332 3512 1415 3548 MS.
1433 3511 1560 3547 Guelf.
1593 3511 1723 3547 Ceteri
1740 3515 1832 3547 ante
1852 3511 2080 3559 Rhemful-

1200 3567 1332 3606 mium
1375 3567 1602 3605 Fulminum
1621 3566 1739 3604 etiam
1758 3565 1934 3605 Orosius.
1970 3565 2078 3612 Ειικ.
