2190 3880
63 1559 73 1562 (
130 1531 204 1570 pro
231 1520 389 1567 vinciri,
410 1521 466 1557 sic
499 1522 580 1558 fere
615 1523 698 1560 Cic.
727 1523 846 1560 Tusc.
882 1529 922 1569 2,
954 1529 1017 1563 17.

395 120 494 172 nn
515 97 830 175 'Monmus
864 122 1252 175 GERMANJAE
1284 126 1423 176 cAP.
1456 130 1537 175 25.
1558 130 1642 176 26..
1833 130 1933 185 377

124 244 309 299 venire
329 246 552 325 patitur.
587 266 652 301 ea
671 259 755 301 est
778 248 832 302 in
858 266 915 302 re
952 267 1120 320 prava
1140 251 1474 320 pervicacia:
1513 251 1617 321 ipsi
1645 248 1808 302 fidem
1837 267 1936 302 vo-

119 327 268 384 cant.
339 317 537 379 Servos
573 319 903 373 conditionis
928 319 1093 391 hujus
1120 338 1217 390 per
1250 322 1578 374 commercia
1609 322 1847 384 tradunt,
1878 332 1939 372 ut

120 403 180 465 se
215 404 432 456 quoque
469 390 675 460 pudore
713 391 957 444 victoriae
994 390 1298 444 exsolvant.
1373 389 1584 442 Ceteris
1620 392 1804 455 serviS,
1827 408 1935 443 non
1953 405 2021 451 25

122 473 182 509 m
210 469 452 511 nostrum
479 477 706 526 morem,
723 462 1010 533 descriptis
1029 479 1123 532 per
1143 461 1405 515 familiam
1430 461 1762 527 minister-HS,
1779 473 1941 513 utun-

126 537 231 579 tur.
306 527 473 582 Suam
510 531 739 602 quisque
775 533 976 597 sedem,
1004 551 1130 585 suos
1170 532 1402 585 Penates
1427 531 1587 601 regit.
1662 531 1943 584 Frumenti

125 597 349 650 modum
377 600 649 667 dominus,
664 616 758 655 aut
788 604 1018 674 pecoris,
1037 615 1131 655 aut
1148 604 1330 667 vestiS‚
1356 614 1418 654 ut
1442 602 1658 665 colono,
1673 602 1747 671 inj
1759 603 1941 672 ungit:

126 679 183 719 et
209 686 394 750 servus
418 670 680 725 hactenus
710 685 884 744 paret.
955 674 1159 729 >Cetera
1194 674 1388 726 domus
1420 672 1605 725 officia
1632 689 1772 725 uxor
1796 691 1860 723 ac
1882 672 1947 723 li-

128 738 244 792 beri
281 753 672 812 exsequuntur.
747 743 1044 796 Verberare
1081 761 1292 796 servum
1334 761 1399 795 ac
1435 741 1666 795 vinculis
1703 753 1759 793 et
1786 759 1949 811 opere

128 826 394 875 coercere,
411 830 620 892 trorum.
696 812 964 867 Occidere
991 815 1185 878 solent,
1211 832 1319 865 non
1348 813 1647 884 disciplina>
1666 823 1723 864 et
1749 813 1951 870 severiss

128 890 268 961 trite,-⁴
290 880 382 962 sed
409 895 596 953 mpetu
624 895 681 936 et
707 884 803 950 ira,
829 896 891 936 ut
917 886 1219 949 inimicum,
1247 885 1350 936 nisi
1378 885 1521 954 quod
1558 884 1781 954 inpune.
1858 881 1948 936 Li-

129 951 328 1032 bertini
351 970 460 1004 non
483 953 713 1006 multum
740 973 902 1024 supra
924 974 1106 1011 servos
1133 968 1277 1020 sunt,
1317 973 1436 1006 raro
1463 954 1681 1024 aliquod
1705 969 1946 1005 momen-

129 1033 246 1074 tum
268 1040 331 1101 ἰη
359 1022 543 1088 domo,
569 1043 864 1095 numquam
894 1027 949 1079 in
987 1027 1243 1092 civitate3
1281 1026 1526 1096 exceptis
1565 1025 1853 1077 dumtaxat
1887 1023 1951 1074 iis
2012 1038 2017 1042 “

129 1095 407 1160 gentibuS‚
433 1113 557 1164 quae
595 1109 910 1166 regnantur.
984 1096 1071 1149 Ibi
1111 1097 1258 1153 enim
1294 1107 1350 1147 et
1387 1113 1547 1166 super
1583 1096 1850 1165 ingenuos
1897 1106 1955 1145 et

132 1180 293 1232 super
317 1165 524 1217 nobiles
551 1168 877 1221 ascendunt:
906 1168 1049 1237 apud
1070 1180 1277 1222 ceteros
1298 1167 1512 1246 inperes
1535 1165 1773 1228 libertini
1790 1165 1953 1216 liber-

133 1232 264 1286 tatis
291 1248 671 1305 argumentum
696 1251 841 1298 sum,
881 1238 1058 1290 Fenus
1081 1238 1289 1307 agitare
1314 1248 1370 1288 et
1397 1253 1452 1288 in
1475 1253 1662 1288 usuras
1693 1235 1951 1287 extende·
1967 1251 2038 1303 25
2070 1288 2074 1293 ,

132 1321 209 1368 re,
229 1306 512 1386 ignotum:
554 1309 783 1378 ideoque
808 1310 980 1380 magis
1008 1308 1268 1372 servatur,
1290 1325 1453 1377 quam
1476 1307 1520 1358 si
1548 1306 1776 1358 vetitum
1793 1318 1952 1356 esset.

130 1375 290 1445 Agri,
316 1387 416 1448 pro
443 1396 668 1431 numero
695 1379 984 1445 cultorum,
1014 1381 1082 1432 ab
1121 1378 1384 1432 universis
1415 1377 1470 1430 in
1511 1377 1652 1431 vices
1680 1394 1956 1446 occupan-

1070 1529 1153 1561 tum
1168 1521 1276 1573 sunt]
1298 1523 1323 1561 i.
1342 1534 1379 1561 e.
1399 1533 1448 1560 ex
1461 1521 1535 1558 hoc
1556 1520 1640 1570 ipso
1656 1521 1823 1569 apparet
1836 1517 1957 1555 liber·

1071 1582 1132 1613 tas
1178 1577 1330 1625 populi,
1368 1575 1472 1624 quod
1516 1573 1696 1610 libertini
1749 1573 1956 1611 inferiores

1072 1633 1168 1668 sunt
1186 1629 1371 1678 ingenuis
1385 1633 1425 1665 et
1443 1626 1658 1665 nobilibus.
1710 1625 1821 1664 Enn-

131 1573 272 1611 vulnus
295 1575 474 1621 alligari.
530 1576 578 1612 V.
598 1576 714 1625 plura
732 1577 773 1613 in
802 1577 912 1614 Clav.
935 1579 1017 1614 Cic.

133 1630 188 1673 et,
207 1639 324 1676 quem
345 1628 400 1664 ibi
425 1629 597 1675 laudavi,
614 1631 836 1667 Gronovius
866 1631 914 1667 ad
933 1632 1017 1668 Liv.

133 1685 175 1727 7,
191 1685 260 1719 24.
314 1682 424 1719 ERN.
478 1683 667 1720 Juvem‘or
694 1683 843 1720 habent
872 1687 911 1720 et
928 1685 1015 1721 MS.

132 1736 256 1783 Loug.
274 1738 316 1772 et
334 1736 498 1773 numm.
552 1737 735 1774 Restituo
758 1749 849 1782 cum
867 1738 958 1787 Bip.
976 1741 1016 1775 et

134 1788 337 1836 Longolio.
392 1790 455 1827 Sic
474 1793 515 1826 et
532 1790 634 1828 Plin.
653 1791 729 1839 Ep.
751 1797 791 1836 4,
813 1796 852 1828 8.

193 1843 402 1880 Verberat-e
416 1843 585 1894 servum]
619 1845 715 1882 eod.
728 1846 859 1893 Kapp.
880 1844 929 1894 (s.
948 1845 1013 1882 ed.

125 1894 250 1946 Nor.)
271 1896 347 1933 sic:
380 1898 578 1935 verberant
603 1910 770 1944 servum,
787 1911 835 1935 ac
852 1900 1020 1936 vinculis

135 1955 172 2041 ἕ
200 1961 309 2000 opere
337 1962 516 1997 coercere,
534 1963 670 1990 rarum
689 1953 857 1990 occidere
879 1953 1017 1990 solent.

177 2013 246 2042 mv.
807 2028 810 2029 γ

194 2057 347 2107 Impeeu
364 2064 402 2096 et
419 2057 499 2109 ira]
531 2059 621 2097 Hoc
638 2059 697 2097 ita
711 2060 753 2098 iu
766 2059 1022 2107 septemtrio-

135 2111 198 2148 nis
233 2114 381 2156 tractu,
421 2117 465 2149 ut
511 2113 697 2151 Holsatia
740 2118 861 2162 atque
907 2113 1021 2158 alibi,

139 2165 259 2205 etiam
285 2166 398 2211 hodie
425 2167 638 2214 Germani;
667 2170 708 2204 et
729 2179 802 2216 per
825 2178 952 2204 mores
974 2167 1022 2202 li-

139 2223 215 2256 cet.
257 2219 370 2267 Lx-Ps.
414 2220 501 2267 MS.
520 2221 656 2259 Turio.
674 2233 766 2264 mox
781 2223 938 2269 impune
949 2226 1019 2258 est.

137 2274 248 2314 ERN.
303 2274 554 2322 Receperunt
567 2274 661 2324 Bip.

192 2326 361 2377 Liberti]
395 2327 457 2368 Sic
486 2329 638 2376 vulgati
661 2339 812 2366 omnes.
867 2329 924 2365 At
951 2338 1021 2364 nos

139 2382 419 2432 castigavimus
450 2383 634 2430 libertini.
686 2382 842 2419 Ultima
873 2380 1023 2429 syllaba

139 2438 327 2486 absorpta
343 2440 402 2473 est
419 2448 444 2473 a
461 2440 650 2485 sequente
669 2435 803 2481 verbo.
845 2435 948 2477 Nam
974 2435 1021 2471 de

139 2493 276 2530 ordine
295 2490 498 2528 hominum
514 2491 707 2539 loquitur,
726 2491 794 2537 qui
814 2492 874 2524 est
902 2488 1022 2524 liber-

140 2546 334 2589 tinorum,
351 2556 433 2580 non
450 2543 696 2580 libertorum.
751 2541 880 2581 Cicer.
908 2541 1022 2578 Verr.

146 2605 185 2646 1,
213 2604 282 2638 47.
313 2598 453 2635 deinde
486 2608 575 2634 mox
605 2597 750 2633 diserte
775 2595 951 2633 libertini
981 2595 1022 2630 in

141 2652 324 2690 omnibus
341 2651 478 2689 libr-ist
507 2651 675 2699 denique
689 2661 769 2686 non
782 2646 832 2686 ad
847 2647 1022 2696 singulas

139 2710 290 2754 domos,
306 2709 374 2744 sed
399 2705 450 2743 ad
464 2704 644 2745 civitates
667 2703 907 2740 referuntur.
961 2701 1023 2741 Si·

140 2762 289 2801 militer
301 2761 405 2798 infra
419 2772 454 2798 c.
473 2764 542 2796 44.
577 2759 619 2795 in
637 2757 757 2795 simili
773 2758 1022 2804 argumento,

142 2816 358 2861 libertinus,
375 2826 454 2852 non
482 2812 654 2850 libertus.
708 2811 856 2849 Similis
886 2812 946 2845 est
965 2812 1023 2845 et·

143 2872 223 2919 iam
237 2870 345 2913 locus
362 2868 465 2906 Livii
481 2872 524 2912 4,
540 2873 581 2904 3.
607 2871 644 2903 et
655 2864 820 2914 proinde
836 2864 906 2900 hoc
921 2864 1023 2899 valet

143 2929 398 2973 -tamquam
425 2932 577 2959 servum
603 2925 674 2956 aut
700 2917 922 2956 libertinum
947 2916 1023 2953 ali-

144 2978 234 3027 quis
269 2973 576 3021 Consulemfhre
610 2973 729 3012 dieat.
782 2970 885 3008 Nam
920 2969 1023 3018 quod

144 3033 188 3069 iu
215 3029 351 3078 Agric.
379 3039 413 3067 c.
446 3033 524 3067 19.·
542 3026 730 3074 Agricola
751 3023 898 3061 dicitur
924 3023 1027 3059 nihil

140 3097 213 3136 per
229 3085 383 3122 libertos
408 3092 606 3130 servosque
618 3079 785 3127 publice?
801 3078 858 3114 rei
873 3077 997 3127 egisse
1006 3091 1021 3116 ,-

146 3149 274 3177 sermo
290 3140 349 3174 est
369 3136 415 3172 de
432 3133 584 3171 libertis
614 3137 655 3169 ct
673 3130 794 3168 servis
820 3128 1025 3177 Agricolae,

146 3203 228 3230 non
272 3191 320 3229 de
364 3188 500 3226 ordine
539 3186 743 3224 hominum
787 3184 831 3221 in
867 3193 1024 3232 genere.

150 3247 258 3285 Ean.

204 3298 314 3336 Raro
343 3295 502 3345 aliquod
527 3297 757 3330 momentum
785 3292 815 3328 i.
845 3288 903 3338 ὠ]
939 3287 1025 3325 MS.

149 3351 304 3391 Arund.
363 3349 516 3398 aliquid
566 3347 759 3385 momenti.
812 3343 1028 3391 Vulgatum

149 3405 305 3444 melius,
352 3402 480 3452 Supra
493 3402 534 3438 in
551 3400 662 3437 Hist.
682 3404 719 3444 1,
735 3403 800 3438 59.
818 3396 1029 3434 habuimus

151 3458 302 3508 grande
317 3462 561 3500 momentum,
575 3454 622 3488 de
642 3452 812 3490 homine.
865 3451 974 3488 Enx.

206 3513 381 3563 lmpam
408 3508 579 3549 libertini
606 3505 795 3544 libertatis
823 3515 1029 3553 argumen-

1125 1684 1254 1720 Fenus
1285 1681 1460 1733 agitare]
1501 1682 1599 1719 Haec
1622 1681 1670 1717 de
1702 1680 1837 1716 fenore
1863 1688 1957 1727 spu-

1071 1737 1130 1774 ria
1147 1738 1334 1774 videntur
1350 1735 1568 1781 nonnullis,
1588 1733 1708 1772 iuhis
1721 1733 1899 1771 Antonio
1915 1734 1958 1770 in

1071 1790 1174 1828 notis
1191 1790 1241 1827 ad
1258 1791 1475 1828 versionem
1504 1800 1615 1825 suam
1635 1787 1924 1824 Germanicam.

1125 1846 1177 1882 In
1193 1856 1332 1882 usuras
1353 1842 1571 1892 extendere]
1610 1842 1739 1878 Fenus
1761 1841 1809 1877 de
1835 1852 1955 1888 pecu-

1073 1898 1142 1935 nia.
1167 1898 1260 1944 dici,
1273 1908 1359 1947 quae
1388 1896 1462 1934 sub
1491 1896 1621 1932 usuris
1650 1894 1878 1939 collocatur,
1901 1894 1959 1930 sa-

1073 1952 1146 1990 cile
1173 1952 1298 1990 cuivis
1318 1955 1442 2000 patet,
1461 1950 1694 1996 monuitque
1721 1948 1883 1984 Salmas.
1912 1948 1960 1983 de

1073 2007 1194 2043 Usur.
1211 2017 1250 2054 p.
1273 2011 1339 2043 24.
1356 2009 1397 2041 et
1412 2004 1468 2040 sic
1486 2003 1585 2040 alibi
1603 2001 1766 2038 centies.
1798 2002 1850 2037 In
1867 2012 1962 2037 usu-

1073 2072 1141 2097 ras
1167 2059 1369 2097 extendere
1393 2056 1574 2104 intelligo
1602 2056 1767 2100 dictum,
1797 2066 1869 2101 pro
1887 2066 1961 2103 per

1075 2125 1216 2150 usuras
1248 2112 1465 2157 extendere,
1495 2115 1542 2147 ut
1575 2109 1682 2157 apud
1712 2108 1856 2155 Virgil.
1896 2110 1961 2152 10,

1077 2170 1170 2204 468.
1176 2166 1409 2215 famamque
1437 2163 1637 2202 extendere
1643 2162 1785 2210 factis.
1841 2162 1960 2198 Forte

1077 2220 1196 2257 etiam
1214 2219 1291 2257 fuit
1306 2225 1342 2256 et
1358 2219 1488 2255 usuris
1504 2216 1566 2254 vel
1577 2228 1650 2265 per
1667 2226 1809 2252 usuras
1827 2220 1962 2251 exten-

1074 2274 1175 2319 dere,
1204 2277 1250 2310 ut
1276 2283 1367 2309 mox
1393 2270 1692 2308 confunduntur
1719 2270 1762 2306 in
1789 2270 1889 2305 vices
1919 2271 1961 2303 et

1067 2339 1141 2376 per
1157 2327 1269 2363 vices.
1325 2325 1429 2362 Nam
1446 2324 1621 2374 profecto
1638 2322 1753 2359 fenus
1784 2332 1864 2359 non
1889 2332 1962 2357 au-

1073 2384 1191 2428 getur
1205 2380 1246 2416 in
1265 2390 1422 2424 usuras,
1438 2378 1506 2415 sed
1520 2377 1648 2414 usuris
1664 2375 1795 2412 fenus.
1849 2374 1959 2411 ERN.

1131 2435 1297 2483 Ideoque
1325 2433 1457 2480 magis
1477 2427 1670 2478 servatur]
1691 2426 1814 2468 Quid
1831 2437 1963 2463 serva-

1075 2485 1174 2524 tur?
1203 2486 1324 2522 immo
1350 2496 1431 2521 non
1458 2488 1636 2520 servatur
1662 2481 1792 2526 fenus,
1811 2491 1884 2516 nec
1901 2483 1963 2517 est

1076 2541 1162 2586 eJus
1180 2550 1289 2577 usus.
1316 2537 1479 2586 Aliquid
1496 2537 1536 2574 in
1553 2537 1624 2573 hac
1642 2535 1838 2582 scriptura
1850 2533 1958 2570 vitii:

1076 2603 1128 2629 an
1145 2593 1355 2642 spernitur,
1370 2591 1433 2629 vel
1446 2595 1652 2639 spernatur
1668 2589 1689 2626 ?
1718 2598 1763 2625 ac
1781 2586 1859 2627 tale
1873 2597 1962 2625 sen·-

1076 2647 1206 2684 tentia
1223 2645 1339 2694 petit.
1382 2646 1468 2683 Aut
1487 2655 1558 2692 pro
1577 2653 1693 2679 sensu
1709 2640 1960 2689 capiendum,

1077 2700 1190 2748 quasi
1226 2700 1275 2735 de
1318 2698 1527 2735 interdicto
1565 2695 1793 2744 p‘roeivissct.
1848 2694 1962 2731 Lirs.

1077 2751 1288 2791 Salmasius
1305 2751 1332 2789 l.
1350 2763 1384 2788 c.
1401 2749 1563 2798 corrigit
1580 2755 1820 2786 aversantur.
1851 2747 1974 2792 Quor

1077 2807 1192 2843 modo
1216 2805 1389 2843 aversari
1417 2809 1597 2853 possunt,
1616 2802 1720 2850 qnod
1745 2799 1959 2850 ignorant?

1077 2871 1157 2897 non
1182 2859 1321 2907 magis,
1341 2868 1460 2907 quam
1482 2859 1683 2905 appetere.
1734 2856 1857 2893 Recte
1875 2854 1962 2891 He·

1076 2914 1208 2951 raldus
1226 2913 1268 2950 in
1288 2912 1468 2950 Salmasii
1485 2911 1650 2947 observ.
1670 2908 1719 2945 ad
1730 2908 1798 2956 ¹ius
1811 2908 1901 2945 Att.
1918 2910 1960 2945 et

1075 2968 1189 3005 Rom.
1205 2977 1246 3015 p.
1266 2971 1359 3003 583.
1386 2963 1556 3009 monuit,
1573 2974 1621 3000 ex
1637 2959 1960 2999 antecedentibus
2023 2969 2028 2975 ·

1077 3032 1160 3058 esse
1172 3018 1256 3058 dra
1273 3018 1385 3056 κοινοῦ
1405 3017 1705 3065 intelligendum
1728 3014 1892 3063 aliquid,
1910 3014 1961 3050 ad

1078 3074 1181 3122 quod
1198 3079 1371 3111 servatur
1385 3071 1593 3114 referatur,
1610 3079 1751 3119 nempe
1768 3074 1816 3105 ut
1836 3067 1960 3106 absti-

1080 3130 1201 3167 neant
1217 3137 1243 3164 a
1258 3125 1392 3162 fenore
1409 3124 1638 3170 exercendo,
1651 3122 1892 3160 abstinentia.
1907 3120 1959 3158 ab

1079 3182 1213 3219 fenore
1230 3179 1428 3227 agitando.
1471 3178 1580 3216 ERN.

1130 3234 1239 3282 Agri
1265 3233 1314 3270 ab
1339 3230 1543 3282 universis]
1574 3227 1892 3276 BambergensiS,
1911 3227 1960 3264 ab

1080 3287 1268 3326 universis
1301 3286 1399 3323 vicis
1431 3289 1682 3333 occupant-r.
1718 3283 1832 3328 longe
1865 3281 1960 3326 alia,

1062 3351 1154 3378 nee
1170 3340 1361 3378 deteriore
1379 3338 1588 3375 sententia.
1618 3337 1730 3374 Llrs.
1758 3334 1858 3371 Satis
1877 3334 1961 3382 pla·

1083 3398 1147 3432 cet
1173 3405 1246 3444 per
1279 3393 1393 3430 vices.
1447 3392 1577 3429 Caesar
1607 3389 1658 3428 Β.
1688 3387 1792 3426 Gan.
1822 3390 1863 3433 6,
1895 3392 1959 3426 29.

1081 3448 1355 3496 Agriculturoe
1381 3457 1458 3483 non
1477 3443 1631 3482 student
1651 3469 1662 3479 .
1681 3468 1691 3479 .
1710 3453 1827 3490 neque
1854 3442 1960 3489 quie—

1083 3513 1199 3553 quam
1217 3502 1310 3550 agri
1326 3499 1483 3536 modum
1509 3502 1655 3536 cereum
1682 3507 1728 3533 ac
1743 3494 1847 3543 fines
1868 3504 1960 3544 pro-
