2190 3880
287 181 378 227 198
919 179 1530 230 HISTORIARUM

145 318 199 357 A.
218 317 272 356 U.
286 301 498 352 animos
523 301 854 384 increbuere,
878 303 1083 356 Fabius
1108 304 1308 357 Valens
1337 299 1461 357 cum
1489 314 1723 374 quatuor
1744 303 2095 375 speculatori·
2141 335 2150 345 ·

167 372 260 409 823·
292 372 391 422 bus
428 383 483 422 et
521 372 696 424 tribus
729 374 937 437 amiciS,
961 370 1191 426 totidem
1230 374 1676 438 CenturionibuS‚
1705 376 1773 426 ad
1811 391 1974 426 naves
2013 391 2095 426 re·—
2125 428 2127 433 ,

157 422 275 518 Aioc
291 442 564 511 greditur:
607 442 831 495 Maturo
868 446 1169 512 ceterisque
1207 461 1498 507 remanere,
1525 457 1582 495 et
1617 446 1670 495 in
1701 445 1864 498 verba
1876 445 2095 526 Vespa-

290 513 423 564 siani
453 512 620 583 adigi,
648 514 956 566 volentibus
994 513 1118 564 fuit.
1194 513 1471 577 Ceterum,
1506 528 1566 565 ut
1605 531 1749 566 mare
1787 514 1957 566 tutius
1985 515 2094 566 Va-

227 584 229 586 ’
288 582 440 650 lenti,
467 601 629 652 quam
661 581 836 647 litora,
863 593 958 634 aut
981 585 1171 648 urbes3
1200 583 1276 634 ita
1302 581 1471 635 futuri
1500 585 1806 653 ambiguum
1822 596 1884 635 et
1883 584 2095 655 magiS,

288 653 420 720 quid
459 655 672 716 vitaret,
704 670 866 721 quam
905 653 991 704 cui
1033 652 1240 716 fideret,
1278 665 1475 716 certuS‚
1514 638 1737 706 adversa
1776 659 2096 734 tempestate

285 723 635 786 StoechadaS‚
658 692 1090 774 Massiliensium
1119 723 1336 788 insulaS,
1364 723 1622 775 adfertur.
1666 724 1740 775 ibi
1767 741 1888 775 eum
1920 723 2097 776 missae

203 800 323 847 448.
364 793 611 846 Paullino
654 792 964 844 Liburnicae
1003 810 1334 874 oppressere.
1411 793 1590 863 Capto
1629 793 1879 857 Valente,
1899 798 2100 846 cuneta

289 864 356 916 ad
403 864 622 915 victoris
662 880 792 931 opes
833 881 1112 926 conversa,
1147 863 1305 914 initio
1349 882 1444 944 per
1487 864 1810 944 Hispaniam
1855 882 1885 915 a
1917 864 2100 934 prima.

290 933 578 1001 Adjutrice
615 933 855 1003 legione
868 945 1009 999 orto,
1035 951 1178 1002 quas,

289 1004 458 1066 tellio,
481 1004 749 1056 decimam
773 1021 991 1073 quoque
1010 1022 1072 1056 ae
1100 1016 1308 1056 sextam
1337 1005 1525 1056 traxit.

1206 934 1468 986 memoria
1497 933 1735 987 Othonis
1763 933 1974 985 infensa
1999 934 2097 984 Vi-

1601 1004 1719 1056 Nec
1747 1003 1941 1057 Galliae
1965 1021 2100 1057 cun·

288 1076 597 1127 etabantur.
646 1073 716 1126 Et
745 1074 1086 1126 Britanniam
1116 1074 1333 1126 inclitus
1360 1091 1488 1144 erga
1513 1074 1901 1155 Vespasianum
1925 1073 2098 1139 favor,

289 1146 438 1213 quod
481 1145 590 1196 illic
629 1145 879 1197 secundae
921 1145 1139 1215 legioni
1162 1164 1193 1196 a
1229 1144 1461 1196 Claudio
1502 1145 1831 1227 praepositus
1862 1154 1918 1196 et
1957 1145 2098 1197 bello

289 1216 465 1267 clarus
491 1227 695 1285 egerat,
724 1233 833 1267 non
860 1217 991 1267 sine
1001 1226 1152 1267 motu
1186 1214 1442 1284 adjunxit
1473 1227 1801 1279 ceteiQarum,
1817 1215 1872 1266 in
1890 1217 2098 1284 quibus

293 1287 534 1355 plerique
563 1286 923 1338 Centuriones
963 1305 1025 1338 ac
1063 1285 1261 1337 milites
1300 1304 1332 1337 a
1359 1284 1580 1337 Vitellio
1614 1286 1877 1366 proveeti,
1903 1302 2098 1356 exper-

202 1367 272 1412 45
293 1368 404 1408 tum
426 1359 543 1425 jam
578 1356 887 1426 Principem
917 1356 1068 1408 anxii
1103 1356 1403 1408 mutabant.

1485 1354 1563 1407 Ea
1589 1355 1877 1419 discordia,
1903 1366 1958 1407 et
1983 1373 2099 1407 cre·

293 1428 401 1478 biis
444 1426 566 1478 belli
607 1426 781 1477 civilis
822 1427 1148 1491 rumoribuS,
1175 1425 1427 1479 Britanni
1464 1425 1741 1477 sustulere·
1735 1427 1978 1488 animm,
2005 1443 2101 1477 au-

287 1508 440 1549 ctore
469 1496 739 1550 Venutio·
778 1497 892 1568 qui,
920 1514 1080 1569 super
1112 1496 1331 1550 insitam
1366 1496 1624 1550 ferociam
1651 1507 1707 1548 et
1738 1495 1974 1548 Romani
2001 1512 2099 1549 no-

286 1706 422 1733 omnes
450 1695 594 1743 preter
624 1693 710 1730 MS.
736 1693 841 1731 Bud.
871 1695 914 1730 et
943 1693 1014 1741 ed.)
1037 1705 1097 1743 pr.
1127 1693 1170 1730 in

286 1749 376 1796 quis
400 1751 460 1785 est
481 1753 617 1797 parta.
653 1747 870 1784 Rhenanus
893 1747 984 1784 inde
1011 1747 1171 1795 conjicit

282 1808 404 1850 pacta
421 1802 562 1849 jimna,
591 1801 752 1837 frustra.
807 1800 1019 1848 Elegantia
1050 1801 1170 1850 perit,

287 1855 323 1892 si
349 1859 498 1903 paratu
531 1857 724 1891 mutatur.
779 1854 1034 1901 Respondent
1063 1855 1168 1892 enim

286 1907 362 1944 sibi
390 1910 500 1955 apte,
518 1911 566 1944 ut
581 1908 707 1955 firma
725 1909 767 1943 et
792 1913 924 1953 aucta,
942 1908 998 1944 sie
1019 1914 1172 1956 paratu

283 1964 327 1999 et
342 1973 506 1999 rumore.
551 1960 646 1998 Mox
671 1960 777 1996 edidi
803 1960 976 2007 totidem,
994 1961 1098 2009 quod
1125 1961 1165 1998 in

281 2013 398 2052 MSS.
416 2012 519 2051 Flor.
535 2013 639 2050 Bud.
657 2013 718 2050 ed.
734 2025 795 2061 pr.
832 2014 963 2051 Ceteri
977 2013 1114 2063 scripti
1127 2017 1169 2052 et

284 2067 371 2106 edd.
400 2070 494 2106 ante
521 2067 652 2107 Rhen.
682 2067 777 2115 item
805 2066 927 2115 Ryck.
958 2065 1022 2118 (ex
1046 2065 1164 2118 Agr.)

284 2121 529 2171 totidemque.
586 2120 695 2159 ERN.

342 2174 582 2224 Regreditur
598 2179 771 2211 mature:
791 2172 1012 2223 ceterisque]
1033 2174 1171 2212 Priora

285 2228 397 2275 lego:
444 2226 681 2275 regreditur.
740 2226 904 2263 Maturo
950 2229 1168 2278 ceterisque.

282 2279 488 2329 Intellegit
512 2279 617 2315 enim
641 2279 815 2316 Marium
843 2279 1047 2318 Maturum
1078 2282 1169 2317 Pro-

284 2337 507 2371 curatorem
526 2331 707 2379 Alpium,
735 2332 819 2380 qui,
837 2333 1009 2370 discessu
1025 2333 1170 2370 Valen-

283 2388 338 2424 tis
355 2386 466 2424 velut
483 2385 701 2431 exsolutus,
719 2385 908 2423 transiit·
898 2397 942 2423 111
960 2386 1167 2425 Flavianas

314 2443 434 2478 a.rtes
487 2439 709 2477 Posteriora
735 2442 841 2476 recte
865 2439 958 2476 olim
990 2437 1028 2489 (e
1038 2437 1165 2493 Bud.)

283 2453 504 2533 fzhenanus
531 2491 770 2537 emendavit,
804 2491 867 2542 (ut
898 2497 935 2537 l,
968 2497 1033 2533 59.
1069 2493 1167 2542 Agr.

287 2552 306 2586 1
319 2551 339 2583 8
345 2545 383 2595 ..-)
392 2558 481 2585 cum
499 2546 617 2595 vulgo
645 2551 762 2591 esset,
779 2546 990 2584 volentibus
1007 2546 1167 2584 liberum

273 2600 381 2650 suit,
406 2599 576 2645 insit-itia
601 2611 718 2646 voce·
710 2627 718 2636 .
748 2602 834 2646 aut,
862 2601 910 2638 ut-
938 2599 979 2635 in
1006 2598 1169 2647 quibus»

285 2654 391 2699 dam,
421 2650 556 2691 auctor
573 2652 678 2702 ficit.
728 2652 811 2693 Qui
846 2651 991 2690 scilicet
1024 2653 1170 2700 glosso-

284 2708 427 2755 graphi
447 2707 681 2757 ignorarunt
698 2717 823 2756 genus
845 2705 998 2743 dicendi
1016 2717 1040 2743 a
1061 2707 1171 2743 fonte

287 2762 443 2797 Groeco:
474 2761 576 2810 quod
596 2759 768 2810 peritum
785 2759 898 2797 illum
917 2757 1171 2808 sagacemque

287 2817 528 2862 Germanum
550 2825 630 2855 non
646 2814 762 2862 fugit.
817 2813 973 2861 Ingenii
998 2813 1103 2853 enim
1132 2816 1173 2850 et

288 2868 491 2905 industria:
507 2867 662 2906 laudem
684 2867 876 2904 Rhenano
894 2865 1021 2909 libens
1039 2866 1109 2906 do:
1129 2870 1171 2910 et

287 2922 366 2958 scio
385 2923 488 2959 inter
507 2921 695 2970 primores
715 2932 805 2962 eum
824 2932 904 2957 suae
918 2920 1062 2969 gentis.
1113 2921 1170 2958 At

285 2976 412 3022 carpsi
457 2975 549 3012 olim
594 2973 772 3012 liberius.
842 2974 934 3013 Non
980 2985 1066 3022 ego,
1103 2974 1169 3012 sed

283 3030 390 3064 aetas.
415 3026 503 3077 (etsi
531 3039 667 3064 revera
683 3027 810 3064 multa
826 3027 866 3064 in
894 3027 1078 3067 Rhenani
1100 3027 1168 3074 ju-

285 3081 412 3125 diciis,
427 3093 512 3128 quae
526 3080 665 3129 probet
677 3093 792 3119 nemo
803 3081 926 3128 judex
941 3091 963 3116 e
981 3078 1163 3129 selectis.)

283 3134 402 3173 Nunc
419 3133 520 3170 abiit
536 3134 600 3170 ille
617 3135 743 3172 fervor
759 3149 768 3171 z
800 3140 841 3171 et
856 3133 1067 3171 obtendere
1085 3145 1168 3174 ma-

284 3198 381 3232 num
400 3187 449 3223 ad
466 3198 697 3234 magnorum
724 3188 896 3226 virorum
925 3188 1062 3236 culpas
1080 3199 1169 3235 pos·

285 3240 375 3284 siin,
405 3251 522 3287 quam
549 3240 730 3277 diducere
762 3244 802 3277 et
828 3240 1036 3288 explicare.
1089 3242 1166 3278 Re-

284 3305 381 3335 vera
402 3297 533 3341 aut-em
564 3293 757 3340 quantula
779 3295 859 3330 haec
878 3297 987 3340 sunt,
1003 3294 1050 3329 de
1080 3293 1167 3342 qui·

283 3345 358 3383 bus
375 3346 575 3394 litigamus
591 3345 606 3381 ?
638 3347 795 3391 litteroe,
814 3345 984 3393 syllabae,
1004 3346 1162 3383 voculae.

282 3400 426 3442 Ridere
441 3400 537 3438 mihi
554 3399 679 3443 lubet,
695 3411 781 3435 cum
802 3400 973 3436 virorum
984 3400 1163 3446 gravium

285 3457 327 3489 ct
354 3439 559 3502 grandium
582 3453 847 3497 velitationes‚'
865 3452 982 3488 immo
1011 3464 1164 3500 pugnas

283 3508 423 3544 video‘
416 3519 454 3562 in
472 3507 533 3544 his
553 3507 690 3557 nugis.
711 3510 751 3541 et
769 3509 918 3551 metuo,
930 3509 975 3542 ut
992 3506 1164 3542 excitent

285 3572 346 3605 me
379 3562 428 3598 ad
447 3556 624 3601 alteram
668 3560 857 3609 Satyram.
912 3556 1030 3598 Nunc
1073 3571 1162 3598 cum

1222 1691 1486 1742 Aristophane
1519 1691 1637 1744 (Rati.
1655 1690 1767 1744 858.)
1794 1693 1890 1736 satis
1915 1690 2016 1731 mihi
2041 1691 2103 1732 in·

1223 1747 1431 1784 clamasse.

1275 1797 1572 1866 -Λοιδοςιῖσθαιι
1587 1797 1616 1837 δ’
1633 1798 1671 1837 οὗ
1689 1797 1817 1853 τρίτα

1270 1851 1424 1906 ”Auleon
1443 1853 1613 1897 ποιητὰς,
1631 1852 1753 1906 ὅστις
1768 1849 2042 1906 ὦςνκωλῖδις.

1225 1909 1338 1946 ers.
1387 1906 1563 1955 Lipsium
1588 1910 1746 1944 secutus
1764 1910 1825 1943 est
1841 1907 2003 1956 ejusque
2019 1919 2104 1945 cor·

1220 1961 1434 1998 rectionem
1471 1962 1621 2009 recepit
1653 1960 1835 2000 Pichena.
1895 1961 2104 2008 Consentit

1222 2013 1307 2052 MS.
1333 2014 1431 2062 Agr.
1459 2013 1535 2051 nisi
1564 2013 1667 2063 quod
1693 2014 1734 2051 in
1773 2012 1852 2052 fine
1885 2012 2007 2051 babet
2039 2026 2104 2054 vo·

1221 2068 1385 2108 lentibus
1403 2073 1536 2105 auctor
1552 2067 1642 2116 suit
1653 2082 1666 2104 .-
1695 2067 1798 2116 quod
1815 2078 1888 2116 pro
1904 2078 1986 2106 var.
2007 2067 2100 2107 lect.

1222 2121 1264 2158 in
1291 2121 1468 2169 margine
1496 2121 1627 2159 Guelf.
1654 2121 1800 2169 reperi,
1818 2123 1862 2157 et
1880 2121 1923 2158 in
1949 2119 2011 2158 ed.
2042 2131 2104 2170 pr.

1223 2175 1291 2212 sed
1309 2181 1445 2212 auctor
1469 2175 1662 2213 insertum
1680 2178 1740 2212 est
1763 2172 1814 2212 ab
1842 2173 1907 2220 iis‘,
1923 2173 1994 2224 qui
2019 2185 2103 2211 mo·

1223 2228 1316 2266 dum
1363 2226 1548 2276 loquendi
1592 2240 1671 2265 non
1716 2225 1937 2276 capiebant.
1992 2226 2102 2267 ERN.

1222 2282 1325 2318 Bud.
1355 2288 1507 2319 mature
1543 2285 1583 2318 et
1616 2282 1707 2319 dein
1741 2281 1858 2330 adigi
1891 2279 2102 2318 volemum

1211 2335 1317 2384 ficit.
1360 2334 1434 2371 Sed
1452 2336 1542 2372 Put.
1561 2335 1677 2384 adigi
1692 2333 1966 2382 liberumsuit.
2009 2332 2098 2372 Alc.

1222 2389 1339 2435 adigi
1355 2389 1563 2425 volentibus
1580 2387 1852 2434 liberumsuit.

1275 2439 1749 2491 Stoedzadas—acffmur]
1764 2428 1999 2487 Legitimum
2014 2450 2101 2476 ver·

1220 2493 1317 2533 bum
1343 2498 1428 2532 erat
1444 2495 1640 2543 defertur.-
1670 2506 1742 2531 nec
1760 2493 1908 2541 adferri
1923 2491 1995 2529 hoc
2012 2503 2101 2531 sen·

1222 2560 1270 2586 su
1286 2548 1434 2585 dictum
1451 2549 1595 2597 reperi.
1647 2547 1855 2603 Broterius
1882 2545 1997 2584 malit
2011 2545 2101 2596 ser·

1221 2607 1301 2639 tur.
1346 2602 1456 2639 ERN.

1279 2657 1447 2694 Ine-litus
1477 2667 1496 2691 e
1526 2655 1576 2692 V.
1594 2644 1735 2704 favor]
1769 2653 1962 2691 Gruterus
1990 2650 2102 2697 valde

1224 2709 1366 2771 probat
1381 2709 1589 2746 lectionem
1607 2708 1667 2746 ed.
1686 2719 1745 2755 pr.
1768 2705 1930 2747 ineditus,
1949 2715 2035 2755 quae
2061 2692 2104 2743 ei

1226 2763 1267 2799 in
1297 2763 1380 2803 MS.
1403 2764 1502 2810 Reg.
1520 2766 1593 2799 est.
1637 2761 1686 2798 In
1713 2771 1790 2809 quo
1817 2758 1934 2799 aliter
1961 2754 2100 2797 sentio.

1225 2817 1258 2853 ‘si
1291 2818 1432 2854 insitus
1467 2818 1582 2860 esset,
1614 2814 1641 2850 i.
1676 2825 1710 2851 e.
1738 2816 1867 2858 vetus,
1902 2815 2100 2859 constans,

1223 2870 1471 2919 praeferrem:
1501 2872 1543 2904 at
1571 2878 1649 2905 non
1676 2867 1841 2912 indita-e,
1868 2865 1971 2915 quod
1997 2876 2101 2902 com-

1223 2922 1336 2958 mode
1366 2922 1429 2958 hic
1454 2920 1581 2958 locum
1607 2931 1687 2956 non
1713 2919 1847 2964 habet,
1876 2921 1923 2955 ut
1948 2918 2102 2966 opinor

1222 2975 1321 3013 Eam
1341 2977 1473 3016 autem
1490 2985 1623 3011 vocem
1641 2973 1681 3009 in
1705 2973 1819 3010 libris
1836 2969 2025 3022 sn'bstitui
2042 2972 2103 3009 al-

1220 3028 1297 3070 teri
1335 3029 1506 3072 inclitus,
1538 3030 1579 3063 et
1610 3026 1706 3063 alibi
1742 3016 2003 3062 observatum.
2049 3020 2098 3062 V.

1221 3081 1422 3121 Drakenb.
1457 3081 1507 3117 ad
1537 3081 1620 3123 Liv.
1651 3082 1693 3125 6,
1725 3084 1788 3122 11.
1822 3082 1887 3116 42.
1932 3077 2101 3130 Inclitus

1209 3136 1333 3184 favor
1349 3137 1416 3171 est‘
1427 3134 1604 3182 insignis,
1617 3132 1752 3181 multis
1768 3130 1885 3168 rebus
1902 3131 2098 3178 cognitus.

1221 3190 1330 3228 ERN.
1359 3190 1406 3225 In
1422 3188 1523 3224 Bud.
1542 3185 1659 3228 dubie
1677 3185 1839 3230 inclitus,
1856 3190 1907 3220 an
1924 3184 2097 3221 inolitus.

1274 3243 1366 3278 A'ou
1396 3242 1479 3278 sine
1506 3245 1613 3276 motu
1637 3236 1822 3286 ‹zosium-it
1850 3237 2094 3287 coeterarum]

1221 3294 1310 3331 Scil
1330 3294 1544 3341 legionum,
1565 3295 1611 3328 ut
1630 3291 1728 3328 bene
1746 3291 1942 3327 Ferretus.
2000 3289 2099 3327 Fru-

1217 3351 1299 3384 stra
1316 3348 1489 3383 Faernus
1517 3346 1728 3382 cohortium
1755 3344 1843 3380 addi
1865 3341 2021 3379 xolebat
2043 3342 2100 3412 (ct

1216 3400 1372 3448 legebat
1392 3397 1549 3448 juna-it)
1582 3411 1603 3434 e
1632 3402 1710 3439 iet.
1740 3397 1822 3435 cod.
1850 3396 1980 3436 nescio
2006 3393 2096 3445 quo.

1218 3455 1325 3491 ERN.

1277 3506 1461 3561 Venusia]
1495 3505 1556 3541 Sic
1584 3504 1744 3541 codices.
1791 3503 1864 3540 Sed
1893 3514 1932 3546 v.
1958 3502 2007 3541 A.
2031 3500 2094 3548 123

1218 3565 1286 3600 40.
1324 3560 1392 3598 ubi
1413 3560 1577 3599 Venutio
1595 3557 1815 3608 praefertur.
