2190 3880
778 120 849 177 C.
868 122 1258 177 CORNELIUS
1289 122 1569 178 TAcrrth

253 247 395 298 Sunt
451 244 554 298 illis
604 244 727 299 haec
781 263 999 316 quoque
1045 245 1307 310 carmina,
1359 263 1591 316 quorum
1650 243 1841 310 relatu,
1901 261 2066 315 quem

253 316 508 369 barritum
565 326 781 381 vocant,
840 317 1147 369 accendunt
1193 317 1437 380 animos,
1493 315 1802 386 futuraeque
1863 332 2067 385 pugnae

253 387 530 442 fortunam
572 387 690 458 ipso
742 398 915 446 cantu,
943 398 1298 457 augurantur.
1342 396 1548 438 terrent
1580 386 1726 439 enim
1769 386 2070 456 trepidant-

253 476 339 522 ve,
391 470 556 528 prout
599 458 783 511 sonuit
834 458 995 509 acies.
1073 457 1192 508 Nec
1242 467 1354 507 tam
1408 455 1556 508 vocis
1594 455 1702 520 ille,
1743 473 1909 526 quam
1961 456 2070 508 vir-

255 528 407 593 tutiS,
453 541 749 582 concentus
789 527 1058 578 videntur.
1132 525 1459 578 Adfectatnr
1497 525 1772 596 praecipue
1809 526 2070 596 asperitas

255 599 375 651 soni
403 610 460 651 et
481 599 712 652 fractum
751 613 1013 658 murmur,
1039 595 1273 664 objectis
1311 596 1379 648 ad
1417 614 1478 648 os
1505 595 1691 660 scutis,
1718 614 1827 666 quo
1862 596 2073 667 plenior

254 682 312 722 et
337 671 555 741 gravior
579 688 686 720 vox
717 684 1030 737 repercussu
1061 665 1405 719 intumescat.
1484 665 1742 719 Ceterum
1768 678 1826 718 et
1848 664 2072 731 Ulixem,

254 741 476 812 quidam
501 740 812 809 opinantur,
839 736 988 806 longo
1015 735 1105 787 illo
1131 735 1437 806 etfabuloso
1474 754 1642 789 errore
1667 736 1723 788 in
1749 736 1881 789 hunc
1909 734 2071 790 Ocea·
2137 775 2139 777 -

254 830 378 864 uum
416 809 656 872 delatum,
688 808 850 860 adisse
886 805 1182 859 Germaniae
1224 817 1403 872 terras,
1428 804 1906 883 Asciburgiumque‚
1939 807 2076 880 quod

252 883 310 935 ‚in
338 882 451 950 ripa
481 879 654 934 Rheni
676 880 830 932 situm
849 876 1094 949 hodieque
1118 877 1378 945 incolitur,
1398 879 1466 931 ab
1504 877 1594 930 illo
1621 878 1948 933 constitutum
1982 895 2074 932 no·

249 133 347 178 352

255 1013 476 1052 Thracibus
491 1009 848 1062 aliisque'barbaris
860 1010 993 1055 fuisse,
1007 1010 1142 1050 notavi

254 1068 305 1103 ad
325 1069 379 1105 A.
401 1073 442 1113 4,
460 1073 528 1107 47.
588 1068 700 1106 Lirs.
746 1067 968 1114 Antiquam
1005 1064 1144 1102 distin-

257 1122 428 1158 ctionem
447 1122 646 1158 revocavit
662 1120 846 1158 Pichena.
898 1119 1008 1158 ERN.

310 1175 524 1212 Bar-ditum
545 1174 698 1225 vocant]
730 1174 793 1211 lta
808 1174 969 1210 Farnes.
985 1174 1027 1208 et
1043 1171 1137 1216 scio,

255 1229 404 1265 Bardos
418 1228 551 1265 Gallos
564 1229 688 1265 dictos
701 1230 880 1264 cantores
894 1226 974 1263 sive
990 1228 1139 1273 poetas.

256 1281 390 1320 Placet
406 1287 542 1319 tamen
560 1293 666 1319 nunc
684 1281 808 1329 magis
831 1280 1000 1317 baritum
1012 1292 1025 1314 .-
1053 1289 1140 1326 qua:

255 1347 365 1373 mera
375 1348 449 1373 vox
464 1342 631 1381 nostras,
643 1334 786 1383 quibus
800 1333 910 1370 heren
921 1335 992 1369 aut
1001 1331 1138 1377 boeren,

252 1390 439 1435 clamare,
463 1400 596 1425 vocem
629 1387 782 1424 tollere.
825 1385 990 1423 Errabit
1020 1384 1141 1430 enim,

254 1444 325 1491 qui
344 1443 394 1479 ab
414 1443 633 1491 elephantis
662 1441 818 1478 barritu
846 1440 1025 1484 deducet,
1044 1439 1143 1475 Ger-

255 1498 385 1534 manis
400 1500 498 1533 tunc
514 1495 655 1543 ignoti.
685 1494 940 1532 Althamerus
960 1493 1143 1529 blaritum

257 1550 391 1595 vellet,
411 1549 645 1586 Germanico
656 1549 752 1585 item
769 1547 904 1584 verbo.
938 1545 1143 1593 Quidquid

256 1606 303 1640 de
324 1603 482 1640 nomine
501 1603 567 1649 sit,
587 1603 821 1640 Ammianus
834 1602 940 1637 hunc
957 1598 1144 1638 describit

258 1661 324 1702 16,
350 1663 397 1693 12
420 1653 523 1707 (30).
539 1658 745 1694 clamorem
760 1656 892 1703 fuisse
908 1654 1142 1697 maximum,

255 1713 327 1761 qui
359 1712 443 1760 ipso
475 1711 634 1759 fervore
679 1709 934 1746 certaminum
967 1707 1143 1744 exoriens

257 1765 481 1810 identidem,
495 1765 784 1814 paullatimque
811 1762 1040 1805 adolescens,
1059 1761 1142 1797 ritu

254 1819 460 1856 extollitur
482 1819 684 1866 fluctuum
721 1816 898 1854 cantibus
930 1815 1140 1851 illisorum.

255 1873 367 1909 121128.
413 1871 627 1909 Bau-ditum
645 1872 765 1907 etiam
786 1870 870 1906 MS.
889 1867 1042 1905 Arund.
1058 1867 1141 1903 cod.

254 1926 385 1973 Kapp.
425 1923 472 1975 (s,
510 1925 571 1962 erl.
606 1923 722 1972 Nor.)
764 1923 896 1960 Ceteri
931 1921 1023 1958 libri
1065 1920 1139 1956 mei

253 1990 390 2016 omnes
416 1979 600 2016 baritum.
657 1979 845 2015 Relatum
868 1979 981 2012 vocat
1013 1976 1142 2023 ipsum

252 2036 430 2079 cantum,
448 2036 494 2069 ut
514 2036 638 2081 poetae
655 2031 796 2081 referre
823 2032 870 2067 de
897 2040 1142 2079 quocumque

252 2097 397 2134 genere
425 2086 615 2123 orationis
639 2086 699 2122 dic
780 2112 789 2122 .
836 2083 945 2122 ERN.
993 2083 1144 2120 Bardi·

253 2147 339 2178 tum
366 2143 406 2177 et
434 2140 534 2177 liber
561 2139 747 2189 Artolphi
775 2151 807 2175 s.
836 2139 907 2174 ed.·
924 2137 1022 2174 Nor.
1045 2137 1140 2173 item

253 2195 313 2231 ed.
332 2195 446 2231 Rom.
486 2193 718 2236 Ammianus
737 2193 928 2230 barritum
945 2194 1013 2236 26,
1033 2196 1072 2229 7.
1100 2194 1140 2227 et

252 2253 322 2292 31,
338 2253 378 2286 7.
414 2251 454 2284 et
473 2248 613 2295 Veget.
634 2252 675 2292 3,
699 2252 761 2283 18.
795 2245 955 2282 habent.
983 2244 1140 2281 Verosi-

252 2301 387 2338 milius
421 2300 542 2337 etiam
579 2300 685 2348 apud
716 2299 902 2336 Tacitum
934 2298 989 2334 sic
1017 2298 1139 2334 fuisse

252 2355 460 2403 scriptum.
491 2356 661 2402 Etymon
678 2354 885 2390 incertum.
904 2352 996 2390 Car.
1014 2351 1139 2387 Gottl.

252 2408 391 2445 Anton
410 2409 514 2445 notis
532 2408 581 2445 ad
598 2418 697 2445 vers.
716 2407 849 2443 Germ.
867 2405 994 2442 Taciti
1013 2403 1139 2440 libelli

253 2463 372 2500 ducat
403 2473 451 2500 ex
478 2461 702 2506 IVar-lied,
726 2460 829 2509 quod
857 2458 949 2495 belli
978 2461 1139 2494 cantum

253 2516 463 2566 significat.
535 2514 763 2552 Perizonius
806 2512 905 2562 legit
954 2511 1139 2557 baritum,

254 2571 382 2620 quasi,
398 2581 422 2605 a
441 2570 541 2615 baer,
556 2569 665 2613 baar,
684 2578 864 2604 ursorum
886 2577 1077 2603 murmur.

310 2624 395 2661 Nec
412 2629 493 2660 tam
513 2634 619 2660 voces
637 2620 735 2669 illos]
768 2620 832 2657 Sic
861 2620 949 2657 MS.
979 2620 1076 2657 Tur.
1102 2621 1143 2655 et

254 2678 337 2714 eod.
359 2678 487 2726 Kapp.
518 2676 603 2713 edd.
635 2674 843 2723 Spirensis,
867 2675 988 2722 Pogg.
1013 2673 1142 2720 Rhag.

253 2733 343 2774 Put.
358 2732 511 2768 Bouon.
526 2729 618 2766 Ber.
631 2729 759 2767 maen.
778 2733 892 2766 1519.
903 2732 944 2764 at
957 2731 1046 2776 post
1062 2727 1144 2762 edi-

254 2785 332 2822 dit:
352 2797 419 2821 nec
436 2791 519 2822 tam
538 2780 723 2822 vocis‘ille
735 2797 747 2818 .·
775 2783 878 2831 quod
897 2792 1031 2818 omnes
1050 2784 1144 2819 ante

252 2839 463 2876 Pichenam
475 2838 559 2874 edd.
575 2840 751 2874 servant:
775 2836 890 2885 idque
905 2835 1124 2884 praeferrem
1129 2861 1142 2881 ,

255 2894 287 2929 si
306 2903 330 2929 a
347 2892 459 2930 libris
480 2892 718 2928 firmaretur.
773 2891 882 2928 ERN.
937 2889 1010 2927 Ed.
1028 2890 1141 2927 Rom.

252 2949 294 2982 et
309 2946 403 2982 Nor.
425 2958 529 2983 voces
547 2945 627 2982 me.
653 2944 802 2981 verum
820 2943 918 2984 mire
936 2942 1139 2980 blanditur

253 2999 370 3035 lectio
404 3001 480 3036 ista
514 2999 696 3039 Rhenani
731 2999 834 3041 vocis
865 2998 946 3042 ille,
978 3008 1063 3045 quae
1098 3000 1140 3033 et

252 3051 422 3090 Heinsio
451 3053 613 3100 placuit,
634 3052 700 3101 qui
716 3055 850 3088 tamen
869 3061 1073 3099 perperam
1092 3050 1141 3086 ad

252 3106 487 3143 vetustiores
506 3107 695 3142 editiones
714 3107 913 3154 provocat,
929 3107 969 3141 et
983 3107 1142 3153 recepta

254 3162 314 3196 est
331 3169 355 3194 a
371 3159 463 3208 Bip.
483 3169 579 3207 quos
599 3170 752 3208 sequor.

310 3213 440 3258 Quam
452 3214 610 3249 virtutis
624 3218 826 3249 concentus
836 3210 1003 3261 videtur]
1021 3211 1142 3248 Bam-

252 3265 362 3315 berg.
379 3267 649 3316 quammentis
668 3271 884 3302 concentus.
910 3266 1013 3313 quod
1032 3265 1136 3302 haud

1195 1019 1280 1051 tum
1305 1011 1421 1058 dixit,
1438 1011 1506 1048 sed
1529 1010 1608 1048 alio
1634 1022 1767 1059 sensu,
1785 1014 1834 1048 ut
1858 1015 2079 1050 concentum

1197 1066 1397 1111 doctrinoe,
1414 1071 1569 1103 natum»
1586 1069 1660 1104 etc.
1683 1065 1802 1104 Ean.
1819 1064 1972 1104 Meritis
1988 1075 2080 1114 pro·

1198 1120 1270 1158 bat
1282 1119 1461 1157 eolerus.

1250 1173 1409 1212 Ulixem
1422 1171 1599 1223 quidam]
1631 1172 1819 1222 Interque
1837 1182 1906 1219 eos¹
1922 1169 2079 1217 Strabo,

1193 1227 1327 1276 magni
1345 1230 1386 1264 et
1406 1226 1543 1263 directi
1567 1225 1708 1273 judicii
1735 1225 1917 1275 scriptor,
1934 1223 2004 1262 lib.
2033 1229 2078 1262 3.
2117 1247 2123 1252 ·

1194 1294 1233 1330 p.
1256 1286 1348 1320 149.
1387 1280 1454 1329 qui
1484 1279 1688 1317 adfirmata
1714 1279 1853 1325 tradit,
1875 1279 2080 1326 Ulyssem

1194 1334 1408 1373 Lusitaniae
1439 1332 1732 1384 (Ulyssiponem
1759 1333 1876 1371 aliter
1897 1329 2080 1381 dicimus)

1196 1389 1400 1426 Homerici
1443 1386 1595 1435 Ulyssis
1639 1389 1940 1435 monumentum
1984 1396 2083 1422 esse.

1196 1442 1273 1481 Sed
1303 1445 1345 1479 et
1373 1441 1416 1479 in
1443 1441 1694 1479 Britanniam
1722 1452 1811 1478 eum
1837 1440 2006 1485 venisse,
2032 1450 2082 1476 ex

1195 1507 1265 1532 ara
1285 1495 1429 1533 Graeeis
1442 1494 1586 1532 litteris
1603 1493 1792 1544 inscripta
1807 1493 1967 1543 collegit
1982 1493 2084 1531 Soli-

1197 1561 1272 1586 nus
1300 1561 1336 1587 c.
1366 1553 1432 1586 25.
1458 1549 1631 1597 itemque
1649 1548 1770 1586 Mela.
1813 1548 1890 1586 Cui
1914 1546 2023 1585 mirae
2039 1550 2083 1584 et

1197 1602 1423 1640 blandiendi
1441 1602 1616 1650 opinioni
1636 1602 1670 1639 si
1686 1601 1950 1657 indulgemus,
1968 1600 2083 1650 quid·

1197 1657 1239 1694 ni
1285 1657 1486 1704 Ulissinga
1525 1658 1661 1692 nostra
1702 1656 1746 1693 in
1789 1654 1996 1700 zelandia,
2029 1653 2081 1690 ab

1198 1711 1332 1748 eodem
1347 1709 1432 1748 sit?
1464 1709 1601 1758 quidni
1621 1707 1975 1747 CirczeaaCirce?
2005 1707 2081 1746 Sed

1197 1765 1289 1802 vani
1308 1769 1349 1800 et
1363 1762 1515 1808 lascivi,
1527 1774 1678 1808 vereor,
1690 1763 1802 1801 lusus
1819 1761 1886 1800 isti
1903 1761 2083 1811 ingenio-

1196 1830 1284 1856 rum
1304 1822 1419 1855 suut:
1442 1815 1585 1866 quibus
1601 1820 1736 1854 tamen
1753 1816 2083 1856 hodienonnemo

1197 1884 1238 1909 se
1268 1874 1443 1908 ostentat
1478 1874 1519 1907 et
1551 1870 1744 1920 superbit.
1798 1871 1864 1908 Jo.
1894 1870 2084 1908 Brodaeus

1197 1926 1277 1964 haec
1293 1926 1341 1963 de
1358 1924 1509 1974 Ulyssis
1527 1936 1658 1962 errore
1685 1924 1726 1962 in
1755 1923 2021 1962 miscellaneis
2036 1928 2083 1970 8.

1198 1986 1237 2018 4.
1281 1981 1377 2017 scite
1409 1979 1612 2028 coarguit:
1659 1977 1965 2024 Brodaens,'vir,
1999 1977 2082 2015 sive

1197 2034 1420 2071 adolescens
1455 2034 1604 2081 potius,
1638 2032 1738 2070 acris
1776 2032 1940 2082 ingenii,
1968 2030 2083 2081 probi

1191 2088 1348 2136 judicii,
1364 2087 1544 2125 lectionis
1569 2086 1734 2134 diffusae,
1751 2097 1868 2136 quem
1893 2097 1972 2123 non
1999 2096 2085 2123 ma·

1194 2143 1255 2190 gis
1284 2143 1323 2181 in
1343 2153 1411 2179 ore
1429 2141 1543 2178 famoe
1570 2140 1816 2187 ess-emitur,
1834 2140 1954 2176 immo
1982 2139 2085 2177 indi-

1194 2208 1307 2245 gnor.
1342 2197 1455 2233 ers.
1511 2195 1607 2232 Mox
1626 2194 1752 2232 adisse
1774 2197 1874 2231 vett.
1888 2193 1975 2230 edd.
2001 2204 2083 2231 non

1195 2250 1351 2287 adiisse.
1396 2250 1505 2287 ERN.
1551 2248 1659 2285 Mela
1675 2247 1778 2285 male
1795 2248 1859 2285 hic
1879 2247 2043 2285 citaturi

1248 2303 1452 2352 Hodieque
1481 2301 1681 2352 incolitur]
1715 2302 1802 2340 MS.
1828 2301 1966 2340 Tui-ie
1994 2301 2083 2348 edd·

1194 2356 1297 2405 Spir.
1331 2355 1484 2393 Puteol.
1515 2355 1643 2403 Rhag.
1682 2354 1804 2393 hodie.
1852 2355 1961 2392 ERN.
2005 2354 2082 2394 Ed.

1192 2407 1307 2446 Rom.
1325 2413 1367 2446 et
1383 2409 1481 2447 Nor.
1499 2410 1594 2445 item
1614 2409 1741 2445 Rhen.
1754 2408 1948 2458 hodieque.
1996 2407 2083 2444 Me·

1193 2462 1311 2499 minit
1329 2462 1562 2510 Asciburgii
1580 2462 1807 2499 Marcianus
1825 2460 2080 2508 Heracleota,

1196 2516 1292 2553 item
1319 2515 1567 2561 Ptolemaeus,
1585 2515 1678 2553 licet
1703 2515 1789 2553 loco
1807 2515 1951 2552 alieno.
1978 2515 2082 2552 Con-

1195 2573 1259 2606 tra
1278 2570 1319 2607 in
1336 2568 1494 2615 Tabula
1519 2569 1670 2607 Theod.
1700 2569 1872 2613 occurrit
1900 2568 1950 2605 ad
1977 2569 2082 2607 Rhe-

1196 2635 1291 2661 num
1323 2623 1429 2660 inter
1460 2622 1676 2660 Novesium
1712 2626 1754 2660 et
1787 2622 1948 2667 Vetera,
1969 2621 2083 2671 eique

1194 2677 1408 2726 respondet
1425 2676 1538 2714 bodie
1560 2677 1666 2714 vicus
1684 2676 1857 2726 Asburg.
1908 2676 1973 2714 Sic
1991 2675 2084 2713 eel-

1195 2731 1334 2776 larius,
1353 2728 1579 2776 D'Anville‚
1596 2730 1681 2770 alii.
1714 2730 1865 2768 Contra
1879 2730 1920 2767 J.
1946 2729 2003 2767 H.
2023 2728 2083 2766 M.

1198 2784 1357 2822 Ernesti
1394 2784 1436 2821 in
1479 2784 1671 2826 hodierno,
1701 2783 1926 2834 Emuberg
1951 2793 2082 2834 *prope

1198 2839 1307 2875 Mors
1325 2838 1471 2875 rectius
1488 2839 1608 2887 quaeri
1627 2840 1823 2875 autumat.

1254 2891 1581 2941 Nominatmmque
1619 2887 1880 2943 o'iemaeiigyur]
1918 2887 2008 2936 Vel,
2034 2889 2083 2930 ut

1193 2945 1425 2989 Rhenanus,
1447 2942 1708 2996 ἀστυπῦριγιον.
1736 2944 1813 2990 ,ειεὶ
1837 2943 1975 2983 abesse
2005 2953 2080 2979 vox

1194 3010 1242 3036 ea
1276 3003 1420 3047 potest,
1456 2997 1642 3036 incolumi
1677 3008 1809 3035 sensu.
1879 2995 2081 3042 l’raecessit

1196 3052 1315 3089 enim.
1369 3051 1423 3089 At
1460 3051 1551 3088 libri
1586 3051 1742 3099 quidam
1777 3050 1903 3099 magis
1931 3049 1996 3086 hic
2021 3048 2079 3085 di-

1196 3107 1314 3154 versi,
1344 3105 1412 3153 qui
1447 3103 1663 3158 ᾄκςινίηωυ
1691 3105 1882 3151 referunt.
1911 3113 1959 3140 ex
1998 3113 2080 3149 ,quo

1197 3161 1328 3207 placet
1353 3159 1585 3207 quibusdam
1612 3156 1845 3214 o’zxgavtigarov,
1872 3167 1897 3192 a
1922 3154 2078 3206 Neruo,

1196 3218 1243 3249 ut
1261 3212 1414 3259 volunt,
1432 3213 1576 3250 Ithacae
1605 3214 1753 3248 monte.
1782 3210 1891 3246 locus
1918 3208 2076 3258 quidem

1192 3266 1255 3303 hie
1284 3267 1381 3314 ipse,
1400 3276 1515 3316 quem
1544 3264 1707 3301 indicari
1737 3266 1937 3312 putamus,
1957 3262 2076 3300 clivo·

252 3320 456 3368 praeferam
475 3318 657 3368 vulgatae.
697 3319 809 3355 Lirs.
851 3319 998 3355 Mentis
1017 3319 1135 3354 etiam
1191 3331 1257 3367 sus
1292 3323 1366 3364 est,
1395 3317 1499 3355 haud
1535 3317 1670 3365 procul
1705 3315 1915 3354 Veteribus
1951 3317 2076 3364 viem,

255 3373 341 3411 MS.
364 3373 519 3411 Arund.
550 3383 635 3421 quae
662 3383 735 3408 vox
764 3382 858 3407 sane
883 3371 1028 3411 bonum
1049 3383 1136 3408 sen·
1189 3372 1434 3419 Aschelburg
1468 3381 1574 3408 nunc
1607 3370 1749 3417 dictus.
1813 3370 1928 3418 ers.
1983 3369 2074 3408 MS.

254 3438 341 3464 sum
361 3427 467 3465 facit.
494 3426 560 3463 sed
588 3429 627 3461 et
645 3426 800 3462 virtutis
817 3430 1019 3461 concentus
1035 3424 1134 3460 bene
1191 3425 1342 3472 Arund.
1392 3423 1651 3472 &arva-zozymi.
1722 3423 1819 3461 eod.
1871 3422 2075 3471 Artolphi,

254 3482 385 3520 habet.
437 3481 572 3520 Etiam
596 3480 732 3516 Cicero
762 3480 950 3515 virtutum
977 3490 1133 3519 concen-
1189 3478 1317 3527 Kapp.
1356 3476 1404 3529 (s,
1440 3478 1501 3516 ed.
1538 3476 1652 3528 Nor.)
1691 3477 1753 3516 ed.
1788 3475 1918 3516 Rhen.
1955 3481 2073 3515 1519.
