2190 3880
318 127 387 174 48
908 123 1549 203 <HISTORIARUM
1875 187 1877 189 ,
2165 79 2190 175 d

179 269 233 311 A.
249 248 697 322 u‚magnitudine
735 267 922 323 opum,
963 251 1207 307 inritum.
1282 252 1500 308 Pisonis
1540 272 1844 327 supremam
1881 258 2132 315 volu-nta-

195 326 286 363 823·
322 332 429 373 tem
472 334 760 394 paupertas
803 323 1055 378 firmavit.
1133 324 1327 379 Galbae
1367 345 1565 399 corpus
1602 327 1696 381 diu
1737 329 2045 401 neglectum
2071 343 2131 386 et

186 375 538 473 &oqlicentia
565 395 909 448 tenebrarum
936 394 1183 465 plurimis
1208 397 1455 450 ludibriis
1484 410 1760 466 vexatum,
1787 402 2130 473 dispensator

230 489 301 543 49
316 463 537 537 Argius,
563 484 594 519 e
620 467 891 537 prioribus
930 468 1114 534 servis,
1143 468 1335 521 humili
1373 470 1649 539 sepultura
1673 471 1728 524 in
1756 472 1982 543 privatis
2007 474 2127 545 ejus

314 535 487 590 hortis
512 539 779 591 contexit.
857 537 1058 608 Caput,
1099 557 1193 610 per
1230 540 1368 592 lixas
1395 542 1719 612 calonesque
1757 543 2016 598 suffixum
2049 545 2126 599 la·
2188 541 2190 547 ’

311 621 680 680 ceratumque,
719 618 846 661 ante
887 608 1136 664 Patrobii
1174 612 1443 664 tumulum
1489 614 1740 680 (libertus
1775 615 1821 667 is
1868 615 2125 682 NeroniS,

307 681 533 750 punitus
573 699 606 733 a
643 681 824 734 Galba
859 679 1061 744 fuerat)
1107 694 1324 753 postera
1356 683 1576 737 demum
1621 684 1710 737 die
1748 697 2023 757 repertum
2066 701 2125 742 et

307 764 548 817 cremato
575 752 697 822 jam
723 753 939 823 corpori
979 754 1287 806 admixtum
1314 767 1416 807 est.
1493 755 1662 809 Hunc
1687 757 1899 811 exitum
1925 758 2124 814 habuit

308 824 425 876 Ser.
454 823 650 888 Galba,
688 825 861 876 tribus
887 835 942 876 et
978 826 1329 897 septuaginta
1371 827 1526 879 annis
1552 827 1792 897 quinque
1835 827 2120 904 Principes

303 912 564 966 prospera
590 894 809 948 fortuna
834 913 1101 961 emensuS‚
1126 910 1182 948 et
1217 897 1393 950 alieno
1421 897 1660 970 Imperio
1687 899 1918 967 felicior,
1952 920 2120 974 quam

305 984 422 1019 suo.
498 966 667 1019 Vetus
717 968 772 1020 in
813 967 1022 1020 familia
1058 968 1337 1033 nobilitas,
1386 987 1603 1041 magnae
1649 989 1815 1042 opes:
1856 973 1960 1043 ipsi
2003 992 2119 1028 me-

302 1038 458 1090 dium
502 1038 803 1109 ingenium,
839 1039 1014 1110 magis
1053 1050 1211 1092 extra
1248 1039 1404 1106 vitia,
1440 1059 1603 1111 quam
1629 1060 1756 1095 cum
1798 1042 2118 1102 virtutibus.
2154 1085 2158 1089 -

303 1108 488 1163 Famae
517 1127 618 1162 nec
644 1110 964 1178 incuriosuS,
991 1128 1092 1163 nec
1121 1111 1447 1165 venditator.
1501 1112 1758 1168 Pecuniae
1785 1113 1976 1170 alienae
2003 1135 2116 1172 non

301 1180 580 1252 adpetenS,
611 1200 723 1234 suae
751 1200 960 1253 parcuS,
988 1182 1224 1254 publicae
1251 1200 1462 1236 avarus,
1534 1183 1856 1239 Amicorum
1887 1187 2113 1242 liberto-⁶

299 1271 548 1324 rumque,
575 1254 668 1306 ubi
698 1253 752 1306 in
782 1254 953 1307 bonos
977 1254 1274 1320 incidisset,
1293 1255 1408 1308 sine
1428 1255 1845 1327 reprehensione
1873 1260 2113 1330 patiens;

301 1325 344 1375 si
372 1325 499 1377 mali
527 1324 725 1389 forent,
750 1343 920 1396 usque
946 1326 1012 1378 ad
1037 1325 1254 1397 culpam
1281 1326 1520 1399 ignarus·
1586 1328 1694 1382 Sed
1718 1328 1933 1383 claritas
1959 1343 2116 1386 nata-

297 1395 431 1448 lium
471 1407 529 1448 et
568 1409 743 1449 metus
784 1408 1091 1468 temporum
1129 1399 1399 1464 obtentui,
1426 1409 1505 1465 ut,
1531 1400 1677 1470 quod
1717 1401 1952 1472 segnitia
1975 1415 2111 1471 erat,

298 1468 565 1539 sapientia
593 1479 894 1521 vocaretur.
934 1466 1083 1521 Dum
1113 1469 1335 1541 vigebat
1361 1481 1513 1535 aetaS‚
1535 1471 1756 1524 militari
1781 1473 1938 1527 laude
1963 1476 2112 1546 apud

299 1539 621 1591 German-ias
673 1540 877 1592 floruit.
953 1539 1285 1594 Proconsule
1335 1539 1580 1595 Africam
1632 1543 1941 1599 moderate:
1985 1547 2108 1617 jam

297 1611 495 1676 senior,
522 1611 830 1664 citeriorem
855 1610 1181 1683 Hispaniam
1210 1612 1325 1684 pari
1339 1611 1559 1684 justitia
1581 1615 1854 1668 continuit
1878 1637 1891 1670 ε
1930 1618 2108 1689 major
2187 1643 2190 1650 ⁴

296 1683 510 1753 privato
537 1683 701 1749 visu5‚
738 1683 867 1736 dum
913 1684 1158 1754 privatus
1195 1685 1319 1752 fuit,
1355 1696 1412 1738 et
1443 1685 1688 1740 omnium
1714 1705 1983 1742 consensu
2015 1709 2108 1744 ca-

295 1772 406 1827 pax
436 1754 680 1825 Imperii,
708 1755 810 1806 nisi
839 1755 1173 1826 imperasset.
1660 1777 1663 1779 ·
2022 1775 2025 1778 ·

365 1824 657 1899 Trepidam
686 1827 893 1893 urbem,
931 1845 996 1879 ac
1033 1827 1191 1881 simul
1219 1827 1562 1881 atrocitatem
1603 1829 1833 1884 recentis
1871 1831 2106 1899 sceleris,

293 1897 453 1950 simul
494 1909 699 1951 veteres
739 1897 976 1952 Othonis
1014 1916 1190 1952 mores
1232 1911 1540 1970 paventem,
1580 1918 1755 1954 novus
1795 1903 2012 1974 insuper
2041 1903 2104 1958 de

298 1969 508 2024 Vitellio
547 1970 768 2022 nuntius
805 1971 1087 2036 exterruit,
1129 1981 1255 2023 ante
1295 1971 1501 2024 caedem
1530 1971 1724 2026 Galbae
1765 1992 2101 2056 suppressae,

292 2054 373 2109 ut,
398 2052 609 2094 tantum
641 2042 930 2113 superioris
959 2041 1270 2096 Germaniae
1308 2044 1607 2096 exercitum
1647 2044 1956 2110 descivisse,
1984 2063 2104 2100 cre-

286 2114 523 2168 deretur.
597 2111 738 2166 Tum
760 2114 898 2180 duos,
924 2114 1147 2168 omnium
1183 2114 1478 2167 mortalium
1513 2114 1836 2186 inpudicitia,
1866 2116 2100 2198 ignavia,

284 2185 496 2238 luxuria
518 2185 824 2251 deterrimo&
850 2185 983 2239 velut
1011 2186 1083 2238 ad
1097 2186 1409 2256 perdendum
1437 2186 1716 2257 Imperium
1722 2186 1975 2261 fataliter
1998 2188 2098 2242 ele·-

283 2266 404 2323 ctos,
431 2277 541 2310 non
571 2259 800 2311 Senatus
827 2258 992 2310 modo
1020 2270 1076 2310 et
1115 2257 1314 2329 EqueS‚
1341 2259 1462 2328 quis
1500 2259 1682 2330 aliqua
1721 2277 1843 2331 pars
1876 2273 1932 2313 et
1968 2274 2100 2315 cura¹

288 2328 632 2402 Reipublicae
670 2330 761 2383 sed
801 2330 995 2402 vulgus
1036 2348 1254 2401 quoque
1293 2331 1469 2402 palam
1499 2349 1749 2384 moerere.
1823 2331 1942 2386 Nec
1973 2332 2098 2404 jam

210 1840 281 1889 50

1214 2465 1377 2510 dicator,
1409 2464 1511 2514 quod
1540 2463 1671 2503 forsan
1701 2475 1779 2503 non
1815 2466 2096 2515 spernendum,

337 2465 586 2515 Emmaus
609 2463 744 2516 mnis]
777 2466 839 2504 Sic
856 2446 990 2503 omn'es
1018 2476 1090 2502 scr.
1119 2467 1161 2501 et

1213 2520 1287 2556 etsi
1306 2518 1423 2568 vulgo
1440 2530 1520 2557 non
1536 2522 1727 2557 occurrat.

280 2519 368 2558 odd.
390 2524 509 2566 recte,
536 2523 585 2556 ut
607 2519 770 2569 opinor:
800 2531 872 2558 nec
895 2531 983 2558 cum
1009 2521 1161 2558 Faerno

279 2579 323 2612 et
351 2574 511 2613 savillio
535 2574 808 2623 corrigendum
833 2575 1067 2625 primoribus
1101 2572 1164 2624 (ut

280 2631 331 2667 A.
351 2635 391 2675 4,
416 2625 497 2679 10.)
518 2629 628 2667 Servi
647 2637 739 2666 sane
757 2630 945 2680 primores
964 2629 1163 2678 dispensa·

278 2688 408 2722 tores:
437 2683 506 2721 sed
523 2686 610 2721 tum
629 2694 707 2720 non
726 2684 894 2733 amplius
913 2693 1047 2722 servus
1075 2686 1161 2720 erat

279 2739 441 2789 Argius,
473 2749 609 2775 verum
636 2737 819 2785 libertus,
850 2741 895 2777 ut
926 2737 1159 2776 Plutarchus

280 2799 345 2831 28.
373 2797 514 2839 vocat3
544 2793 619 2830 nisi
638 2793 850 2843 improprie
868 2802 1022 2831 servum
1047 2803 1161 2830 voca-

279 2848 349 2886 vit.
376 2847 555 2885 Vidimus
574 2858 668 2884 sane
687 2848 848 2885 servitia
865 2848 984 2886 etiam
996 2846 1159 2884 libertos

275 2903 421 2946 vocari,
457 2901 525 2938 sed
551 2902 799 2939 contumeliae
822 2912 974 2948 caussas
1005 2913 1084 2939 non
1115 2900 1159 2938 in

276 2958 503 2993 narratione
521 2955 719 2994 historica.
757 2957 914 2994 Priores
929 2957 1162 3004 manunt,

274 3012 342 3061 qui
362 3014 456 3047 ante
475 3010 690 3058 Imperium
709 3010 832 3047 fuere.
859 3012 967 3048 Erm-

333 3066 461 3114 θαμά
472 3076 544 3113 per
568 3063 690 3114 lavas]
723 3066 795 3102 Ed.
826 3076 890 3115 pr.
912 3070 1030 3116 caput
1056 3063 1154 3112 eju-⁹,

274 3120 531 3168 additumque
561 3121 622 3154 est
650 3119 735 3167 qim
763 3120 802 3156 in
827 3119 958 3156 Guelf.
985 3129 1010 3155 a
1036 3128 1157 3155 manu

274 3183 351 3212 sec.
390 3172 495 3223 (Non
525 3172 643 3209 habet
670 3172 789 3224 Bud.)
822 3174 989 3211 Videtur
1012 3173 1159 3220 repeti·

273 3236 361 3268 tum
391 3239 412 3263 e
443 3225 661 3277 prioribus:
701 3227 776 3263 nisi
803 3229 904 3266 forte
936 3227 1045 3277 prius
1070 3226 1154 3276 ejus

274 3283 407 3336 potius
425 3282 642 3319 delendum.
671 3281 779 3319 ERN.
1119 3323 1123 3325 .

328 3338 509 3375 Libertus
524 3337 559 3372 is
577 3334 688 3385 Ner.]
709 3336 764 3373 Bt
775 3336 879 3373 inter
897 3335 1071 3372 odiorum
1087 3346 1154 3372 no-

271 3394 392 3431 mim.
419 3391 481 3428 Cf·
503 3390 558 3428 Hi
577 3396 618 3434 2,
639 3394 704 3429 95-

330 3444 469 3485 mm
498 3451 536 3483 ee
569 3451 663 3493 sept.
700 3441 827 3495 annas]
866 3442 1002 3481 Paullo
1035 3440 1153 3480 aliter

270 3502 350 3541 Dio
369 3504 436 3546 643
457 3502 495 3536 62
525 3499 585 3537 cf.
605 3497 789 3547 Ryekius.

330 3552 575 3605 Venditator]
598 3553 700 3591 Bud.
724 3553 941 3591 mendicam
959 3551 1041 3590 i.-e.
1069 3551 1151 3590 vin-

1268 2574 1338 2611 Ad
1355 2574 1511 2623 culpam
1537 2572 1719 2624 ignarus]
1742 2572 1884 2611 Heius.
1912 2574 2097 2624 ignavus.

1217 2627 1290 2666 Sed
1308 2627 1410 2664 male
1428 2628 1476 2665 ad
1495 2628 1673 2677 Lipsium
1691 2632 1888 2677 provocat.

1267 2681 1400 2721 Mem-s
1417 2687 1626 2732 temporum
1644 2681 1827 2733 obtentui]
1849 2682 1888 2719 A
1900 2682 2095 2720 Rhenum

1215 2739 1276 2772 est
1313 2735 1351 2787 (e
1386 2735 1522 2787 num).
1567 2736 1677 2775 Libri
1712 2736 1865 2786 scripti,
1901 2737 2092 2774 obtinuit.-

1214 2791 1316 2838 quod
1351 2792 1483 2829 verius
1518 2791 1581 2828 hic
1619 2794 1729 2839 puto.
1773 2791 1886 2829 ers.
1939 2790 2015 2828 Sed
2050 2793 2094 2827 et

1213 2845 1316 2882 Flor.
1336 2851 1376 2883 et
1393 2845 1489 2896 A'gr.
1516 2847 1697 2883 obtentui.
1729 2843 1807 2895 (sic
1833 2848 1875 2882 et
1891 2844 1943 2881 A.
1968 2849 2005 2889 1,
2028 2845 2093 2882 10.

1213 2900 1269 2937 H.
1289 2905 1328 2945 2,
1353 2897 1430 2951 14.)
1463 2899 1595 2938 Guelf.
1615 2900 1700 2937 edd.
1730 2901 1823 2936 ante
1849 2898 1975 2936 Rhen.
1993 2898 2092 2936 obti-

1210 2955 1297 2991 nuit
1311 2968 1323 2990 .·
1351 2955 1454 3004 quod
1472 2956 1504 2993 si
1522 2956 1794 2999 verumesset,
1822 2952 2091 3001 requireretur

1209 3010 1387 3046 claritate
1415 3014 1456 3048 et
1483 3015 1599 3048 metu.
1630 3007 1729 3045 Mox<
1747 3018 1796 3045 ex
1818 3007 1952 3044 eodem
1980 3006 2087 3045 Flor.

1209 3073 1297 3099 cum
1317 3065 1439 3102 Gron.
1466 3063 1554 3101 dedi
1572 3062 1813 3100 proconsule.
1842 3061 1950 3099 ERN.
2009 3059 2090 3113 (Sic

1211 3121 1251 3153 et
1268 3118 1369 3155 Bud.

1270 3116 1386 3210 Velni
1415 3171 1470 3208 ael
1491 3169 1726 3220 perdendum
1756 3166 1985 3219 Imperium]
2023 3167 2088 3206 Ita

1208 3224 1298 3262 libri
1344 3226 1538 3273 flagitant,
1585 3225 1642 3261 ita
1676 3221 1886 3260 sententia.
1937 3222 2089 3260 Beatus

1206 3285 1361 3316 tamen:
1391 3291 1475 3324 nos,
1502 3279 1647 3326 inquit,
1679 3278 1733 3315 ad
1754 3275 2017 3326 partiendum,
2046 3287 2089 3312 e-

1206 3333 1474 3371 mendavimus
1497 3332 1594 3383 (scil.
1615 3343 1637 3368 e
1654 3330 1789 3380 Bud.).
1819 3331 1930 3368 ers.
1957 3329 2088 3368 Hein-

1207 3388 1287 3425 sius
1307 3387 1461 3424 volebat
1478 3394 1620 3424 evectos
1637 3387 1686 3423 ad
1703 3384 1840 3422 Vellei.
1858 3389 1899 3431 2,
1923 3390 1985 3422 12.
2004 3391 2086 3422 non

1206 3443 1310 3479 enim
1329 3443 1470 3479 electos
1497 3452 1523 3477 a
1545 3441 1691 3479 Senatu
1709 3438 1934 3487 populoque
1951 3439 2087 3478 fuisse·

1205 3495 1296 3535 Non
1313 3507 1407 3534 sane
1426 3496 1476 3534 ab
1497 3496 1573 3544 his,
1593 3496 1659 3533 sed
1676 3506 1700 3532 a
1718 3495 1812 3533 fato.
1839 3491 1950 3535 ERN.
