2190 3880
635 81 721 129 LI
738 81 798 129 B.
832 81 874 129 Ι.
931 82 1032 134 CA
1046 82 1101 131 P.
1135 84 1215 128 64.
1774 89 1840 135 59

54 207 333 273 exterruit,
358 206 526 277 raptis
550 218 768 276 repente
793 206 954 260 armis
980 205 1044 258 ad
1072 204 1275 259 caedem
1305 204 1543 258 innoxiae
1566 207 1800 261 civitatis
1823 223 1900 262 2A.
1917 223 1971 264 U.

54 281 261 338 non‘ob
287 279 524 349 praedam
551 290 645 330 aut
668 277 931 348 spoliandi
957 277 1228 347 cupidine,
1266 277 1357 329 sed
1391 275 1568 328 furore
1605 288 1661 329 et
1691 280 1838 331 rabie
1865 281 1955 317 823·

54 363 116 410 et.
158 351 384 414 caussis,
408 349 642 414 incertiS,
682 367 853 419 eoque
897 348 1290 402 difficilioribus
1330 347 1610 414 remediis3
1647 332 1966 429 donec,A7·0C·

55 422 304 492 precibus
338 419 510 475 Ducis
546 419 802 491 mitigati,
840 420 909 472 ab
934 418 1151 473 excidio
1185 419 1429 471 civitatis·
1459 434 1863 489 temperavere.‘
1932 414 1941 423 ’

56 511 198 547 caesa
221 503 400 547 ,tamen
427 492 492 544 ad
519 503 749 562 quatuor
772 491 940 544 millia
964 491 1264 543 hominum.
1328 489 1488 560 Isque
1515 500 1682 542 terror
1711 490 1841 544 Gal-

55 563 154 616 lias
183 563 395 626 invasit,
422 573 481 615 ut
505 562 736 615 venienti
766 579 895 616 mox
918 562 1124 632 agmini
1157 561 1416 613 universae
1442 561 1689 614 civitates
1715 580 1839 614 cum

17 664 33 683 .
57 634 475 706 Magistratibus
503 644 557 685 et
577 634 823 704 precibus
850 644 1207 698 occurrerent,
1234 633 1413 685 stratis
1449 650 1545 703 per
1573 633 1683 684 vias
1710 649 1841 704 pue·-

57 706 130 760 ris
168 705 517 776 feminis-qum
553 722 782 774 quaeque
819 704 923 756 alia
955 704 1292 775 placamenta
1330 704 1541 756 hostilis
1580 705 1693 768 irae‚
1729 721 1839 756 non

57 776 273 848 quidem
310 777 366 828 in
411 775 564 840 bello,
602 775 693 828 sed
729 794 825 847 pro
858 778 1004 847 pace,
1033 775 1405 828 tendebantur.
1478 774 1745 826 Nuntium
1773 775 1838 827 de
1853 784 1921 835 64

57 842 206 917 caede
233 846 424 900 Galbae
451 858 506 899 et
535 845 770 918 Imperio
798 847 1052 911 Othonis,
1080 847 1279 899 Fabius
1305 847 1499 899 Valens
1537 847 1590 898 in
1618 845 1839 899 civitate

60 919 360 972 Leucorum
397 918 624 989 accepit.
698 919 816 971 Nec
839 918 1071 970 militum
1112 918 1320 970 animus
1355 919 1410 970 in
1451 917 1709 988 gaudium
1745 931 1839 971 aut

43 989 400 1043 formidinem
437 1000 739 1070 permotus:
779 989 976 1042 bellum
1017 989 1284 1046 volvebat.
1357 988 1527 1041 Gallis
1564 990 1839 1042 cunctatio

52 1071 330 1132 exempta,
355 1072 410 1112 et
437 1078 492 1113 m
521 1059 790 1113 Othonem
816 1080 880 1114 ac
907 1059 1184 1113 Vitellium
1211 1059 1394 1112 odium
1433 1078 1547 1131 par,
1574 1077 1642 1113 ex
1670 1061 1714 1113 V
1722 1061 1837 1112 itel-

55 1132 132 1186 lio
167 1145 223 1187 et
259 1143 451 1185 metus,
526 1131 785 1184 Proxima
821 1132 1344 1202 Lingonum'civitas
1381 1143 1512 1194 erat,
1539 1131 1646 1184 fida
1676 1133 1838 1202 parti-

46 1204 177 1256 buS.
217 1203 449 1274 benigne
473 1203 708 1274 excepti,
733 1204 997 1255 modestia
1020 1214 1322 1269 certavere3
1360 1202 1449 1255 sed
1492 1203 1663 1255 brevis
1700 1203 1838 1255 iaeti-

59 1276 136 1328 tia
177 1274 300 1340 fuit,
335 1272 639 1328 cohortium
678 1274 1012 1345 intemperie,
1037 1292 1187 1344 quaS,
1213 1293 1246 1325 a
1270 1273 1482 1344 legione
1506 1275 1839 1345 quartadeci-

58 1364 168 1411 ma,
195 1357 254 1399 ut
281 1364 442 1425 supra
462 1345 895 1410 memoravimuS,
920 1346 1202 1416 digressaS,
1229 1345 1490 1398 exercitui
1520 1364 1614 1397 suo
1645 1345 1839 1397 Fabius

59 1418 254 1471 Valens
279 1417 617 1487 adjunxerat.
689 1415 882 1487 Jurgia
909 1417 1136 1488 primum
1159 1438 1170 1470 :
1211 1435 1340 1470 mox
1368 1417 1486 1469 rixa
1512 1418 1650 1470 inter
1677 1416 1840 1469 Bata-

113 1551 255 1600 Raptis
286 1555 436 1600 repente
470 1547 606 1600 amis]
656 1548 758 1586 Flor.
791 1549 924 1596 habet,

57 1606 239 1655 aptisve,
255 1605 369 1651 forte,
385 1605 592 1654 raptisque.
612 1614 807 1642 ricunNA.
835 1605 926 1641 Non

59 1659 123 1696 hic
155 1659 263 1695 loeus
295 1662 357 1696 est.
388 1658 616 1707 copulativae
631 1669 640 1679 ·
681 1658 762 1703 sed,
785 1659 816 1694 si
846 1669 925 1695 non

59 1713 216 1750 omnino
244 1713 444 1750 incassum
489 1717 582 1750 sunt
610 1712 810 1749 inculcatae
837 1712 924 1748 lite-

60 1779 128 1812 τε,
147 1767 384 1815 significant:
413 1767 538 1814 raptis
555 1765 758 1815 derepente.
785 1767 921 1804 GnoN.

60 1822 161 1860 Bud.
176 1821 301 1870 raptis
315 1826 474 1870 repente.
518 1819 580 1856 Sic
596 1822 635 1857 et
653 1821 748 1868 Agr.

110 1876 213 1915 ,Cum
226 1874 530 1923 Magistratilme
546 1880 582 1910 et
603 1873 794 1924 precibus]
827 1874 923 1911 Haec

60 1929 180 1968 verba
195 1928 339 1965 absunt
363 1939 389 1964 a
406 1927 492 1966 MS.
509 1927 638 1972 Guelf.
657 1928 769 1965 male.
791 1928 883 1978 (non
901 1940 926 1964 a

59 1981 179 2032 Bud.)
209 1983 340 2019 Etiam
353 1981 448 2019 alibi
465 1982 719 2030 Magistratus
737 1986 778 2018 et
795 1983 926 2020 Sacer-

61 2037 169 2074 dotes
203 2037 414 2074 occurrisse
447 2036 551 2073 hosti
584 2036 807 2074 traduntur.
862 2037 923 2073 Et

56 2091 230 2140 precibus
259 2090 332 2127 etsi
357 2090 515 2126 tolerari
534 2101 645 2138 posse
672 2093 713 2126 et
740 2091 924 2139 explicari

61 2146 155 2190 scio,
172 2148 304 2182 tamen
320 2144 416 2181 mihi
443 2149 621 2193 suspecta
639 2147 745 2190 sunt,
764 2149 804 2181 et
823 2156 844 2180 e
862 2157 926 2181 su-

62 2198 279 2247 perioribus
296 2199 372 2237 huc
399 2198 500 2235 forte
516 2202 654 2235 tracta.
705 2199 806 2235 Nam
831 2210 923 2248 sup-

60 2253 179 2302 plicia
195 2253 237 2298 in
264 2252 515 2301 sequentibus
538 2252 687 2297 insunt,
702 2264 773 2289 nec
800 2253 924 2289 solent

52 2308 104 2351 vin
121 2307 193 2344 hac
210 2318 252 2344 re
274 2307 590 2347 commemorari:
617 2306 692 2343 nisi
710 2302 818 2344 aliud
831 2308 924 2356 quid

60 2363 105 2399 vin
124 2360 298 2399 iis'latet.
325 2361 432 2398 Ean.

114 2415 255 2452 Pueris
270 2412 520 2465 seminisque]
560 2413 666 2456 mor.
696 2414 794 2468 Agr.
822 2413 922 2452 Bud.

52 2467 215 2517 seminis
225 2470 439 2519 puerisque.

117 2523 367 2570 placamenta
384 2521 470 2571 iroe]
504 2522 532 2558 i.
550 2532 585 2559 e.
600 2522 737 2562 infulae
756 2525 796 2559 et
821 2522 925 2565 vela-

63 2580 198 2613 menta
213 2587 248 2614 c.
267 2579 334 2616 66.
366 2573 475 2613 Adde
494 2575 577 2621 Cic.
594 2576 704 2622 Verr.
720 2582 762 2622 4,
779 2576 925 2614 50.ubi

65 2630 202 2676 injicloe
227 2635 267 2670 et
292 2629 466 2674 verbena».
492 2629 605 2667 Ovid.
621 2630 671 2667 A.
699 2630 749 2668 A.
767 2635 808 2676 Ω,
832 2635 926 2668 401.

63 2684 173 2720 m'tcoe
189 2688 226 2720 et
244 2684 358 2720 lauri.
383 2682 570 2726 Verbenae
586 2695 617 2721 ε.
634 2684 733 2721 lauri
754 2688 847 2721 sunt
862 2696 927 2721 ve-

65 2736 248 2774 lamenta.
302 2736 376 2774 Sed
403 2737 487 2775 MS.
515 2737 612 2785 Agr.
634 2738 696 2775 ed.
726 2749 787 2786 pr.
804 2740 929 2776 tende-

65 2791 155 2828 bant
171 2805 183 2826 .·
223 2790 324 2839 quod
354 2801 433 2828 non
459 2790 651 2838 spernam.
705 2791 753 2828 In
778 2793 930 2839 passivo

65 2845 165 2882 forte
199 2845 359 2882 dixisset
383 2845 588 2882 tonduntur
601 2859 613 2881 .·
640 2849 687 2890 ut
716 2856 834 2894 supra
858 2858 929 2894 pro

65 2899 307 2940 sectabantur
324 2894 471 2935 editum
488 2905 682 2936 sectantur
699 2899 726 2935 i.
743 2908 779 2935 e.
791 2902 930 2936 sectari

65 2953 196 2990 solent.
239 2953 346 2992 ERN.
387 2951 500 2998 Bud„
522 2952 779 3002 tendebantur.
815 2953 926 3003 Aeid.

67 3006 238 3047 malebat
252 3006 510 3047 tentabantur.
560 3003 564 3006 ’

120 3061 211 3101 Non
227 3060 377 3109 quidem
392 3061 434 3097 in
451 3059 561 3110 bello]
592 3061 719 3106 Locus
730 3059 931 3107 obscurus,

57 3115 134 3155 >sed
158 3114 314 3154 illustro
342 3114 390 3163 (si
408 3118 539 3159 tamen
567 3112 772 3163 sincerus).
804 3114 930 3152 Erant

57 3179 198 3215 >preces
228 3169 268 3204 et
293 3166 499 3224 supplicia,
515 3172 564 3216 ut
591 3169 631 3205 in
651 3168 773 3205 bello:
804 3181 928 3217 neque

56 3222 214 3259 *bellum
231 3225 330 3267 erat,
359 3221 424 3265 sed
442 3225 573 3270 tamen
601 3222 793 3262 timebant
811 3223 930 3267 hosti-

68 3274 138 3320 lia,
164 3279 205 3312 et
231 3287 362 3324 pacem
381 3274 436 3311 sic
460 3275 637 3328 orabant.
661 3277 775 3323 Lxrs.
819 3278 928 3314 Adde

66 3330 195 3366 Graev.
212 3341 273 3377 ep.
293 3329 342 3366 ad
358 3329 496 3366 Heius.
512 3329 561 3367 T.
575 3335 615 3367 4.
633 3330 719 3367 con.
735 3330 871 3369 Burm.
891 3343 929 3379 p.

75 3387 164 3422 175.
190 3386 230 3419 et
246 3383 384 3420 Heius.
400 3382 495 3419 ibid.
516 3395 554 3430 p.
577 3388 664 3424 187.
692 3385 802 3422 ERN.

110 3437 207 3473 ..Nec
223 3438 392 3474 militum
408 3436 561 3473 animus
588 3436 674 3487 eta]
704 3438 834 3473 Primo
840 3437 928 3485 sor-

66 3491 213 3531 midine
229 3490 287 3528 cd.
305 3501 363 3539 pr.
393 3491 440 3529 In
459 3490 544 3528 edd.
562 3491 843 3530 Gronoviorum
862 3503 929 3544 no-

977 1549 1063 1586 tula
1090 1549 1162 1586 sub
1189 1550 1343 1586 nomine
1368 1550 1563 1594 Rhenani,
1592 1551 1751 1587 eandem
1784 1550 1840 1586 le-

978 1606 1145 1641 ctionem
1178 1603 1362 1641 attribuit
1405 1605 1487 1642 MS.
1526 1604 1712 1641 Budensi.
1767 1605 1840 1642 Sed

976 1669 1024 1694 ea
1038 1670 1116 1695 non
1135 1663 1195 1695 est
1222 1659 1416 1703 Rhenani,
1439 1657 1674 1704 sed'Ursini,
1694 1662 1740 1696 ut
1757 1660 1840 1706 opi-

977 1723 1060 1748 nor.
1093 1713 1191 1749 Eam
1207 1712 1412 1749 lectionem
1437 1712 1638 1748 defendere
1656 1713 1746 1749 licet
1764 1714 1842 1750 Ta-

977 1766 1045 1803 citi
1074 1767 1202 1803 studio
1233 1766 1424 1803 variandae
1451 1767 1651 1803 orationis.
1707 1768 1754 1804 In
1780 1769 1842 1804 ed.

977 1832 1036 1868 pr.
1069 1822 1186 1857 etiam
1220 1821 1262 1857 in
1291 1821 1455 1869 gaudio,
1499 1821 1650 1857 vitiose.
1703 1821 1841 1868 opera·

976 1875 1213 1912 conformare
1226 1875 1323 1911 hanc
1337 1885 1466 1911 vocem
1479 1874 1656 1922 sequenti
1672 1875 1842 1912 voluere.

977 1929 1129 1966 Deinde
1146 1929 1320 1978 Graevius
1339 1929 1451 1977 epist.
1467 1929 1515 1965 ad
1532 1929 1672 1966 Heius.
1689 1930 1717 1965 l.
1739 1940 1772 1966 c.
1800 1941 1841 1977 p.

982 1987 1072 2020 158.
1117 1982 1357 2030 corrigebat:
1402 1989 1612 2031 permotus.
1683 1983 1841 2020 Bellum

975 2037 1158 2074 volebant.
1212 2037 1401 2073 Heinsius
1429 2040 1560 2072 autem
1586 2049 1624 2085 p.
1657 2040 1746 2074 163.
1774 2038 1840 2073 de-

976 2091 1101 2127 fendit
1127 2090 1328 2138 vulgatum
1358 2102 1406 2127 ex
1434 2091 1484 2128 A.
1512 2096 1552 2135 3,
1570 2096 1635 2127 38.
1680 2091 1780 2128 Add.
1798 2102 1841 2139 p.

977 2150 1071 2184 494.
1101 2143 1171 2181 ubi
1196 2145 1484 2181 distinctionem
1513 2143 1655 2181 Graevii
1682 2144 1838 2192 probat,

973 2210 1055 2237 non
1070 2198 1344 2236 correctionem
1360 2198 1483 2236 verbi.
1523 2200 1611 2247 Ipse
1630 2197 1718 2234 dein
1735 2200 1842 2236 Grae-

976 2253 1064 2289 vius
1095 2254 1271 2290 concedit
1313 2254 1359 2290 de
1404 2252 1537 2298 verbo,
1573 2255 1760 2298 ceterum,
1795 2257 1841 2293 ut

976 2307 1144 2345 Heinsio
1170 2306 1363 2356 placebat,
1389 2307 1581 2344 volvebant
1610 2306 1838 2354 legendum:

978 2361 1080 2410 quod
1097 2361 1193 2397 mihi
1219 2373 1371 2410 quoque
1394 2362 1559 2397 videtur.
1613 2361 1843 2398 Distinctio-

978 2426 1066 2465 nem
1083 2415 1236 2464 quidem
1264 2416 1407 2452 Graevii
1438 2416 1608 2464 recipere
1626 2426 1704 2451 non
1731 2415 1844 2452 dubi-

976 2470 1071 2507 tavi.
1124 2469 1275 2506 Vitium
1292 2474 1421 2507 ortum
1447 2473 1506 2506 est
1533 2481 1580 2506 ex
1599 2480 1658 2514 eo,
1677 2469 1780 2517 quod
1795 2469 1844 2506 li-

976 2522 1097 2565 brarii
1110 2531 1304 2572 permotus
1320 2536 1390 2573 pro
1407 2523 1613 2573 participio
1631 2522 1843 2568 habebant,

978 2578 1079 2626 quod
1109 2588 1134 2613 a
1162 2579 1328 2615 volvebat
1355 2578 1554 2626 penderet.
1590 2578 1695 2614 ERN.
1727 2577 1842 2617 Quod

979 2632 1025 2667 de
1043 2631 1126 2667 cod.
1146 2631 1247 2668 Bud.
1278 2636 1318 2668 et
1334 2636 1428 2668 nota
1452 2631 1631 2668 Rhenani
1652 2629 1841 2675 adfertur,

979 2687 1137 2722 omnino
1155 2685 1210 2720 sic
1239 2697 1279 2722 se
1296 2685 1440 2730 habet3
1470 2696 1540 2720 nec
1558 2685 1634 2720 ista
1651 2683 1699 2719 ad
1727 2684 1839 2721 Ursi·

982 2750 1077 2787 num
1096 2742 1258 2786 spectat.
1287 2738 1389 2779 Dein
1402 2739 1503 2776 Bud.
1520 2738 1698 2774 volvebat.

1041 2792 1091 2829 Ut
1107 2804 1226 2840 supra
1241 2791 1545 2840 memoravivms]
1577 2802 1610 2828 c.
1629 2795 1694 2830 59.

1035 2846 1184 2893 Jurgz‘a
1197 2846 1384 2896 primum]
1420 2847 1565 2894 Jargio
1585 2857 1605 2880 e
1620 2844 1844 2892 conjectura

983 2898 1102 2949 edidit
1135 2899 1312 2949 Freinsh.
1352 2900 1414 2951 (ut
1447 2901 1501 2938 H.
1537 2905 1576 2944 2,
1609 2897 1692 2948 27.)
1728 2911 1843 2947 quem

979 2953 1165 3002 Gronoyii
1184 2955 1306 3001 secuti
1324 2958 1431 3001 sunt.
1460 2952 1660 3002 scihquod
1671 2965 1844 2990 exarsere

982 3018 1062 3044 non
1078 3008 1257 3057 convenit
1269 3008 1411 3055 jurgiis
1430 3015 1470 3044 et
1494 3009 1600 3054 rixae,
1620 3007 1686 3043 sed
1709 3007 1844 3043 cohor-

981 3061 1102 3099 tibus.
1156 3062 1228 3099 Sed
1260 3063 1427 3115 Ryckius
1455 3058 1601 3111 jurgia
1635 3062 1844 3108 revocavit,

982 3115 1081 3162 quod
1110 3126 1241 3152 omnes
1276 3128 1347 3152 scr.
1379 3115 1513 3166 (etiam
1538 3111 1657 3164 Eud.)
1686 3119 1727 3150 et
1757 3115 1843 3153 edd.

981 3169 1139 3217 habent.
1194 3170 1328 3220 Neque
1366 3181 1463 3221 opus
1503 3175 1562 3206 est
1593 3169 1844 3214 correctione,

980 3223 1093 3259 modo
1107 3223 1160 3272 sic
1179 3219 1478 3277 interpungatur
1490 3223 1610 3274 locus,
1629 3226 1675 3259 ut
1693 3234 1716 3258 a
1733 3222 1843 3259 nobis

981 3277 1128 3315 factum
1145 3282 1218 3315 cst.
1274 3279 1450 3317 Primum
1467 3278 1609 3326 jurgia
1638 3287 1690 3313 sc.
1717 3279 1843 3320 erant,

982 3331 1078 3367 nihil
1095 3332 1260 3380 amplius
1276 3346 1285 3366 :
1315 3330 1379 3368 se'd
1399 3327 1445 3367 ea
1461 3342 1633 3381 exarsere
1652 3330 1692 3366 in
1707 3330 1844 3373 rixam,

981 3396 1057 3432 qua
1076 3386 1133 3433 ita
1153 3380 1293 3434 irritati
1313 3378 1406 3436 sunt
1423 3385 1557 3429 animi,
1577 3389 1623 3421 ut
1638 3395 1701 3428 res
1718 3383 1765 3418 ad
1784 3394 1845 3418 ar-

981 3449 1044 3474 ma.
1058 3443 1097 3475 et
1109 3439 1184 3475 vim
1199 3433 1401 3487 spectaret.
1417 3441 1538 3476 Locus
1555 3437 1689 3474 similis
1707 3440 1764 3471 est
1780 3447 1845 3483 ap.

982 3493 1065 3544 μιν.
1089 3498 1151 3540 10,
1172 3500 1234 3531 23.
1254 3495 1373 3531 brevis
1391 3495 1589 3531 <therentio
1609 3495 1683 3528 etc.
1712 3489 1836 3545 Eryx.
