2190 3880
331 371 426 536 C.
492 448 1087 537 CORNELII
1145 371 1551 537 TAciTI

112 581 1755 752 ggHISTORIARUM,

528 820 834 934 LI—BER
892 823 1352 885 TERTIUS.
1789 815 1792 818 ’

616 1075 1065 1150 ΒΒΕἯΑΒΙΠΜ,
1087 1077 1297 1130 LIBRI.

35 1183 152 1245 Cap.
178 1187 219 1230 1.
244 1180 482 1228 Flavianis
502 1179 559 1226 de
579 1181 761 1225 ratione
782 1178 890 1224 belli
911 1179 1267 1226 deliberantibus
1287 1192 1466 1226 moram
1487 1181 1587 1234 alii,
1641 1187 1692 1231 2.
1701 1181 1847 1246 festi..

97 1250 332 1294 nationem
354 1247 584 1292 Antonius
599 1246 781 1306 primus
801 1244 966 1289 suadet
1016 1248 1064 1291 3.
1088 1249 1135 1288 et
1152 1245 1338 1290 obtinet.
1379 1250 1423 1292 4.
1455 1245 1679 1293 Proxima
1704 1250 1843 1299 Corn.

100 1313 235 1359 Fusci
272 1312 543 1358 auctoritas.
612 1314 659 1355 5.
686 1309 926 1368 Principes
949 1308 1276 1372 Sarmatarum
1297 1309 1529 1370 Jazygum
1552 1313 1600 1357 in
1621 1317 1846 1361 commili-
1883 1318 1897 1327 '¹

99 1379 216 1424 tium
236 1378 420 1423 adsciti.
473 1374 593 1420 Sido.
608 1374 871 1425 etltalicus
889 1373 1143 1419 Suevorum
1166 1373 1313 1433 Reges
1337 1377 1487 1420 tracti
1510 1377 1557 1420 in
1572 1384 1748 1437 partes.
1794 1385 1843 1427 6.

95 1446 144 1494 7.
166 1439 393 1493 Antonio.
427 1440 623 1486 Italiam
658 1439 929 1492 invadenti,
952 1452 1095 1483 comes
1132 1443 1201 1484 est
1221 1439 1393 1484 Arrius
1421 1440 1582 1489 Varus,
1658 1444 1842 1490 Multas

93 1507 228 1554 urbes
247 1510 486 1566 occupant.
544 1509 598 1551 -8,
629 1504 806 1549 Verona
815 1503 883 1565 fit
906 1503 1013 1548 belli
1043 1505 1181 1550 sedes.
1249 1503 1413 1550 Moras
1419 1504 1614 1565 frustra
1636 1513 1723 1553 aut
1741 1523 1841 1555 sero

91 1576 284 1617 nectunt
309 1571 609 1631 Vespasianus
630 1574 677 1614 et
698 1567 961 1614 Mucianus.
1017 1573 1063 1616 9.
1085 1568 1280 1614 Interim
1303 1569 1460 1614 Duces
1483 1574 1655 1617 mutuis
1672 1575 1842 1632 episto-

94 1637 156 1682 lis
189 1636 357 1682 bellum
387 1640 569 1695 gerwnt.
639 1639 715 1680 10.
748 1633 799 1678 Τ.
829 1633 1026 1694 Ampius
1046 1632 1310 1685 Flavianus,
1333 1635 1477 1679 militi
1505 1643 1755 1697 suspectus,
1781 1641 1839 1686 ab

94 1703 302 1748 Antonio
324 1705 551 1747 servatur.
605 1704 681 1745 11.
705 1698 800 1743 Hic
819 1699 1020 1744 alteram
1040 1712 1217 1758 quoque
1231 1699 1514 1754 seditionem,
1539 1703 1644 1748 odio
1665 1704 1841 1763 Aponii

95 1767 342 1814 Saturnini
364 1770 531 1818 ortam,
557 1765 831 1824 comprimit.
902 1768 978 1809 12.
1004 1762 1214 1809 Lucilius
1235 1763 1407 1809 Bassus
1425 1769 1474 1809 et
1532 1770 1605 1814 13.
1634 1772 1708 1813 14.
1743 1768 1840 1813 Cae-

92 1834 214 1883 cina,
239 1846 270 1876 a
299 1831 486 1876 Vitellio
509 1829 778 1891 afficientes,
802 1843 833 1873 a
866 1828 1092 1874 militibus
1111 1830 1207 1873 suis
1241 1827 1544 1886 conjiciuntur
1568 1832 1614 1876 in
1638 1834 1838 1881 vincula.

97 1900 173 1944 15.
198 1896 452 1942 Discordes
484 1894 754 1940 Vitellianos
790 1893 857 1939 ad
877 1893 1154 1938 Bedriacum
1178 1893 1374 1952 adgredi
1404 1897 1576 1940 statuit
1596 1897 1841 1946 Antonius.

98 1965 174 2008 16.
198 1962 440 2007 Aviditate
458 1960 683 2005 navandae
703 1971 852 2019 operae
873 1959 1043 2004 Arrius
1072 1958 1226 2003 Varus
1239 1973 1336 2003 rem
1360 1960 1407 2003 in
1432 1962 1670 2007 discrimen
1690 1964 1838 2009 addu-

91 2027 159 2072 cit
172 2047 190 2082 ς
262 2027 336 2078 1¹7.
359 2040 460 2071 eam
494 2025 726 2079 Antonius
749 2025 1008 2069 constantia
1029 2028 1076 2068 et
1106 2025 1280 2068 virtute
1301 2025 1523 2078 restituit,
1597 2030 1671 2072 18.
1693 2029 1838 2074 victo-

90 2092 167 2136 ria
201 2092 402 2151 potitur.
475 2095 549 2137 19.
578 2088 856 2149 Vespasiani,
894 2103 948 2133 ea
957 2087 1099 2149 freti,
1126 2087 1394 2133 Cremonam
1416 2103 1679 2149 expugnare
1700 2093 1837 2152 depo-

74 2161 238 2207 scunt.
304 2159 384 2203 20.
410 2154 726 2200 Inconsultum
746 2167 904 2199 eorum
941 2153 1153 2198 ardorem
1176 2152 1369 2215 frustra
1406 2156 1574 2199 retinet
1591 2157 1837 2205 Antonius.

88 2225 169 2268 21.
194 2220 288 2266 Sed
318 2221 614 2265 adventa-ntis
635 2219 778 2268 hostis
801 2224 950 2264 terror
988 2219 1245 2264 obstructas
1267 2224 1438 2263 mentes
1461 2221 1661 2265 consiliis
1686 2222 1838 2269 Ducis

89 2287 257 2347 aperit.
322 2289 534 2332 22—25.
563 2284 790 2329 Proelium
823 2288 975 2337 atrox,
996 2297 1175 2343 anceps.
1241 2283 1471 2329 Antonius
1492 2288 1664 2345 egregii
1685 2287 1839 2333 Ducis

88 2351 250 2396 munia
273 2351 435 2411 inplet,
469 2349 712 2395 victoriam
745 2346 915 2409 aufert.
959 2351 1172 2395 26-33.
1199 2347 1422 2394 Cremona
1454 2351 1643 2401 obsessa,
1681 2358 1836 2413 capta,

89 2421 310 2463 cremata.
378 2419 458 2461 34.
475 2419 638 2474 postea
658 2414 893 2462 restituta.
962 2416 1042 2459 35.
1074 2413 1215 2458 Victae
1236 2414 1431 2473 legiones
1454 2416 1680 2474 dispersae.

153 2484 234 2527 36.
267 2479 480 2541 Vitellius
514 2479 625 2524 luxu
662 2483 826 2539 torpet.
874 2481 954 2531 3⁴7.
979 2477 1036 2522 In
1073 2478 1229 2523 urbem
1253 2483 1456 2525 revectus
1481 2479 1705 2526 Caecinam
1730 2497 1835 2528 con-

88 2546 275 2591 demnat
287 2566 304 2601 ,-
339 2546 382 2590 ei
398 2544 590 2589 Rosium
614 2543 844 2604 Regulum
868 2545 916 2588 in
937 2557 1078 2589 unum
1100 2543 1219 2588 diem
1240 2543 1478 2605 Consulem
1499 2545 1685 2605 sufficit.
1750 2551 1832 2596 38.

88 2614 169 2657 39.
193 2609 363 2656 Junius
385 2606 561 2654 Blaesus
568 2607 752 2669 fraude
788 2608 844 2655 L.
875 2607 1051 2653 Vitellii
1073 2623 1240 2653 veneno
1267 2608 1466 2654 tollitur.
1536 2616 1616 2655 40.
1639 2615 1719 2656 41.
1743 2612 1830 2657 Fa-

89 2672 190 2719 bius
231 2673 396 2720 Valens
434 2673 621 2718 libidine
654 2678 701 2718 et
739 2674 1029 2718 cunctatione
1071 2673 1424 2718 Vitellianorum
1463 2688 1535 2718 res
1567 2674 1747 2720 subruit
1768 2682 1829 2728 et,

84 2742 166 2785 42.
191 2738 427 2784 flavianis
449 2737 641 2784 Italiam
662 2737 1001 2797 occupantibus,
1058 2741 1138 2783 43.
1162 2739 1224 2782 acl
1246 2737 1515 2783 Stoechadas
1536 2739 1730 2790 delatus,
1752 2756 1831 2787 ca·-

80 2804 230 2864 p‘itur.
308 2808 389 2849 44.
432 2802 688 2862 Hispaniae,
731 2802 898 2847 Gallice
940 2802 1205 2855 Britannia,
1248 2807 1413 2846 cuncta
1459 2804 1523 2848 ad
1564 2804 1830 2863 Vespasiani

85 2883 192 2929 opes
223 2881 451 2914 conversa.
516 2871 597 2912 45.
629 2867 805 2912 Turbat
843 2871 994 2911 tamen
1018 2866 1316 2911 Britanniam
1344 2866 1574 2915 Venutius.
1599 2868 1662 2914 ibi
1696 2871 1831 2916 varia

83 2939 206 2979 sorte
221 2937 496 2994 pugnatum.
561 2934 645 2977 46.
678 2932 882 2977 Turbata
917 2945 1092 2991 quoque
1120 2931 1382 2979 Germania.
1439 2932 1576 2978 Mota
1599 2939 1645 2978 et
1667 2933 1829 2996 Daco-

86 3012 193 3044 rum
210 3010 334 3057 gens,
359 3012 390 3042 a
411 2997 633 3042 Muciano
671 3010 725 3043 ex
751 2996 935 3042 Oriente
964 2997 1142 3048 reduce,
1165 3009 1386 3055 repressa.
1452 3001 1532 3050 47.
1557 3004 1635 3045 48.
1658 2996 1828 3045 Anice-

90 3068 166 3109 tus
200 3063 460 3116 Polemonis
495 3061 698 3111 libertus,
738 3061 941 3107 Pontum
975 3059 1211 3121 infestans,
1253 3062 1451 3121 capitur.
1525 3061 1830 3122 Vespasianus

84 3129 422 3179 Alexandriam
451 3128 622 3187 pergit,
662 3131 714 3171 ut
750 3126 905 3172 urbem
927 3123 1064 3186 fame
1096 3130 1273 3185 urgeat.
1338 3131 1417 3174 49.
1439 3127 1685 3182 Antonius,
1717 3136 1838 3189 post.

87 3193 356 3238 Cremonam
376 3192 630 3252 superbior,
677 3194 756 3236 50.
778 3196 961 3251 partem
984 3191 1219 3250 copiarum
1247 3189 1432 3236 Veronae
1454 3192 1689 3253 relinquit,
1706 3208 1825 3254 par-

86 3262 176 3303 tem
196 3259 246 3304 in
275 3256 545 3303 Vitellianos
578 3256 777 3316 expedit.
832 3259 911 3301 51.
936 3253 1182 3315 Nefarium
1192 3254 1385 3317 facinus
1415 3256 1593 3307 militis,
1618 3258 1672 3302 ob
1707 3261 1828 3305 occi-

86 3333 186 3366 sm
220 3335 250 3367 a
283 3333 331 3367 se
346 3320 556 3383 fratrem
585 3322 828 3380 praemium
861 3321 1087 3381 petentis..
1139 3324 1216 3367 52.
1242 3319 1594 3366 Festinationem
1631 3323 1824 3368 Antonii

83 3385 211 3447 apud
237 3386 561 3447 Vespasianum
593 3386 867 3431 criminatur
893 3384 1153 3432 Mucianus.
1178 3412 1181 3414 -
1221 3389 1298 3431 53.
1336 3385 1385 3430 Is
1394 3383 1657 3442 jactantius
1688 3402 1826 3447 quam

83 3450 148 3496 ad
183 3449 445 3511 Principem
471 3450 654 3495 litteras
688 3451 928 3512 componit,
954 3449 1227 3501 Mucianum
1247 3451 1510 3497 insectatus.
1579 3450 1694 3498 Inde
1711 3466 1823 3511 gra-

82 3530 155 3563 ves
174 3514 362 3560 Ducum
380 3515 652 3560 simultates,

166 3595 303 3632 von.
335 3584 404 3632 11.
435 3595 487 3632 Ρ.
519 3596 559 3630 1.
995 3593 1041 3629 M
