2190 3880
290 130 412 186 ν’123
872 187 876 191 ,
923 134 1523 192 HISTORIARUM
1567 155 1571 158 ·

184 257 680 329 A.U.gravi01·ibuS.
757 257 1057 314 Exercitum
1081 261 1263 314 itinere
1284 262 1533 326 terrestri
1577 281 1744 334 ergere
1774 263 1968 333 jubet:
2007 265 2141 338 ipse.

199 331 290 367 823·
321 328 490 382 Arare
516 330 740 382 flumine
767 331 1070 395 devehitur,
1095 332 1244 384 nullo
1276 281 1574 403 Principafi
1595 347 1804 404 paratu,
1831 336 1923 387 sed
1948 349 2126 394 vetere

192 383 562 478 ⁸7⁰0f‘egestate
600 402 958 472 conspicuus:
1012 402 1185 454 donec
1231 402 1430 455 Junius
1474 403 1701 467 BlaesuS,
1744 405 2125 475 Lugdunensis

321 469 518 530 Galliae
544 471 768 535 Rector,
797 488 993 541 genere
1021 471 1251 535 inlustri,
1282 472 1462 542 largus
1491 474 1673 533 animo
1702 485 1756 525 et
1793 493 1887 544 pur
1906 477 2125 546 opibuS,

318 540 680 594 circumdaret
708 541 953 611 Principi
980 542 1300 606 ministeria,
1319 543 1672 595 comitaretur
1697 544 2019 611 liberaliter3
2057 566 2123 600 eo

318 613 439 683 ipso
467 612 730 683 ingratuS‚
757 610 1006 680 quamvis
1029 611 1494 664 odium-Vitellius
1527 614 1818 668 vernilibus
1849 615 2124 670 blanditiis

318 682 538 734 velaret.
615 681 825 734 Praesto
856 680 1026 732 suere
1078 681 1334 752 Lugduni
1395 683 1700 737 victricium
1753 685 2127 756 victarumque

319 752 557 823 partium
585 751 789 804 DuceS.
863 749 1147 803 Valentem
1172 763 1228 803 et
1257 752 1556 818 Caecinam,
1587 771 1684 824 pro
1711 755 1976 809 concione
2011 757 2128 810 luu-

319 824 495 885 datos,
533 822 703 874 curuli
735 839 847 872 suae
874 821 1286 891 circumposuit.
1372 822 1516 875 Mox
1543 824 1832 877 universum
1855 828 2125 880 exercitum

319 909 578 944 occurrere
621 890 816 962 irffauti
838 889 963 959 filio
998 891 1194 961 jubet:
1234 892 1607 962 perlatumque
1646 907 1701 946 et
1739 896 2126 976 paludamento

320 973 571 1031 opertum
609 962 729 1013 sinu
775 963 1031 1025 retinenS,
1075 960 1442 1014 Germanicum
1488 965 1798 1033 adpellavit,
1839 967 2125 1037 cinxitque

322 1032 535 1085 cunctis
575 1031 810 1091 fortunae
841 1032 1166 1104 Principalis
1194 1032 1519 1103 insignibus.
1557 1036 1758 1088 nimius
1783 1036 1958 1090 honos
1987 1039 2127 1092 inter

237 1093 578 1165 60secunda‚
606 1104 764 1155 rebus
795 1103 1031 1154 adversis
1069 1102 1120 1153 in
1152 1102 1403 1156 solatium
1427 1105 1607 1158 cessit.
1680 1105 1819 1161 Tum
1852 1108 2126 1171 interfecti

323 1173 684 1226 Centuriones
726 1172 1117 1243 promptissimi
1162 1172 1638 1228 Othonianorum:
1679 1177 1821 1232 unde
1850 1179 2128 1249 praecipua

318 1243 376 1297 in
407 1243 682 1296 Vitellium
709 1243 964 1295 alienatio
990 1260 1086 1313 per
1110 1242 1358 1313 Illyricos
1385 1246 1676 1297 exercitUS.
1733 1247 1907 1300 Simul
1928 1262 2124 1304 ceteras

317 1313 561 1384 legiones
594 1326 871 1378 contactu,
912 1324 968 1365 et
1001 1313 1254 1365 adversus
1284 1314 1640 1371 Germanicos
1677 1316 1876 1370 milites
1901 1319 2125 1385 invidia,

319 1385 518 1436 bellum
549 1385 970 1437 meditabantur.
1043 1383 1365 1436 Suetonium
1410 1386 1715 1439 Paullinum
1753 1406 1816 1439 ac
1852 1389 2124 1443 Licinium

319 1454 635 1519 Proculum,
663 1455 804 1506 tristi
826 1472 978 1506 mora
998 1454 1270 1523 squalidos
1299 1456 1491 1520 tenuit,
1528 1458 1701 1510 donec
1721 1459 1912 1524 auditi,
1940 1478 2126 1513 neces-

319 1526 472 1577 sariis
502 1526 675 1595 magis
707 1525 1118 1577 defensionibus
1151 1543 1310 1594 quam
1344 1526 1586 1578 honestis
1617 1539 1910 1583 uterentur.
1989 1531 2124 1584 Pro-

318 1597 584 1648 ditionem
630 1596 770 1647 ultro
814 1596 1141 1665 inputabant
1165 1616 1177 1649 ι
1217 1597 1434 1664 spatium
1461 1596 1600 1667 longi
1629 1608 1747 1651 mete
1773 1599 2010 1668 proelium
2035 1602 2124 1654 iti-

318 1667 469 1729 neris,
488 1665 864 1736 fatigationem
891 1664 1317 1729 Othonianorum,
1341 1667 1642 1735 permixtum
1663 1668 1903 1722 vesticulis
1923 1687 2123 1741 agmen,

318 1756 378 1788 ac
397 1735 642 1807 pleraque
660 1736 914 1807 sbi-cuim,
926 1735 1125 1807 flandi
1143 1754 1243 1788 sure
1266 1737 1632 1807 adsignanteS,
1659 1751 1713 1790 et
1738 1740 1985 1792 Vitellius
2009 1761 2124 1794 cre-

317 1808 457 1859 didit
483 1808 550 1860 de
579 1807 824 1876 perfidia,
851 1818 907 1858 et
935 1807 1096 1859 fidem
1120 1807 1372 1860 absolvit.
1422 1808 1633 1860 Salvius
1656 1809 1922 1875 TitianuS‚
1946 1813 2124 1865 Otho·

316 1879 401 1930 nis
430 1877 612 1940 frater,
649 1878 855 1929 nullum
883 1878 1172 1930 discrimen
1201 1878 1354 1942 adiit,
1396 1879 1596 1947 pietate
1622 1892 1677 1931 et
1711 1880 1931 1950 ignavia
1956 1901 2123 1936 excu-

316 1959 485 2000 satus,
563 1947 747 2000 Mario
800 1948 962 2000 Celso
1011 1948 1340 2000 Consulatus
1389 1961 1648 2009 servatur.
1715 1952 1807 2003 sed
1858 1955 2122 2008 creditum

316 2018 482 2084 fama,
512 2019 902 2088 objectumque
932 2036 1060 2071 mox
1093 2018 1148 2071 in
1188 2018 1391 2070 Senatu
1423 2019 1651 2072 Caecilio
1683 2021 1952 2093 Simplici,
1990 2025 2127 2093 quod

315 2137 519 2186 eleganter
534 2137 681 2175 dicitur
693 2117 742 2174 *in
759 2138 833 2173 hac
852 2137 1064 2175 sententia.
1121 2136 1196 2175 Sed
1250 2137 1356 2185 cepit
1374 2137 1545 2174 Pichena
1563 2139 1679 2177 bene.
1714 2139 1826 2178 MSS.
1864 2141 1967 2178 Bud.
1992 2141 2123 2180 Guelf.

314 2193 483 2229 transire
501 2203 655 2241 quoque
673 2190 820 2227 bonum
834 2197 910 2236 est,
929 2193 970 2227 et
984 2202 1056 2238 pro
1068 2196 1196 2228 tram·
1239 2191 1482 2239 juvenilibus
1496 2206 1509 2227 .-
1550 2193 1652 2241 quod
1683 2204 1705 2228 e
1737 2194 1944 2232 vernilibus
1985 2199 2122 2234 natum

315 2245 426 2294 igere
448 2244 607 2282 dicitur.
659 2244 708 2281 V.
731 2243 842 2281 Cort.
859 2245 909 2280 ad
926 2243 1087 2282 Sallust.
1108 2245 1197 2281 cat.
1250 2255 1332 2280 esse
1353 2243 1467 2281 facile
1487 2249 1621 2293 patet3
1642 2247 1746 2283 unde
1765 2250 1806 2283 et
1819 2248 2026 2285 zmilibus
2039 2249 2123 2287 fieri

316 2308 351 2334 c.
373 2303 408 2335 1.
427 2298 518 2335 init.
575 2298 672 2335 Mox
692 2303 858 2347 paratu,
886 2297 989 2345 quod
1007 2297 1133 2334 Rhen.
1156 2296 1193 2346 (e

313 2349 437 2401 Bud.)
458 2363 529 2400 pro
557 2357 751 2400 apparatu
772 2350 909 2396 edidit,
937 2354 997 2387 est
1013 2350 1133 2387 etiam
1152 2349 1193 2386 in

315 2404 375 2441 ed.
393 2416 453 2453 pr.
493 2406 601 2442 ERN.
641 2404 745 2440 Bud.
761 2415 851 2440 cum
866 2403 969 2441 mor.
981 2404 1194 2452 conspirat,

316 2458 383 2496 sed
415 2470 486 2506 pro
514 2459 554 2494 vi
583 2457 702 2494 hahet
733 2458 786 2494 in.
838 2458 900 2493 Sic
927 2461 967 2494 et
991 2458 1087 2505 Agr.
1119 2457 1194 2493 nisi

315 2511 420 2560 quod
449 2512 511 2548 hic
536 2511 741 2548 transibat.
795 2511 886 2559 Rip.
913 2522 961 2547 ex
987 2511 1126 2547 auditu
1152 2513 1193 2546 et

315 2565 513 2614 particula
535 2565 611 2601 ista
627 2564 827 2611 superflua
849 2564 975 2600 fecere
993 2563 1192 2601 auditione

315 2621 358 2654 et
375 2629 558 2666 recepere
574 2617 803 2654 transibant.
856 2617 961 2654 Tum
979 2618 1109 2666 impar
1125 2629 1192 2653 cu-

314 2673 371 2708 ris
404 2672 454 2707 ad
490 2674 717 2720 sequentem
752 2669 957 2720 periodum
991 2670 1192 2718 rejiciunt.

316 2725 420 2763 Mihi
435 2724 544 2773 vulg.
562 2724 706 2773 placet.

372 2779 638 2815 Circumdaret
648 2778 833 2826 Principi
844 2774 1077 2826 ministeria]
1092 2777 1192 2825 Ego,

314 2833 545 2880 priusquam
591 2832 745 2876 scirem,
793 2830 844 2867 ab
889 2829 1191 2878 interpolatione

314 2884 499 2921 Rhenani
518 2886 573 2921 sic
590 2885 683 2933 legi,
712 2883 953 2932 corrigebam
978 2883 1193 2932 Principis.

317 2937 380 2974 Sic
396 2938 502 2974 enim
519 2938 679 2976 omnino
698 2938 922 2986 legendum.
964 2936 1193 2974 Cir-eumdu-

315 2996 374 3027 νει
405 2995 504 3040 puta
538 2991 698 3030 Vitellio
726 2990 945 3028 ministeria
976 2990 1192 3038 Principis,

316 3045 450 3093 qualia
464 3044 612 3080 scilicet
630 3045 814 3092 Princeps
833 3045 1033 3083 Romanus
1047 3042 1192 3084 habere

316 3098 419 3133 circa
443 3098 660 3135 consuevit.
717 3098 780 3134 Sic
799 3097 857 3134 H.
885 3102 920 3142 1,
938 3101 1003 3133 58.
1021 3096 1192 3133 wantele-

316 3151 380 3187 rt‘a
408 3150 668 3198 Principum-5
686 3163 756 3199 per
783 3151 936 3187 libertos
961 3150 1036 3198 agi
1060 3150 1192 3186 solita.

318 3204 455 3239 GRoN.
491 3203 665 3240 Restitui
693 3204 908 3251 Principii&
937 3202 1040 3251 quod
1071 3202 1191 3239 etiam

317 3256 450 3292 Guelf.
485 3255 617 3293 habet.
671 3256 853 3305 Principe*
897 3260 958 3292 est
999 3255 1040 3292 in
1085 3256 1189 3292 Flor.

319 3307 456 3362 (liud.)
493 3309 578 3346 edd.
612 3320 672 3357 pr.
707 3309 836 3345 Rhen.
866 3320 972 3357 seqq.
1010 3308 1193 3345 omnibus

315 3366 458 3411 praeter
475 3360 733 3410 Ryckianam.
755 3362 863 3398 ERN.
890 3361 1083 3409 Equidem
1101 3372 1189 3398 cum

314 3416 405 3463 Bip.
424 3416 590 3452 restituo
609 3415 804 3464 Primipt.
858 3415 1102 3452 Gronovium
1132 3425 1191 3450 se·

316 3474 497 3519 quuntur
511 3469 621 3504 Brot.
640 3472 678 3505 et
698 3467 794 3505 Lan.

372 3523 600 3559 Ilamittbus
616 3519 830 3570 blanditiis]
853 3520 898 3556 In
914 3519 1017 3557 Flor.
1035 3520 1190 3557 vernili-

318 3576 413 3612 bus:
443 3575 544 3624 quod
562 3575 915 3624 germanissimum.
952 3575 1065 3612 Ln’s.
1111 3574 1189 3611 Re-

1246 2296 1403 2334 volebat
1431 2299 1560 2336 Rhea.
1596 2298 1658 2349 (ut
1685 2306 1726 2344 3,
1751 2298 1832 2348 302.)
1863 2301 1962 2338 Edd.
1990 2313 2050 2349 pr.
2081 2307 2123 2341 et

1246 2354 1339 2387 cett.
1366 2362 1500 2387 omnes
1527 2353 1750 2398 humilibus,
1778 2365 1901 2402 usque
1919 2355 1967 2390 ad
1987 2355 2120 2392 Piche-

1247 2415 1352 2440 nam.
1371 2405 1477 2441 ERN.
1510 2406 1610 2442 Bud.
1628 2419 1651 2441 a
1670 2412 1702 2443 1.
1716 2414 1767 2442 m.
1777 2407 2002 2454 juvenibus,
2016 2410 2119 2446 unde

1249 2463 1287 2494 2.
1325 2468 1381 2493 m.
1409 2458 1663 2505 juvenilibus.
1718 2461 1846 2499 Rhen.
1877 2463 2047 2498 servavit
2077 2463 2119 2500 in

1244 2513 1358 2547 textu
1379 2510 1602 2549 humilibus.

1297 2563 1590 2614 Per-latumque]
1622 2565 1813 2615 Copulam
1844 2567 1944 2604 hanc
1972 2579 1993 2604 e
2012 2568 2116 2608 Flor-

1242 2617 1394 2654 addidit
1410 2618 1592 2655 Pichena.

1302 2672 1403 2707 Tum
1418 2672 1610 2719 interfecti
1622 2673 1872 2710 Centuriones
1877 2675 2119 2725 promptissi-

1243 2722 1316 2774 mi]
1353 2724 1486 2761 Editio
1504 2737 1587 2773 piu:
1622 2726 1723 2763 Tum
1749 2727 1961 2775 intersectis
1979 2728 2121 2777 Centu-

1242 2777 1428 2823 rionibns,
1459 2782 1535 2816 etc.
1590 2779 1704 2816 Unde
1734 2781 1928 2818 Gruterus
1962 2780 2122 2828 conjicit

1243 2830 1364 2867 fuisse
1382 2832 1577 2883 interficet·
1592 2845 1641 2871 ex
1668 2832 1974 2871 centurionibus.
2021 2834 2119 2872 Fru-

1245 2887 1340 2923 stra.
1384 2884 1475 2922 Non
1506 2885 1659 2935 patitur
1687 2897 1763 2923 vox
1799 2885 2119 2933 Othonianorum,
2153 2882 2160 2891 '

1245 2938 1273 2974 i.
1294 2949 1328 2977 e.
1349 2949 1397 2976 ex
1414 2938 1663 2979 Othonianis.
1695 2939 1801 2980 ERN.
1830 2939 1878 2978 ln
1897 2939 2003 2988 vulg.
2027 2952 2119 2978 con·

1244 2990 1424 3028 sentiunt
1439 2991 1542 3029 Bud.
1562 2996 1602 3028 et
1620 2992 1729 3029 editi.

1301 3045 1473 3083 Credidit
1490 3046 1535 3081 de
1553 3045 1721 3098 perfidia
1737 3050 1774 3084 et
1791 3044 1915 3093 fidem
1933 3045 2113 3098 absolvit]

1243 3097 1270 3138 i.
1288 3108 1322 3132 e.
1344 3098 1512 3134 Persidos
1530 3099 1648 3134 fuisse
1668 3098 1707 3138 in
1723 3097 1790 3134 illo
1802 3098 2024 3136 discrimine
2036 3111 2121 3136 cre·

1246 3150 1346 3190 didit
1365 3151 1619 3199 fingentibuS‚
1649 3162 1770 3200 eaque
1797 3151 1844 3187 de
1866 3163 2004 3188 caussa
2029 3154 2118 3192 fidei

1245 3204 1286 3240 in
1307 3203 1502 3243 Othonem
1528 3204 1702 3254 pristinae
1719 3205 1874 3242 veniam
1893 3205 2019 3242 dedit:
2050 3207 2121 3243 Fi-

1243 3256 1328 3292 dem
1344 3256 1506 3295 absolvit
1523 3268 1574 3295 sc.
1593 3254 1779 3294 criminis.
1811 3257 1912 3295 Nam
1933 3259 2004 3295 tali
2022 3263 2123 3296 tem-

1245 3319 1339 3359 pore
1359 3309 1451 3347 fides
1473 3310 1513 3345 in
1535 3310 1684 3347 hostem
1703 3311 1852 3347 crimen
1869 3316 1942 3350 est.
1987 3313 2098 3351 ERN.

1296 3362 1376 3398 Sed
1403 3364 1594 3401 creditum
1611 3362 1750 3413 sama]
1782 3364 2030 3402 Rectumne?
2063 3378 2115 3404 an

1243 3413 1506 3460 scribendum,
1524 3417 1696 3461 deditum
1701 3418 1822 3465 jhma
1835 3417 1857 3453 ?
1888 3419 1996 3456 Lu’s.
2025 3419 2115 3458 Non

1242 3467 1421 3516 intelligo
1439 3470 1753 3518 deditoemsama.
1794 3471 1860 3508 An
1878 3473 2003 3509 voluit
2021 3473 2115 3509 scri·

1241 3520 1333 3557 bere
1378 3523 1546 3559 diditum
1578 3523 1699 3571 sama
1713 3524 1734 3562 ‚7
1777 3524 1912 3563 Famae
1955 3525 2115 3573 conjicit

1242 3575 1419 3614 Freinsh.
1470 3576 1578 3615 ERN.
