2190 3880
635 127 641 132 κ
719 97 881 144 LIB.
915 96 983 144 11.
1037 96 1207 143 CAP.
1240 98 1318 143 86.
1830 98 1922 146 147

111 222 219 275 tari
249 221 573 292 Vespasiano,
595 238 706 291 qum
731 219 874 289 apud
903 217 1167 271 Vitellium
1193 218 1476 280 excusanda
1497 227 1659 271 erant.
1702 217 1786 271 Ita
1814 220 1987 269 tres'A.
2008 228 2063 268 U.

113 292 372 346 Moesicae
419 292 662 363 legiones
696 304 816 361 'per
865 290 1122 360 epistolas
1166 289 1496 341 adliciebant
1544 286 2047 376 Pannonicum.A32{3·

113 364 437 427 exercitum,
502 374 597 414 aut
656 362 918 414 abnuenti
972 362 1081 412 vim
1136 361 1419 430 parabant.
1520 358 1583 409 In
1638 377 1702 410 eo
1767 372 1918 412 motu
1962 363 2057 432 7⁶0..

108 433 360 504 Aponius
403 433 745 496 Saturninae,
776 432 1000 485 Moesiae
1037 443 1232 494 rector,
1263 431 1554 501 pessimum
1585 429 1796 480 facinus
1824 450 1922 483 au·-

109 503 220 567 det,
249 504 413 557 misso
440 504 776 556 Centurione
800 505 867 556 ad
894 502 1326 555 interficiendum
1352 500 1594 552 Tertium
1620 499 1653 552 J
1663 500 1921 567 ulianuin,

110 572 358 645 septima}
400 575 630 644 legionis
662 574 1051 644 Legatunhob
1089 572 1409 635 simultatm,
1437 571 1635 641 quibus
1676 587 1922 623 caussam

107 646 346 715 partium
392 646 784 715 praetendebat.
858 642 1130 708 Julianus,
1172 654 1456 714 comperto
1493 642 1823 705 discrimine,
1868 656 1924 695 et

98 717 295 786 guaris
341 716 584 769 locorum
641 715 881 778 adscitiS‚
927 732 1023 785 per
1059 716 1182 766 avia
1220 714 1465 777 Moesiae,
1499 714 1640 765 ultra
1678 724 1920 766 montem

112 786 374 840 Haemum
405 787 669 857 profugit.
710 804 809 838 nec
831 786 1027 837 deinde
1053 786 1199 837 civili
1232 782 1371 837 bello
1402 784 1666 848 interfuit,
1699 802 1792 854 per
1830 803 1922 837 va-

108 859 213 910 rias
260 875 435 910 moras
476 868 786 928 susceptum
829 858 892 908 ad
925 857 1318 926 Vespasianum
1367 856 1469 907 iter
1503 854 1739 919 trahem,
1766 867 1821 907 et
1847 874 1918 907 ex

107 927 314 979 nuntiis
365 928 800 991 cunctabunduS‚
843 939 937 979 aut
991 945 1302 998 properans,
1395 926 1472 978 At
1521 927 1576 978 in
1633 924 1916 979 Pannonia
1934 931 2004 983 86

109 997 288 1052 XIII.
317 998 462 1071 legio
503 1018 566 1050 ac
594 998 728 1050 VII.
758 998 1013 1062 Galbina,
1042 998 1281 1050 dolorem
1321 997 1563 1066 iramque
1593 996 1918 1050 Bedriacen-

107 1069 179 1121 sis
203 1087 405 1140 pugnae
433 1070 745 1132 retinenteS,
767 1070 908 1121 haud
933 1081 1252 1122 cunctanter
1273 1068 1607 1138 Vespasiano
1629 1087 1919 1133 accessere,

68 1146 70 1148 ’
106 1140 468 1211 vipraecipua
497 1140 666 1192 Primi
703 1140 952 1192 Antonii.
1036 1139 1085 1191 [s
1113 1139 1322 1208 legibus
1368 1157 1568 1190 nocens
1595 1150 1650 1190 et
1676 1152 1921 1209 tempore

108 1209 346 1264 Neronis
390 1211 508 1264 falsi
558 1213 863 1274 damnatuS‚
890 1212 1031 1262 inter
1077 1210 1182 1260 alia
1220 1208 1344 1260 belli
1383 1210 1544 1274 mala,
1574 1209 1921 1262 Senatorium

107 1281 354 1336 ordinem
381 1282 792 1352 reciperaverat.
847 1281 1179 1351 Praepositus
1207 1299 1239 1331 a
1267 1279 1444 1332 Galba
1473 1282 1720 1350 septimae
1750 1282 1921 1351 legio-

108 1353 186 1415 ni,
212 1353 546 1424 scriptitasse
573 1352 784 1405 Othoni
813 1351 1151 1415 credebatur,
1185 1350 1397 1403 Ducem
1427 1369 1483 1402 se
1516 1353 1757 1421 partibus
1786 1353 1922 1405 offe-

107 1423 266 1477 rens:
319 1441 353 1476 a
390 1441 500 1493 quo
538 1423 836 1494 neglectuS‚
865 1423 920 1474 in
969 1422 1116 1474 nullo
1147 1422 1450 1474 Othoniani
1493 1423 1617 1474 belli
1659 1441 1755 1474 usu
1795 1423 1921 1476 fuit.

106 1493 422 1547 labantibus
449 1494 654 1546 Vitellii
685 1495 862 1558 rebuS,
891 1493 1286 1564 Vespasianum
1303 1503 1550 1558 *secutum
1572 1494 1777 1564 grande
1803 1513 1921 1546 mo-

106 1574 350 1618 mentum
378 1564 622 1630 addidit3
661 1577 908 1617 strenuus
937 1583 1119 1628 manu,
1143 1581 1390 1616 sermone
1417 1577 1724 1635 promptuS‚
1742 1583 1921 1618 seren-

106 1635 192 1688 dae
220 1636 278 1688 in
310 1636 445 1689 alios
487 1636 710 1689 invidiae
748 1635 967 1699 artifex,
995 1635 1280 1688 discordiis
1318 1648 1374 1686 et
1422 1635 1780 1687 seditionibus
1860 1655 1921 1688 o-

108 1719 251 1772 ten8‚
278 1718 482 1778 raptor,
507 1707 752 1777 largitor,
781 1724 914 1777 pace
953 1707 1233 1776 pessimuS,
1262 1705 1403 1770 bello
1430 1723 1541 1758 non
1569 1655 1921 1776 spernendis.

105 1777 298 1831 Juncti
336 1779 463 1830 inde
511 1778 854 1830 Moesiciac
893 1777 1196 1829 Pannonici
1228 1775 1520 1839 exercituS‚
1551 1776 1923 1830 Dalmaticum

109 1848 338 1901 militem
367 1862 599 1913 traxere,
627 1867 954 1919 quamquam
981 1847 1371 1900 Consularibus
1402 1847 1622 1917 Legatis
1646 1848 1781 1900 nihil
1812 1860 1925 1902 tur-

113 1920 389 1987 bantibuS.
462 1918 618 1972 Titus
658 1919 890 1989 Ampius
937 1918 1227 1971 Flavianus
1258 1918 1616 1981 Pannoniam,
1650 1919 1924 1990 Poppaeus

110 1990 362 2043 Silvanus
401 1990 734 2044 Dalmatiam
773 1991 1052 2056 tenebant,
1087 1989 1284 2042 divites
1327 2006 1497 2041 senes,
1574 1990 1679 2042 Sed
1720 1990 1925 2043 Procu-

162 2149 230 2185 Ita
245 2153 323 2185 tres
346 2147 409 2185 M.
428 2145 615 2196 legiones]
650 2146 853 2185 Acidalius
871 2147 993 2185 corri-
1047 2147 1240 2196 probante
1257 2146 1448 2184 Acidalio.
1701 2186 1706 2191 ,
1843 2184 1846 2186 ,

108 2200 170 2249 git
193 2201 286 2250 jam
299 2215 312 2238 .-
353 2202 456 2250 quod
483 2212 563 2238 non
588 2202 850 2238 necessarium
882 2206 992 2250 puto.
1100 2200 1334 2251 Flavianus]
1395 2200 1523 2237 Malui
1560 2212 1676 2249 quam
1714 2201 1927 2240 Fabianus.

109 2255 180 2292 Ita
215 2257 290 2300 est,
320 2255 394 2291 hoc
422 2255 542 2301 sacto,
574 2255 634 2291 his
669 2255 716 2292 de
748 2256 910 2301 caussis,
946 2259 993 2292 ut
1047 2255 1331 2301 Farnesianum
1350 2255 1520 2292 codiceni
1551 2255 1667 2291 audio
1686 2261 1726 2292 et
1742 2256 1927 2294 Tacitum

108 2307 220 2354 alibi,
236 2320 309 2358 pro
321 2308 382 2345 his
401 2309 530 2354 dictis,
549 2309 716 2346 dicitur.⁴
755 2309 851 2346 Mox
868 2309 989 2346 verba
1042 2308 1187 2356 ipsum,
1207 2310 1274 2357 qui
1293 2319 1370 2344 non
1388 2308 1505 2345 aliter
1523 2319 1605 2357 seq.
1625 2308 1727 2346 libro
1760 2309 1808 2359 (c.
1829 2315 1867 2346 4.
1886 2314 1927 2347 et

109 2362 382 2399 Pannonicum
399 2364 610 2400 exercitum
629 2375 666 2399 a.
686 2374 723 2399 α.
742 2375 777 2399 v.
790 2364 990 2412 parabant
1047 2361 1128 2411 lo.)
1158 2362 1346 2412 appellat.
1378 2363 1489 2408 ers.
1518 2362 1585 2399 Sic'
1602 2366 1641 2399 et
1658 2364 1763 2401 Flor.
1784 2365 1843 2400 ed.
1863 2376 1925 2414 pr.

112 2414 227 2466 (duce
244 2414 366 2466 Bud.)
389 2416 535 2453 delevit
560 2416 775 2453 Rhenanus
793 2423 832 2453 et
857 2418 911 2453 sic
929 2418 990 2454 in-
1043 2417 1104 2454 Ex
1122 2417 1256 2453 eodem
1277 2416 1380 2453 Flor.
1398 2416 1566 2453 Pichena
1596 2418 1758 2465 insuper
1775 2418 1926 2455 addidit

107 2467 339 2519 terpunxit:
372 2470 432 2507 ita
447 2476 525 2507 tres
552 2469 728 2507 Moesicoe
757 2471 928 2519 leg-iones
939 2483 986 2519 p.
1042 2471 1226 2519 Ampius,
1240 2470 1432 2518 quomodo
1444 2474 1485 2506 et
1501 2476 1543 2516 3,
1563 2475 1601 2507 4.
1619 2474 1795 2509 vocatur.
1813 2473 1924 2511 ERN.

109 2534 167 2570 ep.
200 2523 432 2562 alliciebant.
468 2523 593 2560 Vetus
615 2523 791 2560 restituit
820 2524 990 2573 Lipsius,
1045 2524 1148 2560 Bud.
1170 2524 1285 2560 Titus
1300 2523 1516 2568 Fabianus.
1721 2543 1724 2546 ⁴

109 2576 220 2613 ERN.
1097 2577 1309 2626 Pompeius
1319 2576 1525 2627 Sullanus]
1548 2578 1632 2614 lmo
1643 2578 1843 2616 Silvanus.
1863 2581 1927 2617 Ita

166 2630 278 2666 Ineo
294 2635 402 2666 motu
421 2627 616 2678 Aponius]
654 2630 716 2667 Sic
733 2630 838 2668 Flor.
858 2630 990 2668 Guelf.
1045 2631 1150 2666 enim
1183 2636 1225 2676 3,
1263 2636 1327 2667 50.
1373 2631 1454 2667 Sex
1483 2630 1611 2667 millia
1638 2631 1926 2670 Dalmatarum

114 2680 250 2731 (Eud.)
270 2682 331 2718 ed.
347 2694 408 2730 pr.
426 2683 529 2731 quod
555 2684 732 2720 restituit
747 2683 931 2728 Pichena,
951 2689 993 2721 et
1046 2684 1205 2721 ducebat
1242 2684 1454 2731 Pompeius
1494 2685 1693 2729 Silvanus,
1739 2686 1925 2724 Consula-

113 2736 156 2774 in
188 2735 365 2784 margine
397 2737 607 2784 scripserat
638 2737 809 2785 Lipsius.
874 2738 990 2775 Bletu
1045 2738 1102 2775 ris
1126 2749 1254 2774 senem.
1295 2738 1407 2774 L112s.
1450 2737 1573 2773 Recte
1590 2737 1792 2783 Silvanus,
1821 2740 1925 2788 quod

110 2788 263 2838 primus
290 2789 412 2826 edidit
430 2790 583 2827 Puteol.
614 2791 691 2827 nisi
707 2802 916 2839 operarum
935 2791 993 2828 vi·
1046 2793 1108 2827 est
1145 2793 1186 2825 et
1215 2790 1257 2826 in
1295 2790 1400 2827 Flor.
1433 2790 1531 2838 Reg.
1571 2791 1631 2827 ed.
1666 2803 1725 2840 pr.
1760 2794 1828 2830 sed
1864 2794 1925 2831 in·-

109 2843 214 2881 tium
244 2846 320 2889 est,
347 2847 478 2880 ortum
505 2855 526 2879 e
552 2855 641 2880 mox
669 2844 992 2893 praecedentibus.
1046 2854 1166 2893 super
1187 2844 1307 2880 etiam
1335 2844 1530 2892 Poppaeus
1560 2855 1582 2879 e
1598 2844 1704 2881 Flor.
1722 2845 1845 2884 edidit
1861 2847 1925 2884 Pi·

110 2897 220 2935 EBN.
249 2897 379 2934 secuti
398 2898 487 2934 Alc.
508 2897 637 2935 Rhen.
1045 2897 1182 2934 chena.
1226 2897 1374 2933 Omnes
1390 2897 1459 2934 alii
1472 2897 1564 2934 libri
1582 2897 1806 2947 Pompeius,
1823 2902 1927 2951 quod

97 2984 99 2986 .
165 2951 299 2988 Primi
323 2949 508 3002 Ancona]
549 2950 735 2999 Egesippi
767 2949 886 2999 super
903 2948 1031 2990 ,hou
1046 2961 1182 2988 verum
1215 2951 1372 2987 videtur
1387 2950 1549 2998 Ryckio,
1567 2963 1683 2999 quem
1701 2952 1789 2989 vide
1805 2955 1856 2990 ad
1884 2962 1926 3000 3,

111 3004 236 3042 nobili
251 3004 363 3041 Duce
378 3015 550 3042 errorem
572 3015 650 3041 non
669 3003 768 3050 celo,
788 3004 870 3041 sive
886 3013 994 3040 erro·
1047 3008 1112 3042 50.
1133 3009 1170 3049 1,
1185 3009 1252 3044 77.
1270 3009 1311 3048 4,
1326 3010 1391 3044 47.
1411 3005 1527 3052 idque
1542 3005 1692 3054 recepit
1706 3005 1926 3047 BroteriuS.

111 3069 175 3095 res
205 3058 352 3107 potius,
406 3059 444 3096 Is
475 3058 580 3095 enim
609 3063 649 3103 4,
671 3063 735 3097 29.
779 3057 875 3094 facit
901 3067 993 3094 eum
1046 3058 1154 3095 ERN.
1181 3057 1283 3095 Bud.
1301 3058 1511 3107 Pompeius
1527 3059 1719 3097 Silianus.

112 3111 351 3160 Praesectum
385 3114 499 3149 tercio
535 3112 662 3149 ordini
696 3111 866 3148 militari
880 3125 893 3147 .-
953 3111 993 3146 id
1101 3111 1181 3148 Sed
1223 3112 1462 3150 Paeocurator
1507 3112 1658 3168 aderat]
1710 3113 1926 3156 Rhenanus

112 3169 189 3212 eet,
206 3164 352 3213 legioni
370 3164 512 3204 tertiae.
555 3165 681 3214 Atqui
700 3166 878 3212 septimae
895 3175 993 3213 prae-
1048 3166 1196 3203 frustra
1225 3170 1356 3202 tentat
1389 3171 1439 3202 et.
1496 3167 1634 3214 Legati
1655 3167 1727 3211 'uli
1761 3168 1818 3205 nil
1855 3179 1927 3216 pro

112 3219 226 3267 pouit
244 3229 335 3255 eum
353 3220 487 3256 atatim
516 3222 662 3256 noster.
718 3219 818 3256 Item
848 3219 888 3254 in
907 3218 994 3266 My·
1047 3219 1304 3266 Vespasiano,
1323 3219 1390 3255 scd
1407 3220 1653 3257 Procurator.
1709 3221 1818 3261 Quia
1834 3223 1926 3259 sim-

114 3271 174 3308 nia.
190 3283 280 3310 eum
299 3271 486 3310 collocat:
517 3278 650 3309 noster
663 3271 825 3308 clareia
841 3273 993 3308 Panno·
1048 3272 1205 3323 pliciter
1238 3274 1471 3310 Procurator
1508 3278 1686 3320 vocatur,
1721 3276 1927 3323 utriusque

115 3324 196 3364 nia.
249 3326 351 3366 Quis
388 3331 522 3363 autem
551 3326 850 3374 praeponderare
878 3326 993 3362 fidem
1025 3326 1256 3377 ,provincias
1274 3328 1568 3364 Procuratorem
1586 3327 1707 3364 fuisse
1735 3333 1850 3376 putat
1866 3330 1927 3364 Pi-

115 3377 390 3417 Cornelianam
409 3378 586 3418 nesciat?
619 3380 730 3418 ers.
760 3380 822 3417 Cf.
843 3380 890 3417 de
909 3380 995 3417 An·-
1046 3381 1184 3418 ebena.
1211 3381 1319 3418 ERN.
1336 3381 1466 3422 Rhen.
1484 3393 1532 3423 ex
1547 3382 1706 3430 ingenio
1723 3382 1928 3418 emendare

116 3431 226 3468 tonio
247 3438 310 3478 14,
329 3438 394 3470 40.
1044 3433 1244 3485 parabat3
1293 3445 1383 3471 nam
1414 3434 1517 3472 Bud.
1548 3435 1667 3472 habet
1695 3435 1772 3473 sed.
1803 3435 1856 3470 sic
1888 3439 1927 3470 et

173 3484 484 3536 Reciperaverat]
505 3485 613 3525 Beue
629 3486 682 3524 sic
696 3485 876 3525 distinxit
886 3487 994 3525 Picta.
1047 3489 1145 3538 Agr.

1117 3546 1208 3592 ιθ
