2190 3880
431 155 529 209 DE
561 152 868 205 MomBUS
901 150 1292 206 GERMANIAE
1325 158 1463 208 cAP.
1491 162 1565 206 16.
1805 160 1905 214 367·

93 284 605 366 minis'sen‘ibusque
631 283 1076 337 'etinfirmissimo
1103 284 1302 353 cuique
1322 304 1394 337 ex.
1421 285 1653 338 familia:
1680 284 1786 355 ipsi
1811 284 1927 367 he-¹

81 356 260 416 beat.
319 355 462 411 'mira
502 356 817 408 diversitate
866 369 1097 419 naturae,
1143 372 1268 406 cum
1319 356 1483 407 iidem
1533 357 1780 416 homines
1829 357 1908 407 sic

82 436 280 487 ament
305 426 556 479 inertiam
583 438 639 478 et
660 426 876 478 oderint
906 426 1165 496 quietem.
1205 425 1336 477 Mos
1362 438 1444 476 est
1467 427 1800 491 civitatibuS,
1827 425 1910 479 ul-

95 506 183 549 tro
224 515 289 549 ac
334 498 537 550 viritim
577 497 824 550 conferre
867 496 1250 566 PrincipibuS,
1271 496 1356 549 vel
1399 510 1786 561 armentorum,
1824 497 1909 549 vel

94 565 337 637 frugum,
374 568 522 639 quod
561 586 661 639 pro
699 567 914 621 honore
942 578 1248 636 acceptum,
1286 567 1450 619 etiarn
1488 567 1908 618 necessitatibus

96 637 368 691 subvenit.
445 638 704 693 Gaudent
741 639 1019 708 praecipue
1055 638 1408 690 finitimarum
1448 638 1695 706 gentium
1733 638 1911 700 doniS,

94 725 220 776 quae
258 725 387 761 non
390 709 575 765 modo
613 728 646 761 a
686 709 931 773 sin‘ruliS,
969 708 1063 760 sed
1107 708 1324 778 publice
1372 708 1696 760 mittuntur:
1753 707 1911 759 electi

95 779 241 848 equi,
268 797 467 849 magna
481 796 653 843 arma,
675 750 928 848 pha‘feraffi
957 791 1300 848 tor.quesque
1372 778 1405 831 J
1414 796 1499 829 ‘un
1539 791 1593 829 et
1624 777 1910 847 pecuniam

95 849 347 920 accipere
367 850 672 902 docuimus·

87 919 292 985 ,ὺὶῐωῂ
303 920 433 973 satis
460 931 651 972 notum
677 910 791 971 est:
830 937 921 971 ne
938 920 1049 990 pati
1079 920 1296 989 quidem
1339 920 1478 970 inter
1504 919 1800 987 sejunctas
1830 936 1913 969 se-

95 990 210 1041 des.
286 989 492 1044 Colunt
519 990 735 1047 discreti
765 1008 828 1047 ac
851 990 1067 1054 diversi,
1094 1003 1155 1043 ut
1192 990 1334 1054 fonS,
1358 1001 1419 1040 ut
1456 1008 1699 1059 campuS,
1723 1001 1806 1042 ut
1819 1005 1914 1040 ne-

95 1078 216 1113 mus
255 1060 480 1131 placuit.
554 1061 720 1112 Vicos
759 1060 960 1125 locant,
987 1079 1095 1113 non
1135 1061 1191 1113 in
1231 1071 1476 1112 nostrum
1516 1077 1741 1123 morem,
1779 1077 1913 1112 con-

93 1131 253 1184 nexis
277 1143 334 1183 et
358 1131 762 1184 cohaerentibus
789 1131 1070 1183 aedificiis:
1110 1148 1262 1183 suam
1285 1131 1514 1199 quisque
1537 1131 1758 1182 domum
1789 1149 1912 1200 spa-

98 1203 175 1255 tio
203 1202 523 1268 circumdat,
552 1203 664 1253 sive
701 1201 954 1254 adversus
981 1220 1135 1254 casus
1174 1201 1317 1272 iguis
1346 1201 1662 1265 remedium,
1689 1201 1801 1254 sive
1828 1202 1913 1252 in-

736 849 929 901 Nullas
963 849 1359 901 Germanorum
1386 848 1601 918 populis
1629 849 1789 900 urbes
1815 848 1911 900 ha·
1934 809 1998 901 16

152 1334 240 1383 Ipsi
272 1333 429 1372 Jzebent:
456 1328 576 1384 mira]
608 1327 792 1382 Expressi
819 1328 978 1385 Fames.

97 1389 350 1435 scripturam,
378 1399 467 1433 nec,
494 1388 592 1436 quin
617 1399 664 1423 ea
689 1396 879 1436 germana
910 1381 978 1434 sit,

97 1441 352 1479 dubitaveris.
393 1439 570 1490 Vulgati,
589 1442 668 1490 ipsi
683 1441 821 1478 habent
837 1441 980 1478 miram

97 1496 373 1534 diversitatem.
427 1496 539 1534 ers.
603 1495 750 1532 Eadem
784 1495 980 1543 scriptura

96 1549 181 1586 cod.
198 1545 330 1599 Kapp.
351 1547 398 1598 (S.
424 1549 484 1586 ed.
509 1546 663 1598 Norib.)
682 1548 763 1595 jam
784 1549 938 1595 prodita
955 1560 980 1584 a

95 1600 303 1648 Rhenano,
322 1603 388 1652 qui
407 1606 541 1640 tamen
562 1614 641 1639 non
659 1602 814 1638 induxit
834 1603 875 1638 in
893 1607 979 1638 tex-

97 1659 196 1693 tum.
251 1657 325 1694 Ed.
360 1657 464 1705 Spir.
496 1658 574 1705 ipsi
604 1655 741 1693 habent
767 1656 868 1692 mira
901 1656 979 1692 div

97 1711 201 1755 unde
218 1709 372 1748 Pu'teol.
390 1710 484 1748 feeit
511 1710 647 1747 habent
666 1710 806 1746 miram
822 1709 982 1746 diversi-

99 1769 229 1806 tatem.
284 1765 347 1803 Ita
372 1774 474 1801 unus
505 1774 614 1800 error
630 1762 786 1811 peperit
801 1762 983 1800 alterum.

97 1818 324 1856 Diversitas
350 1824 516 1855 naturoe.
544 1821 605 1853 est
623 1817 734 1865 quasi
760 1827 983 1865 repugnan-

97 1871 174 1908 tia:
205 1882 295 1908 nam
315 1871 465 1909 diversa
484 1882 551 1918 ap.
570 1871 755 1908 'tacitum
773 1881 874 1918 saepe
893 1881 984 1907 con-

99 1924 238 1971 traria.
293 1925 403 1962 ERN.
468 1923 542 1962 Ed.
572 1925 686 1963 Rom.
719 1934 874 1973 quoque
906 1924 984 1973 ipsi

101 1978 233 2015 hebent
245 1979 348 2015 mira
366 1980 404 2016 d.
421 1991 460 2015 n.

162 2029 277 2069 Ultro
305 2044 352 2069 ac
379 2032 529 2069 viritim
562 2029 752 2081 conserve]
793 2029 985 2068 Imminu-

99 2089 185 2122 tum
212 2086 343 2122 locum
371 2097 468 2132 esse,
490 2082 619 2122 re‘s'et
648 2097 775 2121 sermo
802 2085 884 2133 ipse
906 2084 985 2120 cla-

101 2141 224 2176 mant.
250 2139 466 2177 Rhenanus
494 2151 542 2176 ex
567 2139 758 2186 vestigiis,
773 2143 821 2175 ut
846 2139 918 2182 ait,
936 2137 986 2173 li·

100 2191 180 2238 bri,
211 2193 313 2230 ultro
348 2194 539 2243 equitium
571 2193 753 2241 conferre.
817 2192 869 2229 Et
905 2191 984 2227 scio

100 2257 234 2284 vocem
278 2246 418 2294 equitii
463 2244 641 2294 probam,
684 2244 983 2283 Jurisconsultis

102 2304 357 2348 usurpatam:
388 2302 428 2336 et
444 2311 591 2336 morem
621 2300 750 2347 ipsum
779 2299 819 2334 in
845 2297 982 2336 Arme-

102 2353 178 2391 niis
213 2353 334 2391 etiam
367 2352 599 2399 obtinuisse,
627 2353 695 2403 qui
730 2363 849 2400 equos
883 2351 983 2399 Regi

102 2406 261 2444 alebant
280 2406 322 2444 in
347 2406 560 2444 tributum.
612 2406 838 2454 Xenophon
864 2405 904 2444 id
921 2415 984 2442 me

103 2461 235 2499 docuit
271 2465 313 2506 4,
335 2464 371 2497 5.
398 2460 459 2498 De
487 2459 734 2508 expeditione
770 2458 875 2507 Cyri.
930 2459 987 2495 At

102 2526 153 2552 ne
171 2514 227 2552 sic
258 2514 415 2563 quidem
434 2514 648 2561 pendentia
663 2511 782 2550 verba
808 2513 987 2549 firmave-

100 2568 173 2613 ris,
201 2578 287 2618 quae
314 2570 546 2615 sequuntur.
600 2567 668 2603 An
696 2565 891 2614 equitium
923 2560 984 2601 ar-

103 2625 326 2659 mentorum
358 2619 490 2658 dices?
529 2631 581 2656 an
615 2617 802 2667 frugum?
841 2618 986 2655 ridicu-

104 2676 201 2712 lum.
228 2674 326 2712 mihi
357 2678 452 2711 nota
479 2673 667 2711 excidisse
693 2670 903 2709 videbatur
931 2671 987 2710 X.

105 2724 191 2778 quae
204 2728 391 2767 decimam
408 2727 615 2774 significat,
629 2726 689 2762 vel
705 2726 892 2762 decimas:
914 2726 988 2762 sic-

104 2786 152 2820 ut
181 2782 315 2820 eadem
338 2781 540 2831 geminata
562 2781 656 2817 XX.
685 2779 928 2828 vigesimam,
946 2779 988 2815 in

103 2834 302 2884 lapidibus
330 2846 444 2883 saepe.
473 2833 695 2881 scribesque
723 2845 811 2870 meo
844 2843 985 2869 sensu:

107 2891 214 2927 ultro
231 2889 442 2927 acviritim
460 2888 516 2925 X.
536 2888 717 2934 conferre.
776 2886 887 2926 Quin
905 2896 988 2922 mos

107 2942 264 2992 quidem
295 2941 362 2979 ille
389 2942 509 2985 etiam
538 2941 651 2977 hodie
676 2939 856 2976 obtineat
883 2939 989 2987 apud

97 2995 328 3046 plerosque,
346 2994 393 3031 de
414 2994 657 3031 conferendis
677 2993 861 3030 decimis
852 3005 895 3029 m
921 3004 989 3029 no-

106 3049 274 3088 bilitatis
301 3060 433 3093 usum,
450 3047 587 3096 negari
616 3058 693 3084 non
723 3051 864 3094 potest.
917 3045 989 3082 Vel

108 3103 266 3152 explere
294 3102 412 3140 etiam
430 3101 578 3149 possis:
607 3101 669 3137 vel
681 3099 871 3149 frugum,
890 3099 995 3148 quod

103 3169 191 3208 pro.
242 3158 355 3195 Lu’s.
405 3155 587 3192 Brevitas
621 3153 750 3190 Taciti
787 3153 990 3200 haudqua-

109 3222 227 3259 quam
244 3209 500 3248 sollicitanda
553 3206 670 3244 Talia
686 3212 779 3243 sunt
803 3206 992 3243 Varronis

110 3264 196 3302 RR.
215 3269 256 3310 3,
281 3266 344 3301 16.
378 3263 427 3300 Si
451 3275 501 3299 ex
522 3262 609 3298 alvo
626 3262 756 3298 minu-5
766 3259 994 3309 frequenter

110 3317 279 3356 evadunt
297 3330 343 3354 ac
357 3316 522 3354 subsidit
540 3315 676 3364 aliqua
687 3325 797 3362 par-5,
815 3312 994 3361 suffumi-

110 3369 306 3419 gandam
313 3376 349 3407 et
367 3381 487 3420 prope
504 3367 772 3418 apponendum
788 3366 875 3404 bene
893 3366 995 3403 olen-

113 3426 214 3461 tium
247 3423 464 3468 herbarum,
494 3422 665 3459 maxime
705 3421 924 3468 apiastrum
959 3425 996 3456 et

114 3478 305 3527 tlzmnum.
362 3472 416 3514 Et
442 3476 602 3513 Horatii
632 3473 758 3510 Serm.
787 3479 828 3518 2,
858 3476 900 3518 6,
933 3478 998 3510 83.

114 3543 234 3582 neque
251 3530 313 3568 itti
326 3529 494 3580 sepositi
505 3529 654 3575 ciceriS,
671 3538 738 3565 nec
755 3526 884 3575 longa·
899 3527 964 3564 im
967 3527 1000 3564 ἰ-

1034 1334 1094 1372 dit
1112 1346 1255 1372 avenoe.
1310 1333 1492 1371 AElianus
1514 1339 1574 1370 ll.
1601 1339 1742 1370 ποικιλ.
1761 1337 1799 1370 5.
1830 1330 1917 1369 Τού-

1035 1403 1109 1429 τοις
1143 1379 1426 1455 ἶπιξαυλεῦοντες
1461 1385 1599 1435 Δελφοὶ
1634 1385 1681 1428 εἷς
1717 1386 1770 1423 τὰ
1803 1385 1916 1431 naui,

1033 1438 1168 1478 ’c‘vSoe‘
1143 1456 1182 1483 ην
1198 1439 1322 1482 αὐτοῖς
1350 1438 1372 1478 ι’
1381 1456 1434 1501 *τε
1442 1439 1652 1505 >tifernae-35
1680 1439 1746 1476 καὶ
1775 1439 1827 1476 τὰ
1850 1452 1917 1476 πο·

1034 1508 1150 1539 nam,
1166 1493 1236 1531 ivi.
1218 1493 1328 1530 ρπλον
1347 1509 1418 1531 των
1437 1492 1531 1546 Item
1544 1491 1752 1545 χρημάτων
1770 1492 1916 1559 λάθρα.

1033 1548 1142 1584 Idem
1159 1548 1205 1584 de
1224 1547 1386 1585 animal.
1413 1549 1452 1592 5,
1479 1552 1539 1584 13.
1574 1547 1605 1583 εἰ
1631 1543 1664 1583 δε
1693 1546 1792 1598 αυῆᾓ
1813 1545 1918 1611 παρὰ

1032 1597 1135 1648 δέξειν
1153 1599 1291 1649 γίνοιτο
1307 1600 1349 1638 «τὶ
1369 1600 1435 1637 ‘'a-03
1458 1598 1676 1648 πνεύματος,
1692 1587 1782 1647 ὄψει
1796 1597 1918 1651 φέρου·-

1034 1668 1101 1692 cm
1118 1652 1444 1695 λίθαντκάστην”
1419 1669 1539 1705 ango&
1566 1655 1639 1695 τοῖς
1664 1651 1780 1691 ποσίν.
1834 1653 1918 1700 Ap·

1035 1708 1192 1756 puleius
1206 1707 1277 1744 lib.
1299 1713 1336 1744 5.
1356 1711 1451 1746 met.
1479 1707 1549 1744 Sic.-
1567 1708 1634 1744 ille
1651 1709 1758 1743 nova·
1785 1712 1918 1755 nupta»

1030 1762 1208 1811 precibus
1220 1762 1371 1799 veniam
1383 1761 1537 1805 tribuit,
1549 1766 1585 1797 et
1598 1762 1753 1809 insuper
1763 1761 1919 1809 quibus-

1037 1828 1197 1865 cumque
1223 1816 1334 1853 vellet
1352 1828 1417 1852 eas
1436 1815 1526 1850 auri
1542 1815 1602 1850 vel
1619 1815 1824 1851 monilium
1853 1814 1920 1850 do-

1036 1882 1129 1906 nare
1156 1870 1351 1907 concessit.
1405 1868 1493 1915 Ipse
1511 1866 1673 1904 Tacitus
1691 1868 1741 1904 A.
1771 1871 1835 1912 15,
1854 1872 1919 1904 53.

1041 1923 1206 1960 Tribuni
1232 1928 1268 1960 et
1289 1923 1535 1959 Centuriones
1561 1927 1597 1957 et
1625 1927 1848 1957 caeterorum
1874 1926 1922 1957 ut

1038 1979 1196 2029 quisque
1226 1976 1420 2013 audentio?
1447 1974 1654 2019 habuisset,
1679 1980 1920 2011 accurrerent

1038 2030 1360 2079 trucidarentque.
1412 2029 1552 2065 Gnos.
1596 2028 1715 2065 Liber
1732 2028 1797 2064 iue
1814 2027 1920 2063 Rhe-

1038 2084 1150 2128 nani,
1168 2094 1284 2131 quem
1313 2081 1495 2130 Artolphi
1524 2081 1608 2117 cod.
1637 2085 1764 2126 vocat,
1784 2084 1843 2116 est
1870 2081 1920 2126 is,

1038 2148 1154 2185 quem
1173 2148 1244 2185 ego
1264 2136 1395 2184 Kapp.
1416 2136 1564 2172 vocavi.
1623 2135 1671 2171 In
1696 2135 1768 2171 hoc
1786 2138 1921 2171 autem

1039 2190 1231 2238 exemplo,
1249 2190 1395 2227 mundo
1415 2189 1483 2225 illo
1499 2195 1542 2225 et
1560 2187 1658 2224 bene
1676 2191 1922 2234 conservato,

1038 2255 1116 2281 non
1136 2249 1196 2293 est
1214 2257 1262 2281 αι·
1279 2244 1423 2280 virium
1447 2243 1514 2278 sed
1541 2254 1589 2279 ac
1605 2241 1763 2290 jurium
1777 2255 1789 2273 -·
1817 2240 1923 2290 quod

1038 2301 1098 2334 est
1114 2298 1198 2334 sine
1215 2296 1335 2333 dubio
1353 2299 1490 2333 natum
1521 2307 1541 2330 e
1558 2296 1721 2333 viritim.
1776 2295 1922 2331 Locum

1038 2351 1267 2399 corruptelae
1284 2349 1378 2387 fecit
1395 2349 1564 2386 inversio
1589 2349 1723 2396 primae
1748 2348 1922 2395 syllabae,
1940 2380 1945 2384 .

1039 2416 1118 2452 qua.
1137 2404 1192 2442 nil
1210 2404 1456 2453 frequentius
1472 2406 1532 2438 est
1548 2402 1590 2437 in
1608 2402 1694 2438 edd.
1709 2402 1859 2448 priscis,
1875 2406 1924 2438 ut

1041 2469 1141 2506 saepe
1162 2469 1210 2493 ex
1229 2458 1290 2493 ed.
1310 2456 1440 2493 Taciti
1457 2456 1586 2504 prima
1604 2454 1785 2491 iudicavi.
1812 2456 1923 2492 ERN.
1975 2453 1979 2458 “

1040 2512 1115 2548 Ed.
1149 2512 1264 2548 Rom.
1294 2511 1385 2547 Put.
1415 2510 1542 2546 Rheu.
1570 2520 1616 2545 ac
1642 2509 1805 2545 viritim.
1847 2508 1923 2545 Ed.

1038 2564 1219 2601 Norimb.
1251 2576 1298 2600 ac
1320 2562 1490 2611 jurium.
1543 2561 1715 2598 Notarat
1745 2561 1820 2597 sibi
1851 2561 1924 2597 hoc

1039 2618 1168 2655 Rhea.
1197 2618 1238 2654 in
1266 2617 1444 2664 margine
1473 2614 1565 2651 libri
1596 2614 1673 2660 sui,
1699 2626 1834 2651 verum
1865 2614 1924 2651 ita
1971 2639 1978 2642 -

1041 2671 1198 2718 supine,
1220 2673 1278 2716 ut,
1298 2681 1419 2718 quum
1438 2664 1720 2705 ad'curandum
1735 2667 1924 2705 Tacitum

1039 2736 1177 2761 rursus
1195 2724 1396 2761 accederet
1413 2734 1459 2759 ex
1487 2722 1631 2758 litteris
1660 2722 1926 2758 evanescenti-

1041 2777 1115 2814 bus
1134 2778 1378 2826 exsculperet
1404 2789 1452 2813 αι·
1477 2777 1621 2813 virium
1639 2776 1698 2810 vel
1717 2776 1924 2820 ecuirium,

1042 2832 1147 2869 unde
1176 2831 1386 2867 somniavit
1406 2831 1610 2880 equitium.
1670 2829 1847 2866 Servavit
1864 2834 1926 2864 taa-

1042 2896 1134 2922 men
1153 2886 1193 2921 in
1211 2888 1323 2921 textu
1337 2897 1383 2921 ac
1398 2883 1561 2920 viritim.
1589 2882 1680 2930 Bip.
1696 2882 1786 2918 inde
1799 2882 1925 2919 fecere

1044 2939 1276 2976 auctarium.
1331 2937 1431 2974 Mihi
1453 2935 1610 2983 Lipsius
1628 2946 1764 2972 verum
1783 2935 1925 2972 vidisse

1043 2992 1215 3037 videtur,
1248 2992 1350 3040 quod
1385 2996 1426 3027 et
1460 2988 1657 3026 Groslotio
1701 2989 1850 3038 placuit
1885 2993 1926 3026 et

1044 3045 1172 3085 Rhen.
1214 3044 1420 3092 expressit,
1463 3043 1632 3091 pendere
1667 3043 1861 3091 genitivos
1902 3054 1927 3079 a

1047 3099 1276 3148 pronomine
1296 3099 1411 3147 quod,
1429 3097 1533 3134 unde
1551 3096 1769 3133 tollendum
1787 3097 1926 3134 distin-

1043 3153 1186 3190 ctionis
1203 3152 1361 3199 majoris
1380 3151 1551 3199 signum.

1099 3207 1141 3242 A
1156 3204 1344 3254 singuli-r]
1367 3203 1596 3242 Perizonius
1614 3202 1927 3252 praepositionem

1047 3273 1072 3297 a
1086 3258 1252 3296 deletam
1273 3259 1443 3302 volebat,
1460 3261 1508 3295 ut
1525 3257 1701 3294 dativum
1723 3256 1879 3292 habeas.

1103 3312 1182 3349 Sed
1193 3311 1361 3361 publice]
1395 3312 1480 3348 MS.
1500 3311 1589 3347 Art.
1608 3311 1690 3346 cod.
1723 3310 1853 3356 Kapp.
1878 3306 1935 3359 (ss

1049 3365 1109 3402 ed.
1126 3365 1223 3403 Nor.
1220 3363 1243 3429 .)
1262 3366 1329 3403 sed
1344 3372 1394 3402 et.
1439 3366 1549 3402 ERN.
1602 3362 1665 3400 Sic
1683 3363 1741 3398 ed.
1761 3363 1874 3398 Rom.

1104 3419 1196 3456 Non
1212 3420 1255 3456 in
1272 3431 1312 3455 n.
1331 3416 1489 3467 morem]
1525 3416 1609 3454 MS.
1628 3416 1780 3455 Arund.
1804 3419 1930 3453 nostro

1051 3484 1165 3512 more.
1208 3474 1317 3512 ERN.
