2190 3880
296 140 364 183 40
900 130 1500 192 HISTORIARUM

164 274 217 315 A.
237 275 287 313 υ.
300 252 610 310 cunctationi
641 254 778 319 locus
813 267 882 321 est
917 259 974 312 in
1011 278 1066 312 eo
1106 259 1328 325 consilio,
1368 259 1505 332 quod
1539 278 1642 318 nou
1671 268 1838 332 potest
1880 259 2105 328 laudari,

182 331 273 367 823·
301 327 398 380 nisi
414 337 694 397 peractum.
769 329 997 401 Aperite
1022 331 1217 398 deinde
1245 332 1719 389 armamentarium
1736 332 1922 403 jussit.
1948 345 2105 405 rapta

166 383 287 478 ἧος·
301 399 485 453 statim
522 419 689 465 arma,
728 401 842 454 sine
884 419 1032 455 more
1071 415 1126 454 et
1154 402 1344 462 ordine
1376 403 1610 468 militiae,
1646 416 1708 457 ut
1746 405 2104 475 praetorianus

295 482 394 531 aut
441 471 767 541 legionarius
812 473 1116 545 insignibus
1162 475 1274 526 suis
1313 474 1767 545 distingueretur:
1809 477 2104 530 miscentur

295 542 652 605 auxiliaribus
674 544 846 616 galeis
874 546 1165 614 scutisque.
1227 545 1392 598 Nullo
1418 546 1784 600 Tribunorum
1812 546 2105 602 Centurio-
2165 552 2167 554 “

293 633 495 675 numve
520 615 865 680 adhortante,
901 616 1004 669 sibi
1032 617 1261 687 quisque
1288 617 1401 670 dux
1429 630 1485 670 et
1521 618 1840 689 instigator:
1879 629 1935 671 et
1961 636 2126 690 praef

294 688 518 759 cipuum
556 687 912 757 pessimorum
954 688 1386 753 incitamentum,
1428 689 1572 759 quod
1615 690 1744 745 boni
1783 691 2102 750 maerebant.

213 756 422 831 39Jam
448 759 736 811 exterritus
765 758 894 812 Piso
922 758 1141 821 fremitu
1168 761 1556 813 crebrescentis
1595 761 1895 827 seditioniS‚
1923 771 1980 815 et
2004 779 2102 814 vo·-

295 831 448 885 cibus
474 830 531 882 -in
559 831 747 887 urbem
777 848 946 900 usque
984 832 1379 895 resonantibuS,
1405 850 1679 903 egressum
1719 833 1935 895 interim
1965 832 2100 891 Gal-

294 902 439 965 bam,
484 913 540 961 et
575 901 695 955 foro
740 901 1285 972 adpropinquantem,
1323 903 1608 956 adsecutus
1645 915 1789 959 erat:
1820 904 1939 975 jam
1971 903 2099 960 Ma-

292 973 403 1032 rius
433 971 620 1029 Celsus
645 973 790 1027 haud
816 973 942 1029 laeta
966 973 1251 1028 retulerat:
1279 993 1404 1033 cum
1432 974 1541 1039 alii,
1566 975 1621 1031 in
1637 974 1896 1046 palatium
1915 975 2096 1042 redire,

292 1044 404 1110 alii,
439 1043 733 1115 capitolium
761 1052 946 1117 petere,
983 1045 1242 1116 plerique,
1280 1054 1443 1098 rostra
1467 1047 1775 1116 occupanda,
1796 1058 2098 1112 censerent,

291 1116 471 1188 plures
497 1127 711 1170 tantum
737 1117 1017 1174 sententiis
1043 1117 1271 1170 aliorum
1298 1117 1747 1183 contradicerent,
1775 1130 1940 1189 utque
1958 1136 2089 1191 eve-

291 1188 376 1240 nit
403 1188 459 1240 in
485 1188 724 1241 consiliis
761 1187 1086 1252 infelicibus,
1114 1190 1324 1260 optima
1351 1189 1676 1255 viderentur,
1703 1208 1932 1262 quorum
1960 1202 2098 1250 tem·

291 1278 394 1384 ἕως
420 1259 703 1331 effugerat.
777 1259 1029 1331 Agitasse
1061 1260 1224 1326 Lace,
1253 1261 1443 1330 ignaro
1465 1261 1668 1326 Gal-ba,
1697 1262 1765 1315 de
1790 1261 2094 1316 occidendo

344 1370 357 1383 .
386 1331 551 1392 Vinio
577 1331 795 1396 dicitur,
822 1332 934 1385 sive
962 1343 1021 1389 ut
1061 1351 1226 1403 poena
1248 1332 1368 1401 ejus
1394 1333 1602 1391 animos
1631 1333 1862 1387 rnilitum
1891 1333 2094 1393 mulee-

290 1413 393 1467 ret,
443 1421 535 1455 seu
584 1404 864 1463 conscium
905 1404 1142 1463 Othonis
1184 1404 1456 1469 credebat,
1500 1405 1569 1458 'ad
1618 1417 1971 1476 postremum,
2011 1403 2098 1463 vel

290 1475 437 1527 odio,
490 1474 890 1533 haesitationem
940 1475 1136 1533 adtulit
1176 1487 1388 1547 tempus
1429 1494 1492 1530 ac
1530 1475 1700 1541 loom,
1744 1477 1891 1548 quia,
1932 1476 2091 1533 initio

290 1546 455 1600 caedis
484 1557 622 1612 orto,
649 1546 886 1600 difficilis
924 1548 1135 1604 moduS.
1173 1560 1228 1599 et
1254 1549 1538 1600 turbavere
1563 1548 1852 1606 consilium
1892 1548 2092 1620 trepidi

287 1618 466 1678 nuntii
494 1637 556 1672 ac
597 1619 967 1689 proximorum
998 1618 1244 1690 diffugia,
1282 1618 1665 1692 languentibus
1692 1620 1937 1675 omnium
1978 1631 2093 1676 stu-

286 1690 412 1755 diis,
437 1690 529 1760 qui
563 1691 736 1761 primo
757 1690 964 1750 ,al-aeres
997 1692 1159 1743 fidem
1197 1703 1362 1759 atque
1398 1691 1638 1753 animum
1665 1702 2092 1748 ostentaverant.

203 1769 275 1816 40
288 1760 571 1833 Agebatur
596 1763 703 1815 hue
730 1762 856 1814 illuc
884 1762 1079 1827 Galba,
1108 1763 1255 1815 vario
1289 1762 1462 1815 turbae
1493 1763 1806 1816 fluctuantis
1845 1762 2092 1834 inpulsu:

287 1833 573 1904 completis
600 1834 838 1904 undique
876 1835 1110 1887 basilicis
1151 1854 1214 1888 ac
1253 1834 1485 1906 templiS,
1524 1834 1740 1906 lugubri
1779 1853 1906 1907 pros
1947 1849 2091 1888 ectu.

286 1919 463 1975 neque
503 1906 708 1978 populi,
751 1916 844 1958 aut
875 1906 1047 1978 plebis
1091 1906 1198 1961 ulla
1226 1925 1370 1972 vox;
1408 1905 1500 1961 sed
1541 1907 1773 1960 adtoniti
1821 1923 1888 1960 vu
1913 1918 2000 1962 tus
2027 1900 2092 1958 'et

286 1995 561 2030 conversae
590 1976 656 2030 ad
683 1977 867 2030 omnia
895 1997 1067 2031 aures,
1105 1996 1213 2031 non
1253 1977 1535 2043 tumultuS‚
1572 1997 1680 2032 non
1709 1978 1892 2049 quies:
1931 1978 2090 2049 quale

284 2049 470 2121 magni
499 2059 673 2101 metus
700 2061 755 2102 et
780 2067 994 2122 magnae
1033 2050 1126 2109 irae
1169 2049 1441 2102 silentium
1478 2060 1578 2102 est.
1651 2049 1863 2103 Othoni
1887 2062 2091 2115 tamen,

285 2121 480 2174 armari
537 2119 709 2185 lehem,
738 2119 1107 2182 nuntiabatur.
1183 2120 1271 2174 Ire
1284 2121 1566 2192 praecipites
1593 2129 1640 2175 et
1675 2139 1916 2194 occupare
1944 2122 2086 2191 peri-

284 2192 401 2246 cula
428 2191 495 2263 ju
538 2204 608 2246 et.
685 2191 865 2264 Igitur
899 2194 1097 2247 milites
1143 2193 1408 2258 Romani,
1449 2193 1602 2262 quasi
1646 2193 1955 2264 Vologesen
1994 2204 2095 2247 ant¹

285 2265 557 2326 Pacorum
595 2265 742 2316 avito
768 2263 1149 2317 Arsacidarum
1190 2265 1323 2317 solio
1350 2263 1642 2335 depulsuri,
1680 2283 1744 2317 ac
1770 2282 1879 2317 non
1907 2263 2091 2336 Impe-

284 2350 517 2395 ratorem
542 2354 696 2393 suum
726 2336 984 2394 inermem
1014 2348 1069 2389 et
1098 2354 1278 2389 senem
1301 2336 1569 2389 trucidare
1596 2345 1900 2407 pergerent,
1926 2335 2090 2407 disjess

282 2422 374 2463 cta
406 2407 582 2480 plebe,
626 2407 939 2478 proculcato
967 2407 1189 2472 Senatu,
1230 2419 1406 2468 truces
1446 2409 1626 2472 ariniS‚
1669 2407 1870 2479 rapidis
1912 2407 2086 2477 equis,

283 2481 461 2534 forum
490 2479 824 2550 inrumpunt.
863 2498 966 2532 nec
990 2480 1107 2532 illos
1134 2478 1375 2550 capitolii
1399 2479 1705 2549 adspectuS‚
1729 2491 1784 2531 et
1819 2478 2062 2532 inminen

282 2552 419 2609 tium
457 2550 1026 2625 templorumreligiO,
1053 2562 1109 2604 et
1145 2551 1348 2624 priores
1375 2560 1430 2602 et
1465 2549 1632 2603 futuri
1673 2550 1954 2622 Principes
1983 2561 2089 2603 ter-

278 2668 512 2745 exquisitius
527 2706 767 2744 consequens
794 2707 864 2744 pro
885 2694 1156 2741 antecedente,
1211 2693 1343 2732 nullis.
1398 2693 1473 2731 Sed
1488 2691 1529 2731 id
1539 2705 1610 2732 nec
1625 2694 1779 2743 Lipsius
1797 2699 2088 2745 necisequentes

280 2751 352 2789 hoc
379 2761 519 2789 sensu:
539 2751 626 2799 quis
646 2761 724 2799 >pro
748 2762 812 2788 me
839 2750 969 2788 acrius
997 2754 1158 2788 conten·
1211 2749 1355 2789 imitati
1377 2752 1484 2787 suut.
1537 2749 1671 2798 Atque
1700 2749 1819 2791 etiam
1836 2761 1956 2798 supra
1970 2761 2004 2786 e.
2021 2753 2089 2788 36.

279 2805 404 2845 dendo
420 2803 578 2852 efficiat,
595 2809 643 2845 ut
660 2806 697 2843 ei
725 2804 814 2854 plus
843 2804 1019 2852 debeam.
1048 2805 1157 2844 BRN.
1211 2815 1283 2852 pro
1300 2804 1411 2842 mices
1427 2804 1555 2841 caveri
1575 2805 1804 2853 proepositos
1816 2802 1978 2852 jubebat
1994 2803 2089 2841 Mu·

279 2859 341 2898 Cf.
355 2871 390 2895 c.
409 2863 475 2897 55.
957 2900 959 2903 Α
1206 2861 1331 2903 retus,
1349 2857 1416 2906 qui
1445 2858 1507 2894 hic
1525 2858 1685 2906 corrigit
1712 2859 1874 2908 aperiri,
1897 2857 1976 2906 legi
2004 2856 2091 2897 vult

334 2912 602 2964 cunctationi]
633 2914 697 2953 sic
723 2913 828 2953 Bud.
852 2917 915 2950 ast
941 2912 1045 2953 mor.
1061 2910 1156 2960 Agr.
1209 2924 1352 2953 cavere.
1385 2912 1483 2949 adeo
1514 2911 1779 2951 inconstantes
1811 2912 1854 2950 in
1886 2911 1959 2950 hoc
1991 2917 2092 2953 sunt.

277 2967 548 3006 cunctationis.
1209 2967 1284 3006 viri
1300 2966 1416 3004 docti.
1443 2966 1555 3004 ERN.

1261 3020 1332 3057 Ad
1356 3024 1594 3069 postremum
1618 3018 1678 3057 vel
1704 3015 1809 3069 odio]
1839 3017 1903 3057 sic
1935 3019 2087 3068 primns

330 3022 496 3070 Aperire
511 3020 643 3060 deinde
661 3022 1005 3061 armamentarium
1007 3014 1152 3069 jussit]

1207 3074 1335 3114 Rhen.
1365 3073 1430 3125 (ex
1455 3072 1629 3122 ingenio)
1656 3071 1801 3115 edidit:
1829 3077 1923 3110 ante
1951 3083 2086 3116 omnes

276 3077 443 3124 Aperire
469 3085 542 3112 scr.
565 3075 684 3125 (Bud.
705 3074 820 3125 Agr.)
843 3079 885 3112 et
900 3075 986 3114 edd.
1006 3083 1155 3118 omnes,

276 3134 370 3168 ante
386 3129 611 3175 Pichenam,
630 3130 697 3178 qui
714 3129 1040 3178 recepitlapen‘ri,
1053 3127 1156 3176 quod

277 3194 413 3222 omnes
435 3183 559 3221 secuti
585 3188 692 3222 sunt.
746 3185 830 3234 Ego
846 3188 958 3221 vetus
985 3182 1158 3221 restitui.

279 3238 380 3278 Nam
388 3237 526 3287 jubere
541 3241 582 3274 et
599 3250 687 3275 cum
705 3237 898 3276 infinitivo
918 3237 1046 3277 activo
1061 3235 1158 3273 dici-

277 3298 361 3339 tur,
379 3291 579 3330 intellecto
595 3292 817 3342 accusativo
834 3302 984 3334 eorum,
997 3290 1067 3340 qui
1087 3289 1155 3336 ju-

278 3347 445 3385 bentur:
475 3357 513 3382 v.
531 3345 732 3384 Drakenb.
759 3346 810 3384 ad
827 3345 913 3383 Liv.
934 3350 1000 3391 27,
1019 3348 1084 3382 24.
1111 3347 1154 3383 et

279 3412 375 3449 quos
392 3400 448 3438 ibi
464 3399 613 3439 laudat.
670 3400 766 3438 Mox
794 3403 926 3437 notter
950 3411 983 3436 c.
1000 3403 1066 3437 40.
1093 3410 1155 3437 oc-

277 3466 420 3504 cupane
445 3455 622 3503 pericula
639 3454 765 3504 jubet,
795 3464 848 3492 sc.
874 3452 1043 3492 milites:
1084 3451 1154 3497 ubi

278 3509 492 3556 Rhenanus
515 3519 564 3545 ex
592 3508 762 3557 ingenio,
778 3512 825 3545 ut
839 3508 992 3556 opinor,
1011 3506 1067 3558 (v.
1097 3505 1169 3549 ibi>

279 3562 430 3614 notata)
463 3565 644 3614 occupari
668 3563 790 3603 edidit
813 3573 902 3609 eum
919 3571 1031 3614 seqq.
1055 3570 1153 3601 nou-

1209 3128 1264 3167 ad
1270 3133 1482 3177 posterum,
1493 3132 1540 3172 nt
1553 3131 1593 3166 et
1609 3125 1739 3167 Guelf.
1754 3125 1811 3179 (ot
1818 3125 1940 3177 Bud.)
1953 3127 2088 3170 habet.

1210 3181 1319 3220 ERN.

1260 3236 1355 3275 Huc
1386 3233 1500 3287 illuc]
1533 3233 1635 3275 Bud.
1664 3233 1742 3272 lucc
1767 3239 1804 3272 et
1836 3233 1947 3273 illuc.
1986 3235 2084 3274 Mox

1206 3289 1302 3339 Agr.
1320 3295 1488 3340 aspectu,
1507 3296 1547 3327 et
1562 3288 1654 3326 dein
1670 3288 1905 3328 conculcato.

1261 3343 1459 3393 Occupare
1484 3343 1659 3393 pericula
1681 3340 1812 3392 jubet]
1847 3341 1914 3385 sio
1937 3353 2011 3381 sor.
2041 3348 2083 3381 et

1208 3397 1294 3436 edd.
1311 3401 1403 3437 ante
1418 3396 1546 3436 Rhea.
1583 3396 1632 3434 V.
1649 3397 1700 3433 ad
1716 3407 1750 3433 c.
1769 3401 1835 3435 38.
1851 3396 1948 3439 Mox
1975 3396 2082 3437 Flor.

1211 3450 1268 3502 (et
1279 3452 1376 3501 Reg-
1390 3450 1490 3494 Lau,
1506 3455 1548 3488 et
1559 3448 1679 3501 Eud.)
1695 3449 1828 3500 rapidi
1838 3452 1957 3502 equis.
1972 3451 2087 3492 Ean.-

1205 3505 1309 3545 Bud.
1326 3511 1367 3545 et
1384 3518 1434 3544 ex
1458 3505 1648 3547 eoRhen.
1670 3506 1865 3557 occupari.
1905 3504 1980 3546 Sed
2006 3505 2083 3545 sub

1206 3560 1334 3600 activo
1351 3558 1586 3611 intelligitur
1600 3571 1703 3601 „euos-
