2190 3880
276 109 343 155 82
879 101 1508 156 HISTORIA-BHM

144 248 201 289 A.
217 246 271 285 U.
284 231 501 283 ritatem
512 225 767 297 Paullini,
782 230 1028 305 vigorem
1053 229 1611 301 C'elsi‚maturitatet'nq
1625 232 1790 301 Galli,
1817 234 2099 307 uteuique
2163 231 2170 278 ss‘

159 304 254 343 223·
284 312 418 370 erat,
443 302 800 370 criminandO,
827 307 973 375 quod
1010 305 1330 359 facillimum
1358 306 1506 359 factu
1530 307 1630 373 est,
1655 326 1854 378 pravus
1874 318 1929 360 et
1950 307 2100 360 ealli—
2158 332 2171 375 j‘

324 393 404 442 uS‚
459 393 593 430 onos
613 387 668 429 et
684 394 773 429 mo
813 389 956 430 estos
980 389 1123 430 antei
1168 390 1242 432 at.
1323 397 1352 430 e
1393 390 1563 430 osrtus
1629 397 1686 430 er
1709 397 1802 431 eos
1865 398 1940 432 ies
2012 396 2100 431 or-
2158 386 2160 389 ’

128 356 318 452 ·'2;;‚f³·d
421 375 457 430 b
776 377 810 430 d
1111 378 1164 430 'b
1283 379 1468 449 sp·
1592 397 1624 450 p
1824 379 1875 432 d·
1960 377 2006 432 c
2161 384 2164 386 ’

194 469 267 519 33
286 447 455 502 nelius
473 447 758 502 Dolabella
781 450 834 500 in
852 450 1124 502 coloniam
1142 450 1495 519 Aquinatem,
1513 465 1686 521 neque
1699 462 1817 504 anta
1831 450 2098 516 custodia,

278 539 458 592 neque
501 521 764 574 obsco-ra:
804 521 1010 573 nullum
1049 522 1122 573 ob
1160 523 1384 586 crimen,
1414 522 1504 574 sed
1536 534 1750 575 vetusto
1789 523 2008 575 nornine
2042 532 2101 575 et

273 594 685 666 propinquitate
706 591 901 645 Galbae
930 604 1279 646 monstratus,
1356 593 1626 657 Multossse
1655 593 2098 665 Magistratibus,

272 684 531 738 magnam
548 665 912 718 consularium
938 677 1167 737 partem,
1184 665 1355 731 Otho,
1373 683 1488 718 non*
1500 666 1792 737 participes
1815 667 1909 719 aut
1935 666 2095 719 mini-

275 750 417 791 stros
435 737 593 802 bello,
607 737 698 790 sed
714 737 978 790 comitum
996 738 1194 808 specie,
1210 756 1389 790 secum
1412 738 1669 810 expedire
1680 739 1868 810 jubet:
1897 739 1955 791 in
1972 738 2093 809 quis

263 821 332 863 et
352 810 413 863 L.
429 808 733 874 Vitellium,
753 809 946 862 eodem
971 828 1080 881 quo
1107 822 1314 863 ceteros
1340 809 1509 874 cultu,
1526 808 1631 863 nec*
1651 824 1713 863 ut
1739 809 2096 882 Imperatoris

279 883 523 948 fratrem,
543 899 644 934 nec
671 879 734 934 ut
753 881 947 934 hostis.
1001 881 1182 953 Igitur
1205 893 1357 935 mota
1386 882 1530 935 urbis
1557 901 1718 938 cura:
1751 882 1942 936 *nullus
1958 882 2093 936 ordo

274 965 427 1007 metu
459 964 555 1006 aut
579 952 825 1025 periculo
854 971 1075 1008 vacuus.
1110 953 1377 1026 primores
1405 954 1642 1007 Senatus
1676 965 1842 1008 aetate
1867 954 2092 1008 invalidi

261 1038 333 1079 -et
357 1026 525 1098 longa
551 1045 686 1097 paee
711 1026 953 1080 desides:
995 1021 1176 1098 segnis
1209 1038 1263 1078 et
1290 1026 1462 1078 oblita
1503 1026 1762 1080 bellorum
1802 1026 2092 1096 nobilitas;

261 1099 498 1170 ignarus
526 1098 749 1159 militiae
787 1096 999 1169 Eques:
1039 1108 1246 1169 quanto
1279 1098 1465 1169 magis
1501 1099 1776 1152 occultare
1795 1111 1859 1152 et
1893 1100 2092 1152 abdere

273 1188 536 1242 pavorem
582 1171 917 1236 nitebantur,
960 1170 1302 1223 manifestius
1353 1170 1557 1243 pavidi.
1638 1170 1758 1224 Nec
1795 1171 2025 1226 deerant
2061 1189 2092 1225 e

273 1244 569 1308 contrarie,
616 1243 710 1314 qui
762 1243 1079 1296 ambitione
1118 1242 1334 1309 stolida,
1386 1243 1684 1314 conspicua
1735 1243 1902 1310 arma,
1958 1243 2092 1296 iusi-

275 1333 411 1388 gnes
448 1334 636 1386 equOS‚
673 1316 897 1386 quidam
939 1315 1248 1386 luxuriosos
1284 1315 1573 1387 adparatus
1609 1316 1994 1370 conviviorum
2035 1326 2092 1369 et

256 1388 625 1441 inritamenta
669 1387 979 1454 libidinum,
1013 1399 1075 1440 ut
1114 1388 1474 1441 instrumenta
1517 1387 1662 1454 belli,
1702 1400 2090 1442 mercarentur.

277 1460 628 1532 Sapientibus
664 1460 864 1530 quietis
904 1471 960 1512 et
997 1458 1344 1532 Reipublicae
1396 1478 1550 1514 eura:
1588 1459 1892 1514 levissimus
1943 1460 2091 1532 quis-

275 1551 383 1603 que
433 1543 488 1585 et
538 1531 707 1585 futuri
760 1531 1099 1604 inproviduS‚
1151 1550 1248 1604 spe
1300 1550 1441 1586 vana
1493 1544 1738 1587 tumens:
1792 1532 1950 1586 multi
1995 1532 2092 1586 ad-

277 1605 431 1658 flicta
456 1604 563 1657 fide
601 1606 657 1657 in
692 1623 844 1676 pace,
871 1623 935 1657 ac
960 1604 1194 1659 turbatis
1234 1603 1648 1671 rebus-alacre&
1674 1618 1731 1658 et
1756 1608 1851 1678 per
1881 1606 2094 1659 incerta

194 1678 263 1734 89
282 1677 560 1731 tutissimi.
637 1677 743 1730 Sed
769 1676 982 1750 VulguS,
1007 1689 1064 1730 et
1090 1676 1469 1749 magnitudine
1508 1677 1678 1730 nimia
1715 1677 2090 1732 communium

277 1768 529 1805 curarum
555 1767 749 1821 expers
782 1749 1031 1822 populuS‚
1075 1751 1275 1802 sentire
1307 1750 1589 1822 paullatim
1617 1749 1744 1802 belli
1770 1750 1933 1817 mala,
1958 1769 2091 1804 con·

274 1841 431 1876 versa
457 1823 513 1874 in
542 1823 777 1875 militum
806 1841 962 1875 usum
992 1822 1142 1874 omni
1216 1823 1427 1887 ecnnia,
1454 1823 1680 1875 intentis
1707 1821 2091 1876 alimentorum

271 1895 494 1968 pretiis:
535 1914 677 1964 quae,
704 1905 858 1947 motu
887 1894 1154 1960 Vindicis,
1177 1841 1326 1947 llaud
1362 1895 1583 1966 perinde
1610 1895 1824 1967 plebem
1854 1895 2089 1948 adtrive-

269 1978 411 2034 rant‚
441 1984 628 2020 secura
655 1979 770 2020 tum
798 1967 932 2020 urbe
957 1977 1013 2019 et
1044 1966 1366 2040 provinciali
1394 1966 1554 2034 bello,
1577 1968 1723 2040 quod
1752 1967 1892 2020 inter
1916 1967 2090 2040 legio-

326 2114 440 2152 C'orn.
484 2111 711 2165 Dolabella]
760 2113 871 2152 Suet.
916 2091 1046 2152 Galba
1087 2117 1152 2151 12.
1207 2113 1370 2163 Imperii
1387 2125 1484 2152 cura
1498 2114 1810 2162 conjunguntur.
1863 2113 1974 2151 ERN.

1259 2169 1404 2206 Multis
1435 2169 1582 2219 afflicta
1602 2169 1708 2217 fides
1741 2169 1784 2206 in
1810 2167 1925 2219 pace]
1986 2167 2090 2208 Quis

251 2170 255 2171 ⁷
273 2169 436 2207 Cvaeium
452 2168 560 2205 dicit.

250 2222 253 2224 ’
324 2224 627 2274 Propinquitate
664 2221 811 2272 Galbae]
853 2222 946 2263 Quo
978 2221 1152 2269 vinculo,

268 2278 424 2317 nescio:
455 2278 520 2315 sed
540 2279 611 2326 ipsi
631 2276 765 2315 Galboe
783 2280 1008 2325 suspectum
1034 2277 1154 2314 Dola-

269 2332 416 2370 bellam
434 2333 480 2369 de
496 2333 676 2381 imperio,
692 2333 732 2368 in
754 2331 929 2368 Suetonii
950 2331 1077 2369 Galba
1094 2338 1153 2370 12.

268 2387 449 2427 observo,
494 2387 638 2424 Scribit
668 2391 708 2423 et
742 2386 976 2423 Plutarchus
1014 2398 1048 2424 c.
1088 2392 1153 2424 23.

270 2454 361 2480 cum
404 2443 450 2479 de
485 2453 703 2479 successore
739 2440 868 2478 Galba
901 2440 1151 2488 deliberaret,

271 2499 418 2536 amicos
437 2499 589 2547 partim
606 2496 838 2544 Βοίᾳόεἶῐεε,
854 2498 989 2545 plures
1010 2497 1153 2533 Othoni

270 2553 475 2590 studuisse.
541 2552 632 2589 Non
682 2562 776 2599 ergo
807 2551 966 2595 mirum,
1002 2551 1151 2588 Othoni

247 2606 249 2609 ’
269 2617 377 2644 nunc
395 2610 619 2656 suspectum
641 2609 680 2643 et
697 2617 722 2642 a
737 2606 898 2642 Vitellio
915 2618 1004 2642 mox
1031 2606 1153 2642 inter-

269 2662 430 2699 fectum.
461 2663 573 2699 L1Ps.
604 2661 666 2698 Cf.
681 2661 737 2697 H.
759 2665 797 2706 2,
816 2664 883 2698 63.

324 2718 465 2753 Secum
482 2714 677 2765 arpalo-e]
712 2715 737 2752 i.
761 2726 796 2754 e.
829 2713 873 2753 in
901 2714 1047 2752 bellum
1078 2715 1151 2761 ire,

269 2771 319 2807 ad
343 2771 493 2808 bellum
516 2783 557 2807 se
582 2771 801 2819 accingere,
824 2775 872 2806 ut
897 2781 1019 2817 supra
1035 2781 1069 2807 c.
1091 2775 1153 2808 10.

269 2825 432 2863 dictum.
461 2827 557 2862 Mox
574 2831 679 2863 mota
699 2837 794 2862 cura
810 2825 980 2862 reddidit
996 2824 1155 2862 Freins-

269 2879 440 2925 nemius,
460 2882 562 2929 quod
582 2884 642 2917 est
669 2880 712 2916 in
736 2880 869 2917 Guelf.
885 2879 970 2917 edd.
997 2879 1153 2918 Puteol.

267 2933 364 2972 Ber.
381 2933 466 2971 Alc.
522 2935 580 2972 At
604 2935 665 2972 ed.
687 2946 746 2983 pr.
766 2935 892 2970 Rhen.
912 2947 1017 2983 seqq.
1035 2940 1151 2971 motoe

269 2989 379 3026 urbis
412 3001 528 3027 curce.
587 2989 688 3027 Dedi
719 2989 858 3026 deinde
894 2995 931 3026 et
963 2989 1098 3025 abdere
1128 2999 1148 3024 e

270 3042 403 3080 Guelf.
421 3044 506 3080 edd.
526 3048 619 3081 vett.
642 3056 712 3093 pro
731 3057 777 3081 ac
794 3044 945 3090 addere,
965 3043 1070 3091 quod
1087 3054 1150 3079 re-

268 3098 463 3134 centiores
480 3099 581 3135 male
603 3099 769 3135 obtinet.
826 3099 932 3136 ERN.
986 3097 1089 3135 Bud.
1108 3101 1149 3133 et

269 3152 362 3189 Inde
378 3153 506 3190 Rhen.
533 3159 647 3190 mota>
674 3153 780 3189 urbis
797 3165 907 3189 cura.
931 3151 1027 3203 (non
1045 3164 1149 3189 εηναει

269 3210 318 3244 ut
336 3207 432 3255 Agr.
454 3212 493 3244 et
510 3209 608 3256 Reg.
629 3205 742 3256 Lali.)
763 3207 858 3243 Mox
880 3208 982 3244 Bud.
1001 3207 1149 3244 abdere.

268 3265 356 3299 tum
373 3269 488 3299 oetate
504 3262 686 3307 invalidi,
702 3266 763 3298 ast
781 3263 878 3309 Agr.
897 3262 1086 3299 invalida.

242 3315 246 3318 ’
322 3317 574 3365 Sapientihus
591 3317 733 3366 quietis
750 3322 785 3352 et
804 3316 918 3365 Roip.
946 3315 1058 3365 cura]
1092 3315 1152 3352 Et

267 3370 355 3408 edd.
383 3382 445 3420 pr.
478 3371 606 3409 Rhen.
645 3371 681 3421 (e
716 3368 836 3420 Eud.)
867 3382 973 3418 seqq.
1004 3381 1151 3406 omnes.

269 3425 423 3463 Ceterae
449 3438 474 3463 a
504 3426 617 3475 Reip.
649 3437 746 3462 cura
773 3429 814 3462 et
843 3424 975 3462 Guelf.
1021 3425 1148 3461 Possis

267 3481 460 3528 conjicere
482 3482 589 3530 quies
605 3492 629 3516 α
650 3481 765 3528 Relp.
794 3492 901 3516 cura.
921 3480 946 3516 i.
965 3491 999 3516 e.
1029 3479 1150 3515 absti-

242 3540 245 3545 '
267 3535 418 3572 nebant
435 3542 511 3571 sea
527 3533 758 3583 Republica.
777 3535 841 3570 sed
860 3534 1064 3582 vulgatum
1082 3546 1149 3571 ve-

268 3599 356 3627 rum
374 3593 484 3639 puto,
512 3590 574 3627 Sic
592 3590 633 3628 in
651 3590 726 3627 fine
753 3589 845 3626 libri
860 3589 969 3638 quies
986 3589 1096 3628 urbis
1110 3594 1150 3627 et

1207 2224 1398 2270 crederet,
1425 2223 1620 2272 optimum
1649 2223 1886 2261 Rhenanam
1910 2227 1994 2260 tam
2020 2222 2090 2259 diu

1209 2278 1370 2327 impune
1398 2278 1573 2315 laturum
1599 2277 1720 2314 fuisse
1745 2278 1846 2314 hanc
1871 2275 2086 2314 mendam?

1209 2334 1345 2371 Mutat
1357 2332 1449 2369 olim
1463 2333 1628 2378 editum,
1642 2333 1760 2381 quod,
1773 2332 1943 2379 etiamsi,
1959 2336 2004 2370 ut
2020 2331 2088 2368 ine

1191 2392 1193 2394 '
1208 2388 1350 2434 voluit,
1370 2398 1504 2425 omnes
1522 2387 1615 2423 libri
1633 2388 1881 2436 praeferrent,
1899 2386 1984 2436 ipso
2001 2397 2088 2423 ora·

1206 2443 1326 2479 tionis
1344 2443 1409 2479 filo
1426 2442 1652 2490 postulante
1666 2441 1952 2479 restituendum
1967 2442 2086 2480 foret.

1207 2498 1262 2535 Et
1279 2498 1453 2546 profecto
1467 2497 1522 2533 sie
1534 2497 1792 2544 conjeceram,
1806 2502 2017 2545 antequam
2036 2507 2086 2533 ex

1208 2553 1311 2589 notis
1339 2553 1423 2600 ejus
1449 2551 1683 2597 didicissem,
1708 2555 1827 2588 antea
1855 2550 2001 2588 lectum
2031 2552 2089 2587 im

1207 2606 1341 2644 fuisse.
1398 2606 1530 2646 Quam
1559 2605 1675 2652 bene,
1705 2617 1836 2655 quaeso
1864 2605 2085 2642 cohaerent:

1206 2662 1342 2698 multis
1361 2661 1506 2710 afflicta
1523 2661 1642 2709 fides,
1662 2673 1708 2698 nc
1736 2661 1886 2698 alacres
1911 2666 1949 2699 et
1971 2661 2087 2698 tatis-

1206 2717 1299 2753 simi
1314 2715 1335 2752 ?
1380 2715 1600 2754 Praesertim
1616 2715 1649 2752 si
1667 2715 1842 2752 conferas
1857 2727 1867 2751 t
1894 2715 2013 2752 multi
2024 2713 2087 2763 af·

1195 2772 1314 2820 flicta
1321 2770 1422 2819 fide,
1442 2782 1490 2807 ac
1503 2771 1652 2807 alac-res
1677 2776 1714 2808 et
1732 2769 1936 2808 tutissimi.
1990 2767 2085 2810 Qua

1207 2830 1320 2873 parte
1345 2829 1478 2862 autem
1506 2825 1762 2870 commodius,
1776 2822 1912 2869 multis
1937 2823 2086 2872 afflicta

1196 2881 1317 2929 fidae,
1351 2890 1469 2928 quam
1511 2881 1630 2917 multi
1672 2880 1818 2930 afflicta
1840 2877 1928 2927 fide
1942 2877 1965 2915 ?
2018 2878 2086 2915 An

1203 2935 1314 2972 homo
1337 2936 1502 2984 antiqua
1529 2935 1672 2972 virtute
1687 2940 1726 2972 et
1731 2933 1831 2982 fide,
1849 2931 2085 2970 insolentius

1204 3001 1336 3037 quam,
1365 2990 1511 3026 homini
1537 2988 1701 3038 antiqua
1725 2989 1850 3025 virtus
1883 2993 1921 3024 et
1940 2986 2087 3036 fides?

1203 3045 1335 3081 Redde
1364 3043 1487 3092 igitur
1506 3043 1645 3080 Tacito
1662 3041 1789 3079 multo
1814 3042 2084 3079 rotundior-ern

1202 3109 1420 3135 sermonem
1435 3111 1445 3134 ι
1475 3099 1592 3135 multi
1601 3097 1748 3146 afflicta
1755 3097 1842 3146 fide
1855 3098 1896 3134 in
1908 3109 2022 3146 pace,
2036 3110 2085 3135 ac

1202 3153 1371 3190 turbatis
1391 3153 1503 3189 rebus
1519 3153 1681 3198 alacres,
1701 3158 1739 3189 et
1759 3165 1833 3202 per
1854 3154 2001 3189 incerta
2019 3156 2083 3189 tu·

1202 3207 1357 3245 tissimi.
1411 3207 1549 3244 GRON.
1605 3205 1667 3243 Sic
1693 3217 1788 3244 sane
1817 3208 1858 3243 et
1883 3205 2016 3243 Guelf.
2041 3210 2085 3244 et

1205 3261 1290 3297 edd.
1322 3262 1416 3298 Put.
1447 3261 1540 3298 Ber.
1574 3260 1662 3298 Alc.
1720 3261 1837 3302 Quod
1866 3259 2082 3299 Rhenanus

1204 3315 1312 3352 dedit
1333 3314 1370 3365 (e
1386 3314 1506 3364 Bud.)
1527 3319 1661 3352 tamen
1680 3318 1720 3353 et
1737 3317 1778 3353 in
1796 3314 1856 3352 ed.
1875 3325 1936 3363 pr.
1963 3318 2024 3352 est
2039 3319 2082 3353 et

1205 3370 1289 3408 MS.
1310 3370 1402 3419 Agr.
1446 3369 1731 3419 Magnitudine
1757 3369 1882 3407 nimia
1908 3369 2015 3406 refer
2030 3369 2082 3407 ad

1204 3425 1410 3474 populum,
1429 3427 1495 3473 qui
1517 3426 1558 3461 in
1576 3423 1802 3462 societatem
1818 3435 2002 3463 curarum
2018 3428 2082 3462 ta-

1203 3480 1300 3516 lium
1319 3481 1452 3517 venire
1472 3490 1550 3516 non
1574 3483 1705 3529 potest
1719 3483 1882 3530 propter
1897 3479 2082 3517 multitu·

1203 3534 1334 3572 dinem
1348 3546 1471 3572 suam.
1526 3533 1635 3573 ERN.
2000 3546 2023 3553 ’·

1257 3589 1318 3627 Et
1330 3589 1566 3641 provinciali
1577 3586 1690 3640 bello]
1722 3587 1784 3627 Sic
1798 3588 1858 3627 ed.
1870 3599 1933 3640 pr.
1949 3586 2080 3628 Rhen·
