2190 3880
760 108 1192 168 ADDENDA.
1827 117 1879 168 ix

73 262 116 295 c.
139 254 236 297 138.
296 244 436 311 Cotye
461 249 634 312 -fratre
675 249 936 313 interfecto]

135 314 287 360 Acute
310 314 534 362 Heinsius
558 315 618 362 ad
641 314 872 362 Velleium
893 322 943 371 2,

104 382 107 385 ’
145 385 251 438 129.
277 379 453 440 fraude
475 379 726 442 interfecto.
760 405 762 407 >

73 458 116 489 c.
137 447 217 491 42.
258 445 371 508 Visis
392 446 629 506 militibus]
674 445 853 493 Forsan
876 448 943 494 vi·
998 462 1039 494 c.

75 586 118 619 c.
138 522 240 620 8216.
272 574 339 620 Et
367 573 655 636 fugientibus
700 575 937 635 consulite]

6 694 11 702 Ἴ
99 678 106 683 .
137 636 330 689 Crusius
362 640 412 685 in
445 639 690 687 Observat.
729 640 944 687 miscellis
998 657 1040 688 c.

140 703 273 748 novis
305 702 419 765 legit
454 707 690 751 consistite.
717 745 720 747 .
751 705 944 752 Rectius

141 764 327 813 Heinsii
367 771 597 823 consulite,
631 786 716 832 pro
753 771 944 834 parcite.

141 829 223 880 Sic
261 839 337 887 15,
378 840 450 880 18.
507 834 678 880 collato
710 851 752 881 e.
786 836 864 883 61.
898 845 947 881 et

102 945 106 950 ,
143 893 211 956 H.
244 905 295 951 3,
335 904 412 946 82.
447 900 558 946 item
591 901 716 948 Ann.
756 907 832 956 13,
866 907 946 948 40.
1001 917 1042 949 c.

101 965 227 1016 &42
249 969 328 1011 38.
361 963 496 1011 curt.
516 969 573 1019 4,
597 973 638 1011 1.

74 1041 121 1073 c.
137 1030 222 1081 47.
260 1030 434 1076 Omissa
456 1030 582 1090 urbe]
617 1030 764 1077 Recte
786 1030 948 1077 Frein-

147 1091 349 1139 shemius
404 1103 452 1140 et
495 1095 711 1142 Aurelius
756 1099 950 1143 omisisse

47 1185 53 1196 ι
146 1158 298 1204 urbem
320 1175 406 1221 pro
430 1162 646 1207 omittere.
1003 1176 1043 1207 c.

18 1271 31 1276 Ι
78 1234 124 1267 c.
153 1227 231 1269 52.
264 1226 345 1270 Ad
366 1225 622 1286 Principem
654 1225 943 1285 distulerant]

145 1286 178 1332 i.
201 1303 243 1335 e.-
266 1287 521 1335 differentes
546 1290 828 1338 remiserant.
872 1290 947 1335 Sic

148 1358 196 1397 et
216 1351 381 1400 Livius
404 1354 484 1408 26,
510 1362 588 1401 51.

79 1429 124 1467 c,
139 1420 219 1465 54.
253 1419 506 1466 Exonerari
529 1421 731 1466 laborum
751 1435 950 1466 meorum

109 1509 131 1533 .·
141 1488 322 1542 partem
329 1484 514 1546 fateor]
554 1484 775 1530 Heinsius
798 1492 948 1547 parte,

1023 284 1027 291 .
1061 250 1142 298 sed
1172 256 1220 296 et
1257 249 1498 311 vulgatum
1530 251 1736 313 probum>
1759 267 1868 298 cen-

1062 331 1156 363 seo.
1207 315 1282 361 Sic
1309 314 1373 361 H.
1396 319 1447 370 4,
1471 320 1551 370 37.
1585 318 1647 362 ad
1676 317 1868 363 liberan-

1062 384 1170 427 dum
1194 381 1427 427 obsidium.

1063 445 1142 493 62.
1177 446 1460 507 Religionem
1484 446 1743 504 tuebantur]
1771 445 1871 492 for-

1063 527 1147 556 san
1179 512 1397 572 religione
1427 511 1699 566 nitebantur,
1729 517 1782 555 ut
1829 527 1872 558 c.

1063 576 1143 623 63.
1183 584 1230 621 et
1250 582 1301 631 4,
1325 583 1404 622 55.
1755 602 1759 605 *

1071 641 1150 687 65.
1186 643 1259 687 Ex
1287 643 1552 704 posteritate
1584 647 1628 686 et
1658 639 1872 702 infamia]

1064 707 1096 752 i.
1142 722 1184 753 e.
1231 705 1427 751 infamia
1473 704 1596 769 apud
1645 713 1872 769 posteroS.

1067 772 1316 817 Posteritas
1341 786 1426 834 pro
1454 771 1690 817 memoria.
1722 770 1788 818 H.
1821 777 1872 827 2,

1065 842 1144 883 53.
1768 862 1770 865 ·

1066 901 1144 958 67.
1177 902 1314 948 Ausis
1336 901 1572 960 codicillis]
1596 901 1779 948 Audere
1801 916 1874 947 co·-

1068 967 1245 1012 dicillos
1290 982 1422 1013 sensu
1479 974 1749 1030 praegnante
1805 974 1877 1012 est

1069 1030 1234 1076 audere
1273 1032 1474 1086 mittere,
1508 1039 1560 1078 ut
1599 1030 1797 1095 plenius,
1821 1032 1872 1088 6,

1067 1101 1145 1142 30.

1069 1166 1146 1216 72.
1180 1162 1406 1206 Arcuerat
1434 1161 1874 1224 Taurum—confer-

1067 1226 1139 1286 re]
1177 1225 1305 1272 Bene
1333 1226 1474 1272 habet
1497 1226 1621 1288 vulg.
1645 1234 1873 1287 arguerat.

1071 1299 1124 1336 ut
1165 1294 1215 1344 4,
1259 1297 1330 1338 12.
1381 1292 1874 1352 inhiare—arguerent.

1069 1363 1119 1409 5,
1154 1361 1199 1402 8.
1235 1357 1481 1417 arguebant
1514 1357 1734 1403 obtulisse.
1792 1356 1877 1403 Li-

1069 1421 1168 1466 vius
1210 1427 1295 1476 37,
1343 1428 1421 1470 28.
1470 1424 1874 1483 juvisse—arguit.

1070 1494 1159 1532 ete.
1209 1502 1211 1505 ·

145 1545 393 1595 subaudito
414 1565 498 1596 me.
538 1549 770 1612 Equidem
792 1549 952 1595 malim
971 1570 974 1574 ·
1006 1567 1046 1597 c.
1063 1556 1141 1606 74.
1159 1551 1348 1612 Impune
1365 1553 1667 1614 traherentur]
1687 1551 1874 1599 Sallust.

146 1618 279 1672 parte
311 1629 384 1660 me
419 1616 644 1677 expressis
684 1615 832 1660 verbis
871 1618 951 1677 (ex

149 1690 240 1737 quo
262 1676 399 1725 facile
423 1681 579 1744 potuit
604 1681 718 1726 oriri
745 1681 945 1742 partem)

1070 1615 1239 1677 fragm.
1273 1621 1324 1670 4,
1350 1621 1394 1672 7.
1432 1620 1538 1678 quin
1572 1622 1730 1675 socios,
1760 1621 1874 1666 ami-

1072 1681 1413 1738 cos—trahant,
1439 1684 1659 1731 excidant.

733 1848 1218 1879 ——-——-—-—-

624 1977 718 2024 AD
751 1979 1121 2028 ANNALIUM
1153 1979 1209 2028 L.
1247 1980 1332 2028 IV.

87 2106 129 2146 c.
153 2097 197 2138 2.
235 2092 290 2139 In
323 2100 489 2140 ceteros
510 2103 652 2143 metus
685 2101 953 2159 crederetur]
1009 2118 1048 2147 c.

149 2157 279 2205 Bene
296 2157 494 2206 Savilius
509 2169 761 2210 crearetur.¹
796 2164 893 2224 (Cf.
907 2175 954 2212 et

152 2237 193 2268 c.
217 2229 296 2282 59.
343 2234 390 2270 et
415 2225 462 2280 6,
489 2232 564 2272 50.
619 2235 693 2282 11,
721 2234 766 2276 8.
814 2229 879 2277 H.
909 2239 952 2287 1,

151 2287 255 2345 20).
940 2306 942 2315 ’

86 2367 125 2397 c.
149 2358 196 2399 3.
230 2354 470 2400 Adulterio
486 2357 692 2417 pellexit]
718 2358 771 2403 In
796 2358 954 2404 dativo

153 2419 308 2480 accipe
354 2421 591 2467 adulterio.
638 2423 757 2469 unde
802 2424 953 2470 minus

150 2494 273 2527 recte
297 2483 504 2530 adfertur
528 2484 723 2543 locus6,
747 2493 827 2535 45.
1008 2507 1033 2536 c

84 2561 124 2592 c.
169 2550 218 2593 4.
267 2548 561 2611 Quod—quae
607 2557 701 2599 tum
744 2554 954 2600 Romana

111 2615 114 2618 '
150 2614 258 2669 etc]
290 2612 322 2659 i.
357 2630 396 2659 e.
430 2628 484 2662 ut
516 2615 563 2673 in
598 2617 683 2670 his,
712 2634 809 2679 quae
843 2626 953 2666 tum.

153 2675 228 2722 Sic
260 2684 307 2722 et
341 2679 462 2740 apud
486 2679 632 2727 Cicer.
658 2681 721 2728 N.
746 2682 808 2728 D.
834 2691 882 2739 2,
907 2693 953 2742 9.

153 2749 199 2786 et
243 2742 291 2787 in
337 2740 467 2789 Verr.
518 2752 562 2797 1,
608 2746 687 2792 46.
734 2747 851 2793 Vide
898 2748 957 2794 ad

154 2804 314 2853 Divin.
338 2813 388 2863 2,
411 2811 490 2854 41.
536 2810 585 2855 in
620 2810 752 2858 Lect.
776 2812 956 2859 Tullia-

152 2886 239 2916 ms.

90 2943 131 2980 c.
158 2942 202 2981 5.
237 2936 393 2997 Neque
414 2938 556 2984 multo
578 2941 722 3001 secus]
765 2942 790 2987 i.
817 2959 855 2988 e.
881 2959 957 2989 ne-

155 3016 240 3060 que
263 3003 404 3048 multo
427 3005 584 3050 minus,
611 3015 662 3050 ut
687 3005 799 3051 alias
824 3009 958 3070 poni-

153 3076 231 3110 tur
251 3067 405 3114 secius.
453 3067 639 3116 Terent.
663 3071 815 3118 Andr.
833 3079 882 3128 3,
909 3079 957 3128 2,

156 3135 233 3184 27.

92 3208 131 3239 c.
174 3199 218 3240 8.
253 3195 435 3256 Sibique
472 3203 517 3243 et
550 3203 741 3259 posteris
779 3201 959 3264 confor-

157 3264 316 3318 maret]
352 3261 518 3306 Malim
549 3266 831 3326 corfirmaret
864 3269 892 3314 i.
918 3283 957 3313 e.

156 3323 270 3369 fidos
312 3325 573 3390 amicosque
619 3329 839 3376 redderet.
883 3331 959 3378 Sic
1015 3350 1053 3380 c.

165 3395 207 3442 1,
233 3393 310 3444 71.
359 3388 422 3435 H.
459 3398 506 3445 5,
534 3398 581 3439 4.
629 3393 814 3440 Sallust.
849 3395 958 3458 Jng.

67 3514 73 3521 1
154 3458 235 3499 45.
277 3457 516 3502 exercitum
562 3458 679 3508 brevi
724 3461 958 3524 confirma-

154 3518 233 3562 rit.

174 3597 310 3634 1⁷01..
336 3601 406 3636 11.
437 3602 489 3638 P.
521 3603 560 3638 1.

1096 2110 1143 2160 9.
1189 2100 1425 2162 Plerisque
1468 2100 1663 2164 additis]
1706 2100 1880 2157 multis,
1927 2100 1931 2104 ’

1074 2165 1406 2229 compluribus,
1431 2174 1484 2212 ut
1517 2166 1566 2220 6,
1601 2173 1680 2213 22.
1721 2174 1795 2222 11,
1832 2174 1879 2214 8.

1059 2230 1140 2277 ·H.
1167 2241 1218 2286 4,
1244 2230 1323 2278 61.
1364 2232 1466 2276 lmo
1500 2232 1564 2277 sic
1589 2229 1693 2294 jam
1722 2231 1882 2296 Nepos

1073 2296 1280 2342 Timoth.
1313 2301 1360 2343 4.
1398 2297 1563 2343 Cicero
1602 2296 1659 2342 de
1696 2297 1880 2345 Invent.

1080 2370 1123 2415 1,
1147 2361 1226 2408 36.
1266 2361 1321 2408 de
1355 2361 1490 2409 Offic.
1529 2370 1573 2418 1,
1604 2368 1677 2410 14.
1716 2371 1764 2409 et
1797 2380 1883 2427 pro

1075 2426 1239 2472 Sextio
1262 2443 1302 2472 c.
1326 2434 1406 2474 35.

1039 2527 1049 2536 .
1082 2500 1152 2538 10.
1191 2492 1421 2554 Conrupta
1443 2493 1504 2539 ad
1530 2494 1689 2553 scelus]
1728 2495 1883 2541 Scelus

1074 2572 1160 2619 pro
1195 2556 1319 2601 caede
1358 2557 1564 2604 scelesta.
1601 2559 1666 2604 sic
1712 2559 1761 2615 6,
1801 2566 1881 2607 33.

1082 2627 1155 2675 12,
1179 2626 1259 2677 47.
1290 2622 1367 2676 16,
1393 2630 1469 2669 23.
1494 2633 1582 2668 etc.

1150 2686 1236 2733 Ubi
1282 2688 1402 2732 locus
1445 2688 1586 2750 venes.
1628 2694 1884 2751 tempusque

1077 2754 1323 2812 composita
1361 2754 1470 2810 sint]
1503 2750 1634 2813 ‘Haec
1671 2754 1883 2817 enallage

1077 2816 1297 2877 temporis
1321 2819 1522 2863 occurrit
1546 2826 1593 2863 et
1621 2823 1696 2873 14,
1728 2827 1800 2867 11.

1145 2881 1218 2926 Ea
1242 2881 1419 2943 fraude
1461 2889 1555 2929 tum
1591 2899 1737 2930 senem
1773 2890 1880 2944 etc]

1080 2944 1193 2990 Non
1226 2961 1425 3001 necesse,
1451 2963 1558 2994 cum
1591 2949 1782 2995 eruditis
1811 2967 1883 2996 re—

1078 3009 1191 3071 fingi
1225 3027 1278 3056 ea
1303 3011 1481 3074 fraude
1513 3019 1694 3075 captum
1719 3030 1881 3075 senem.

1078 3074 1206 3121 Alibi
1241 3075 1423 3139 quoque
1459 3085 1553 3124 tum
1586 3080 1653 3124 ita
1676 3081 1882 3141 ponitur,

1080 3147 1134 3185 ut
1164 3147 1204 3194 l,
1230 3141 1309 3187 64.
1343 3142 1457 3188 Post
1481 3159 1534 3188 ea
1546 3143 1723 3206 fraude
1745 3144 1883 3190 facile

1078 3203 1360 3251 desideratur
1398 3214 1591 3269 captum.
1651 3210 1748 3271 (Sic
1787 3225 1884 3256 me-

1079 3285 1185 3315 cum
1210 3270 1324 3317 facit
1349 3271 1628 3335 Wopkens).

1098 3341 1167 3380 11.
1203 3336 1409 3383 Exitium
1443 3340 1638 3400 offerret]
1674 3338 1748 3384 Sic
1783 3340 1883 3385 Cic.

1079 3414 1164 3461 pro
1200 3399 1246 3445 S.
1283 3399 1460 3447 Roscio
1499 3419 1539 3450 c.
1587 3412 1675 3451 13.-
1697 3410 1884 3450 mortem

1072 3461 1303 3520 obtulerit.
1338 3465 1399 3512 cf.
1439 3475 1485 3513 et
1521 3484 1560 3516 c.
1607 3473 1680 3520 1⁶1.
1718 3477 1767 3515 et
1798 3484 1882 3534 pro

1079 3526 1240 3575 Sextio
1265 3546 1304 3578 c.
1329 3529 1406 3578 21.

1016 3592 1113 3664 ¹b
