2190 3880
275 143 367 187 ιω
878 115 1482 188 ms'roRIARUM

135 274 186 318 A.
204 278 257 315 U.
277 261 442 330 Isque
492 258 700 330 primus
753 259 1105 334 Principatus
1158 261 1274 316 dies
1326 263 1381 316 in
1434 272 1710 334 posterum
1766 263 2093 330 celebratae,

138 334 243 419 ἐξ
274 331 520 400 quamvis
545 330 580 385 J
588 332 810 385 udaicus
836 333 1111 389 exercitus
1126 332 1196 385 V.
1226 333 1375 390 Non.
1398 333 1432 386 J
1439 334 1512 386 ul.
1539 335 1685 405 apud
1712 334 1891 406 ipsum
1909 336 2094 407 juras-

166 406 372 477 {ofsetv
399 420 464 454 eo
491 402 700 469 ardore,
727 417 790 456 ut
817 421 883 456 ne
908 402 1067 457 Titus
1094 404 1318 474 quidem
1346 403 1491 456 filius
1527 415 1958 475 exspectaretur,
1985 408 2091 477 Sy-

270 473 373 532 ria,
402 491 664 539 remeanS,
708 487 764 526 et
806 474 1162 527 consiliorum
1205 474 1348 526 inter
1385 473 1716 528 Mucianum
1763 494 1829 528 ac
1878 492 2090 547 patrem

270 545 514 596 nuntiuS.
553 556 754 598 cuncta
779 546 968 614 inpetu
993 545 1233 601 militnm
1254 556 1411 598 acta:
1451 563 1561 598 non
1591 557 1780 616 parata
1805 547 2092 613 concione,

184 609 378 686 8Onon
407 615 717 684 conjunctis
765 615 1094 684 legionibus.
1171 615 1322 668 Dum
1350 616 1615 685 quaeritur
1650 627 1758 668 tem
1806 634 1866 668 us
1912 617 2094 670 locus·

266 704 393 756 que,
419 685 676 755 quodque
698 686 751 737 in
771 702 827 736 re
857 684 951 737 tali
973 684 1380 751 difficillimum,
1400 687 1578 757 prima
1597 704 1730 753 vox,
1750 635 1880 740 (funi
1906 689 2090 740 animo

266 774 408 826 spes,
438 757 621 820 timor,
648 756 808 820 ratio,
850 773 1007 808 casus
1045 757 1444 810 obversantur:
1509 774 1787 828 egressum
1831 759 2089 812 cubiculo

265 827 664 897 Vespasianum
717 826 878 896 pauci
933 825 1153 890 militeS‚
1198 826 1361 880 solito
1406 826 1731 880 adsistentes
1777 828 1988 894 ordine,
2029 839 2094 882 ut

266 898 536 968 Legatum
585 897 887 962 salutaturi,
927 895 1297 965 Imperatorem
1338 897 1658 952 salutavere.
1732 897 1876 952 Tum
1921 901 2090 954 ceteri

264 969 569 1033 adcurrere,
601 966 850 1020 Caesarem
876 979 933 1019 et
958 969 1276 1039 Augustum,
1301 979 1357 1020 et
1383 969 1571 1021 omnia
1599 968 1953 1051 Principatus
1993 989 2090 1024 vo-

263 1038 460 1091 cabula
482 1039 776 1092 cumulare.
820 1056 972 1090 mens
1000 1057 1033 1091 a
1058 1050 1208 1091 metu
1235 1037 1304 1090 ad
1332 1038 1610 1093 fortunam
1641 1051 1945 1094 transrerat.
2021 1041 2090 1095 In

263 1110 387 1179 ipso
417 1109 553 1161 nihil
598 1109 889 1174 tumidum,
931 1109 1222 1180 adroganS,
1248 1119 1345 1161 aut
1379 1108 1435 1161 in
1484 1110 1646 1163 rebus
1686 1111 1842 1173 novis
1884 1129 2089 1166 novum

262 1180 389 1233 suit.
432 1191 491 1233 ut
516 1181 752 1252 primum
797 1190 965 1232 tantae
997 1179 1387 1234 vicissitudinis
1414 1179 1670 1234 obfusam
1695 1181 1869 1235 oculis
1896 1183 2090 1255 caligi-

2184 649 2190 665 ι
2183 613 2190 636 ,Α
2179 559 2190 604 ,κ-
2174 503 2190 551 uani.-
2175 393 2190 491 -ι-ΑἏῡ-ιι
2175 380 2179 384 ⁴
2176 287 2190 303 2
2176 215 2190 260 -.“
2184 120 2190 139 μ
2182 52 2190 71 ,Α

317 1339 434 1387 Isque
446 1339 603 1387 primus
628 1338 888 1386 Principatus
919 1334 1019 1387 dies]
1044 1335 1148 1380 ,Dies

263 1390 333 1428 ille
352 1393 495 1428 natalis
514 1392 675 1440 Imperii
694 1393 831 1427 decore
858 1391 1001 1428 dictus.
1031 1390 1150 1440 Spar-

262 1446 399 1482 tianus
420 1446 626 1482 Hadriano
644 1450 684 1482 4.
706 1445 836 1482 Tertio
855 1444 993 1482 iduum
1010 1456 1150 1481 earun-

262 1499 350 1536 dem
385 1501 557 1536 natalem
587 1499 752 1548 Imperii
785 1499 929 1536 statuit
956 1497 1150 1536 celebran-

262 1553 368 1594 dum.
397 1554 511 1590 L1Ps.

319 1608 468 1651 Quinto
490 1606 625 1642 lVonas
647 1603 799 1655 Julias]
832 1603 1021 1643 Suetonio
1049 1613 1086 1640 ο.
1105 1605 1147 1641 6.

262 1660 470 1708 scriptum,
501 1661 634 1709 quinto
656 1659 766 1696 Idus.
794 1660 862 1696 sed
893 1670 986 1696 eum
1002 1656 1053 1695 ad
1080 1667 1149 1694 ex-

261 1715 412 1762 emplar
428 1714 559 1751 Taciti
590 1712 878 1750 emendandum
907 1711 1049 1758 videri,
1066 1721 1149 1748 non

259 1778 362 1804 mne
379 1768 616 1816 pronuntiat
635 1767 883 1805 Torrentius.
913 1767 1028 1804 ers,
1065 1765 1148 1802 Ita-

260 1832 339 1869 que
368 1822 531 1858 fecimus
563 1831 646 1858 nos.
702 1821 807 1857 Nam
825 1820 958 1859 Taciti
982 1818 1147 1856 traditio

258 1875 478 1921 verissima,
509 1877 556 1911 ut
589 1875 833 1911 demonstrat
867 1874 1038 1922 Pagius:
1076 1883 1148 1908 nec

260 1928 303 1964 in
318 1929 392 1966 tali
413 1941 454 1966 re
475 1939 606 1965 errare
627 1929 759 1976 potuit
777 1928 1007 1966 Suetonius,
1051 1925 1144 1964 Vid.

259 1982 316 2019 ibi
337 1983 456 2023 dicta.
487 1983 599 2020 ERN.

313 2038 380 2073 Eo
399 2037 548 2081 ardore,
578 2041 637 2081 ut,
667 2034 730 2084 ne]
774 2033 993 2071 Rhenanus
1032 2031 1146 2084 (duce

258 2090 378 2140 Bud.)
401 2091 544 2127 delevit
572 2102 613 2126 co
642 2089 793 2134 ardore,
822 2092 863 2124 et
887 2088 1049 2124 initium
1076 2097 1148 2124 no-

258 2155 316 2182 voe
347 2145 553 2181 sententiae
581 2144 676 2180 fecit
695 2143 737 2178 in
769 2141 896 2179 verbis
925 2141 978 2178 Ut
995 2153 1042 2178 ne
1071 2143 1148 2178 etc.

258 2197 334 2237 Sed
353 2210 487 2235 omnes
505 2198 597 2234 libri
615 2199 849 2245 agnoscunt,
862 2206 935 2233 nec
947 2195 1145 2231 commode

258 2251 396 2289 abesse
439 2255 620 2300 possunt.
683 2250 758 2287 Ed.
790 2261 851 2298 pr.
883 2249 1047 2296 aliaeque
1081 2248 1145 2284 hic

258 2316 415 2355 quoque
444 2306 583 2342 vitiose
610 2316 678 2341 nec
701 2303 867 2352 quidem.
904 2303 1014 2340 ERN.
1041 2301 1145 2340 Bud.

256 2371 306 2397 ne
350 2387 360 2397 .

314 2372 465 2450 gunt-ea
495 2413 628 2461 inpetu
659 2423 713 2447 m.
742 2409 851 2459 acta]
881 2410 965 2446 Jos.
1005 2412 1046 2454 4,
1076 2411 1143 2446 36.

256 2467 375 2505 minis
411 2466 584 2503 militum
628 2466 812 2502 adactum
854 2463 1143 2512 Vespasianum

255 2522 394 2558 tradit.

312 2575 406 2612 Non
430 2579 576 2622 parata
605 2570 842 2622 cognitione]
883 2570 960 2608 cui
989 2570 1048 2607 rei
1079 2569 1143 2607 hic

255 2628 458 2678 cognitio?
491 2638 609 2676 quam
627 2638 760 2663 vocem
777 2625 907 2662 Taciti
925 2635 1038 2661 mens
1055 2624 1143 2672 pla-

255 2684 417 2720 nissime
435 2682 602 2731 spernit.
658 2679 836 2718 Emendo
855 2689 961 2724 vero,
977 2690 1055 2714 non
1066 2690 1143 2726 pa-

254 2742 346 2774 ratu
366 2747 412 2774 ac
431 2737 621 2772 concione.
651 2735 763 2771 Llrs.
787 2732 959 2770 Pichena
976 2741 1055 2769 non
1067 2742 1143 2779 pa-

253 2797 344 2828 rata
364 2790 556 2834 concione,
577 2789 680 2836 quod
708 2789 750 2824 in
778 2786 863 2823 MS.
882 2786 979 2834 Agr.
1010 2795 1145 2833 reper-

253 2848 342 2882 tum
367 2844 517 2891 recepit
544 2842 730 2890 Ryckius,
755 2852 872 2889 quem
902 2839 1050 2876 imitati
1079 2850 1146 2876 su-

254 2909 359 2943 mus,
374 2909 454 2934 non
474 2902 556 2933 tam
583 2897 729 2934 fiducia
754 2894 846 2932 libri
876 2894 1001 2940 illius,
1024 2903 1144 2941 quam

254 2952 313 2989 rei
332 2952 583 2988 necessitate.
640 2950 743 2987 Nam
774 2949 818 2984 in
835 2948 907 2985 tali
927 2959 971 2984 re
988 2958 1145 2995 semper

253 3005 383 3043 oratio
401 3005 448 3040 ad
482 3005 629 3041 milites
658 3003 810 3048 habita,
838 3002 872 3038 si
889 3013 971 3039 non
987 3002 1142 3049 impetu

253 3051 295 3095 et
312 3058 547 3094 festinanter
576 3058 692 3094 nimis
715 3060 818 3101 acta,
841 3058 886 3092 ut
914 3057 1056 3092 docent
1075 3065 1142 3090 ex·

252 3112 385 3160 empla
419 3111 570 3155 Galbae,
608 3111 793 3154 Othonis,
830 3111 992 3147 Sueton.
1021 3107 1139 3146 Galb.

258 3172 320 3205 10.
341 3176 463 3212 supra
490 3168 522 3210 Ι,
554 3167 621 3201 36.
642 3166 888 3212 aliorumque
914 3163 1024 3200 aiibi.
1081 3162 1141 3200 Si-

253 3219 360 3257 milis
379 3219 580 3266 corruptio
599 3219 705 3265 apud
737 3219 898 3255 Sunion.
925 3217 1008 3254 Tit.
1039 3228 1071 3254 c.
1100 3218 1140 3253 6.

253 3273 326 3311 ubi
344 3273 461 3309 Titus
485 3272 658 3308 traditur
685 3273 735 3307 A.
756 3271 952 3307 Caecinam
978 3268 1140 3307 interfe-

254 3328 379 3364 cisset
415 3338 508 3363 sane
535 3331 698 3374 urgente
726 3325 961 3369 discrimine,
981 3336 1068 3361 cnm
1086 3329 1141 3359 et*

254 3383 338 3420 iam
355 3380 660 3428 chirographum
683 3378 766 3427 ejus
779 3385 1016 3427 proepartztoe
1034 3377 1141 3425 apud

254 3436 400 3473 milites
454 3434 647 3471 concionis
699 3431 1013 3480 deprehendisset.
1067 3429 1138 3467 ubi

254 3490 375 3536 vulgo
407 3487 686 3536 conjurationis
702 3500 713 3521 .·
757 3496 826 3522 nos
858 3486 1049 3522 concionis
1076 3494 1139 3520 re·

256 3543 498 3592 scripsimus,
528 3541 645 3591 idque
673 3540 851 3580 imitatus
887 3544 947 3577 est
980 3538 1140 3578 Ouden-

1203 1336 1377 1386 dorpius.
1404 1336 1510 1377 Add.
1536 1337 1586 1376 ad
1612 1338 1726 1386 A.4,
1755 1342 1823 1377 42.
1849 1337 1961 1378 ERN.
1986 1337 2094 1380 Bud.

1202 1395 1245 1429 et
1271 1391 1358 1429 edd.
1387 1395 1482 1430 ante
1513 1392 1708 1441 Ryckium
1738 1391 1972 1442 cognitione.
1985 1393 2090 1444 Rip.

1202 1445 1300 1482 dant
1317 1446 1572 1483 consensione.
1973 1442 1981 1446 ’

1259 1499 1430 1549 Tempus
1463 1497 1660 1550 locusque]
1709 1499 1750 1538 J,
1784 1499 1909 1539 (ἔται.
1945 1499 2092 1539 delevit

1202 1562 1275 1602 que
1293 1563 1315 1588 e
1333 1552 1439 1590 Flor-
1457 1551 1548 1603 (nec
1575 1552 1698 1590 habet
1731 1551 1858 1604 Bud.)
1877 1554 1927 1592 111
1957 1554 2093 1593 Guelf.

1201 1615 1359 1656 quoque
1389 1605 1593 1652 omissum,
1609 1606 1677 1643 sed
1704 1617 1827 1660 supra
1845 1607 2091 1657 adscriptum

1201 1663 1279 1706 est,
1295 1659 1448 1705 eadem,
1463 1664 1511 1697 nt
1522 1659 1697 1706 videtur,
1710 1665 1848 1700 manu.
1867 1672 2022 1711 semper
2033 1663 2091 1699 sic

1202 1713 1281 1750 ista
1310 1712 1492 1763 jungunt
1524 1714 1750 1763 scriptores,
1779 1715 1902 1752 etiam
1927 1719 2063 1753 noster
2077 1729 2090 1754 ε

1199 1767 1306 1804 unde
1337 1768 1396 1805 nii
1428 1768 1598 1807 mutavi.
1651 1767 1764 1806 Adde
1794 1769 1846 1806 ad
1869 1768 1922 1807 A.
1950 1773 1998 1816 4,
2027 1775 2089 1808 10.

1200 1822 1312 1859 Eun.
1341 1822 1438 1859 Mox
1454 1821 1558 1859 Bud.
1577 1822 1749 1873 quodque
1763 1823 1806 1861 in
1819 1827 1855 1862 t.
1874 1834 1916 1860 re
1931 1822 2091 1873 difficil-

1202 1875 1342 1912 limum
1359 1875 1445 1912 sine
1463 1880 1533 1913 est.
1561 1874 1676 1912 bene.

1253 1928 1379 1966 Solito
1398 1928 1646 1980 adsistentes]
1677 1928 1742 1967 Sic
1771 1939 1794 1965 e
1826 1929 1934 1967 Flor-
1962 1930 2089 1973 edidit

1198 1980 1395 2020 Pichena.-
1438 1982 1521 2020 Alii
1550 1993 1686 2020 omnes
1709 1983 1847 2035 (etiam
1863 1979 1986 2034 Bud.)
2017 1985 2091 2023 ad-

1198 2036 1356 2073 sistunt.
1388 2035 1505 2074 Unde
1518 2036 1690 2083 Ryckius
1702 2040 1821 2086 putat
1832 2047 1970 2075 verum
1981 2048 2084 2075 esset

1201 2089 1245 2126 S.
1265 2089 1460 2127 adsistunt
1487 2090 1624 2127 ordine
1649 2096 1688 2128 et
1706 2090 1907 2137 Legatum
1935 2092 2091 2129 saluta-
2163 2119 2179 2129 .

1198 2144 1283 2180 tun·
1309 2146 1385 2181 etc.
1415 2144 1522 2191 quod
1548 2144 1691 2191 placet.
1718 2144 1792 2182 Ed.
1816 2154 1880 2194 pr.
1903 2145 1963 2196 (et
1978 2143 2087 2196 Put.)

1199 2196 1340 2234 vitiose
1356 2197 1541 2235 salutari.
1570 2197 1678 2235 ERN.

1250 2251 1369 2287 Mens
1387 2264 1412 2288 α
1430 2256 1536 2288 metu
1555 2251 1610 2288 ad
1622 2250 1834 2299 fortunam
1855 2249 2083 2302 ermwterat]

1199 2303 1227 2340 i.
1245 2315 1280 2341 e.
1300 2304 1349 2340 ad
1368 2305 1568 2350 fiduciam,
1597 2304 1726 2353 qualis
1743 2315 1828 2341 esse
1847 2304 1948 2342 solet
1964 2315 1990 2342 a
2007 2305 2088 2343 for-

1197 2360 1314 2403 tuna,
1333 2361 1381 2394 ut
1397 2358 1605 2406 sequentia
1623 2358 1816 2396 indicant.
1845 2358 1958 2396 ERN.

1252 2412 1306 2449 In
1322 2412 1407 2460 ipso
1424 2411 1528 2449 nihil
1543 2411 1756 2461 tumidum]
1788 2412 1853 2448 lta
1867 2411 2000 2450 decuit
2014 2422 2086 2461 per

1198 2475 1238 2502 se
1277 2475 1467 2514 magnum
1501 2465 1696 2510 animum,
1730 2476 1811 2503 non
1845 2466 1976 2503 attolli
2012 2476 2086 2514 per

1196 2519 1413 2556 fortunam.
1470 2518 1681 2557 Claudiani
1715 2518 1815 2556 illud
1857 2518 2084 2567 pulchrum,

1197 2576 1237 2610 et
1264 2573 1342 2610 huc
1359 2576 1498 2621 aptum
1516 2573 1564 2610 de
1589 2573 1648 2610 Fl.
1666 2572 1797 2610 Mallii
1819 2573 1971 2610 Theod.
1992 2573 2084 2611 Cos.

1196 2637 1235 2663 v.
1269 2631 1363 2664 245.
1411 2627 1541 2664 Frons
1563 2627 1727 2676 privata
1759 2633 1902 2664 manet.
1932 2636 2010 2664 non
2043 2638 2086 2664 se

1196 2682 1382 2718 meruisse
1405 2681 1582 2729 fatetur,
1624 2680 1704 2725 Qui
1743 2680 1903 2717 wem‘sse
1949 2685 2083 2729 putat.

1197 2734 1390 2771 Attamen
1407 2745 1488 2771 non
1500 2734 1642 2771 leviter
1659 2734 1864 2771 innovavit
1875 2733 2085 2783 Vespasia-

1199 2799 1291 2834 nus,
1308 2789 1340 2824 si
1358 2800 1452 2825 vera
1470 2801 1556 2836 quae
1583 2786 1782 2837 Sulpicius
1806 2787 1972 2825 Severus
1990 2787 2084 2825 scri-

1200 2841 1262 2879 bit
1278 2841 1349 2879 lib.
1375 2847 1416 2880 2.
1445 2841 1530 2879 Sac.
1554 2840 1665 2879 Hist.
1699 2841 1976 2890 Vespasianus,
1995 2853 2083 2879 cum

1200 2895 1517 2945 Hierosolymam
1553 2894 1753 2940 obsideret,
1788 2895 1909 2932 sumit
1955 2895 2084 2944 Impe-

1195 2951 1301 2991 rium
1314 2962 1327 2985 .·
1355 2956 1409 2996 et,
1427 2955 1474 2987 ut
1503 2961 1584 2986 mos
1613 2955 1685 2995 est,
1714 2948 1932 2987 diademate
1958 2949 2083 2997 capiti

1196 3003 1392 3052 impos-tto,
1413 3003 1462 3040 al>
1478 3003 1652 3040 exercita
1674 3003 1891 3051 Imperator
1904 3002 2082 3047 meatu-

1195 3063 1318 3100 tatus,
1341 3057 1622 3105 qitumfilium
1643 3053 1969 3101 Coesnremfacit.
2005 3055 2081 3092 Sed

1194 3111 1327 3159 palam
1346 3109 1417 3147 illa
1437 3111 1548 3147 falsa.
1601 3109 1684 3147 Nec
1701 3119 1786 3145 mos
1803 3107 1890 3154 ejus
1907 3108 1980 3144 aevi
1997 3108 2082 3145 dia·

1195 3165 1310 3201 dema
1340 3163 1453 3209 tulit,
1479 3175 1550 3200 nec
1585 3163 1744 3201 flavius
1779 3172 1850 3210 per
1883 3162 2081 3200 somnium

1193 3218 1416 3265 usurpavit.
1445 3217 1559 3255 ers.
2023 3237 2029 3243 ·

1250 3272 1390 3308 Tantoe
1418 3267 1700 3318 multitudinis]
1735 3267 1906 3309 Quantae
1924 3268 2077 3317 igitur?

1193 3328 1235 3361 et
1251 3333 1338 3372 quae
1357 3323 1448 3360 inde
1462 3322 1588 3360 offusa
1603 3320 1758 3371 caligo?
1790 3322 1940 3360 Forsan
1953 3335 1966 3358 ·.
1994 3330 2082 3362 tan·

1194 3384 1246 3416 toe
1262 3378 1508 3415 mutationis.
1538 3375 1625 3414 Lib.
1643 3385 1686 3420 3,
1703 3380 1770 3415 49.
1798 3375 1911 3414 Dum
1929 3376 2004 3414 hac
2020 3382 2078 3414 to-

1191 3432 1274 3468 tius
1309 3430 1411 3468 orbis
1448 3431 1660 3469 mutatione
1692 3428 1865 3477 fortuna
1912 3429 2077 3479 Imperii

1193 3485 1348 3522 transit.
1375 3485 1575 3534 Josephus
1591 3481 1624 3521 Σ.
1643 3481 1759 3519 ἁλῶν.
1774 3491 1834 3524 λς.
1846 3482 2026 3524 Συνιόντες
2044 3480 2082 3521 ik

1194 3535 1268 3579 οἵτε
1286 3537 1456 3589 ἧγεμὸνες
1487 3537 1554 3578 καὶ
1572 3535 1604 3575 οἱ
1619 3535 1847 3590 στρατιῦται
1866 3536 1958 3577 καθ’
1979 3536 2079 3576 ivm·
