2190 3880
319 147 418 191 260
909 145 1532 199 HISTORIARUM

325 283 696 326 veteranarum
736 271 1045 327 cohortium
1073 275 1250 346 signa,
1278 277 1403 329 inde
1427 277 1767 350 depromptae
1797 279 1945 334 silvis
1972 282 2133 337 lucis-

325 363 390 398 ve
430 345 662 399 ferarum
706 346 989 418 imagines,
1020 359 1081 398 ut
1109 348 1306 417 cuique
1346 349 1498 418 genti
1541 350 1677 402 inire
1710 353 1970 423 :proelium
2013 371 2132 408 mos

241 451 281 486 ο,
322 428 422 482 est,
457 418 633 472 mixta
658 418 783 471 belli
811 419 986 470 civilis
1014 420 1335 488 externique
1364 420 1502 472 facie
1529 423 2007 494 obstupefecerant
2034 428 2136 480 ob-

323 507 515 542 sessos,
538 503 592 543 et
608 509 759 563 spem
777 490 1213 561 oppugnantium
1235 491 1472 560 augebat
1489 492 1790 562 amplitudo
1810 497 2132 569 valli,quod,

322 561 535 614 duabus
576 561 884 634 legionibus
930 561 1114 624 situm,
1158 562 1250 612 vix
1302 563 1542 632 quinque
1587 565 1754 618 millia
1802 583 2132 624 armatorum

322 635 634 687 tuebantur.
663 634 767 687 Sed
788 633 1020 684 lixarum
1047 631 1360 697 multitudo,
1381 637 1596 686 turbata
1614 654 1745 706 pace
1765 637 1891 694 illuc
1905 660 2134 714 cougre-

235 707 304 754 23
322 718 468 777 gata,
491 717 547 758 et
574 705 716 758 bello
741 703 986 756 ministra
1006 703 1209 761 aderat.
1252 704 1384 757 Pars
1407 719 1727 773 castrorum,
1757 710 1810 762 in
1838 711 2030 766 collem
2058 714 2130 767 le..

322 779 463 831 niter
489 795 822 848 exsurgens;
867 793 987 847 pars
1025 795 1185 846 aequo
1212 777 1484 830 adibatur.
1514 780 1736 852 quippe,
1767 781 1869 836 illis
1893 784 2133 840 hibernis

320 847 559 903 obsideri
590 849 872 920 premique
901 847 1243 912 Germanias-1,
1272 849 1553 921 Augustus
1586 853 1918 910 crediderat:
1960 874 2134 929 neque

320 940 559 992 unquam
591 922 644 974 id
675 921 958 984 malorum,
988 932 1047 972 ut
1076 933 1456 992 oppugnatum
1487 923 1627 975 ultro
1655 925 1895 996 legiones
1924 943 2134 984 nostras

321 995 585 1046 venirent.
612 993 748 1047 Inde
764 1012 871 1046 non
890 994 1032 1057 loc0,
1056 1009 1230 1062 neque
1253 994 1602 1047 munimentis
1619 996 1771 1051 labor
1786 999 2031 1056 additus:
2056 1005 2134 1055 vis

319 1078 375 1118 et
396 1084 545 1118 arma
561 1067 690 1119 satis
713 1066 1016 1137 placebant.
1050 1063 1244 1117 Batavi
1261 1064 1915 1143 Transrhenanique,quo
1934 1073 2135 1128 discre-

320 1148 378 1191 ta
417 1138 584 1192 virtus
626 1139 964 1191 manifestius
1003 1147 1359 1208 spectaretur,
1382 1137 1486 1190 sibi
1523 1158 1756 1211 quaeque
1795 1161 1928 1215 geas
1953 1148 2133 1200 consi-

321 1223 495 1276 stunt,
515 1210 726 1264 eminus
755 1212 1096 1264 lacessentes.
1139 1208 1292 1274 Post,
1318 1211 1410 1264 ubi
1441 1210 1694 1284 pleraque
1723 1215 1950 1270 telorum
1974 1221 2134 1272 turri-

319 1284 421 1336 bus
443 1284 734 1356 pinnisque
750 1283 1019 1336 moenium
1037 1280 1199 1334 inrita
1216 1281 1517 1350 haerebant,
1534 1295 1590 1337 et
1605 1286 1836 1359 desuper
1856 1289 2004 1343 saxis
2022 1292 2135 1345 vul-

184 283 235 322 A.
255 282 306 323 U.

199 339 292 375 8²23.

189 394 242 431 A.
259 394 304 431 C.

219 466 231 490 ι

371 1474 496 1513 Silvis
526 1472 714 1523 lucisque]
748 1472 812 1510 Sic
840 1471 935 1509 libri
961 1470 1102 1517 nostri,
1116 1481 1201 1524 ‘nou

1255 1482 1330 1509 vox
1347 1471 1522 1520 profecto
1537 1471 1726 1515 abundat.
1756 1476 1909 1516 Delevi.
1936 1479 2049 1516 Prius
2066 1483 2138 1530 pro

307 1527 515 1578 jugisque.
559 1528 771 1565 Enimvero
789 1528 831 1563 in
850 1527 969 1564 sacris
987 1528 1204 1563 Germano-

1253 1527 1376 1564 et‘tnm
1391 1525 1521 1566 Rhea.
1537 1526 1695 1567 volebat
1710 1537 1810 1570 tum.

318 1595 407 1622 rum
425 1582 524 1620 lucis
541 1583 670 1619 ferina
689 1583 765 1619 ista
787 1583 913 1629 signa.
968 1579 1136 1619 Tacitus
1153 1580 1201 1618 de

316 1638 493 1675 moribus
525 1638 654 1686 gentis
683 1643 723 1678 7.
756 1637 1000 1687 Effigie-sque
1015 1643 1053 1673 et
1081 1637 1202 1684 signa

315 1693 496 1744 quaeda-m
525 1693 699 1730 detracta
734 1692 834 1729 luci-s·
862 1693 904 1728 in
925 1692 1112 1740 proelium
1133 1690 1201 1738 je-

314 1754 420 1785 runt.
465 1749 577 1784 Ln‘s.
622 1747 695 1785 Ed.
733 1759 793 1796 pr.
831 1747 990 1784 lucisve.
1048 1747 1200 1786 Ceterae

314 1813 440 1851 usque
495 1802 546 1838 ad
603 1801 708 1850 Lips.
758 1802 964 1851 jugisque,
1012 1801 1115 1849 quod
1159 1803 1200 1838 et

314 1857 450 1895 Gueif.
484 1856 541 1907 (et
566 1856 687 1907 Bud.)
720 1856 853 1893 habet.
896 1855 1105 1893 Broterius
1134 1866 1198 1892 su.

314 1916 492 1961 spectum
523 1911 644 1948 habet
675 1913 849 1961 lucisque
867 1909 894 1948 l.
928 1921 963 1948 c.
993 1915 1077 1947 ute
1097 1911 1199 1948 Mor.

314 1969 450 2004 Germ.
482 1967 673 2004 additum.
738 1966 947 2014 Proprium
978 1965 1020 2002 in
1051 1966 1125 2002 hac
1153 1977 1196 2002 re

314 2028 375 2059 est
392 2020 556 2059 verbum
583 2023 697 2066 lucis,
726 2024 774 2057 ut
790 2033 837 2058 ex
857 2021 924 2057 illo
948 2020 1032 2057 loco
1049 2023 1091 2057 et
1108 2020 1197 2058 aliis

313 2080 450 2127 patett·
492 2075 533 2113 id
564 2077 662 2114 adeo
685 2076 807 2112 deleri
838 2087 917 2112 uon
947 2079 1091 2125 potest.
1153 2075 1198 2113 Si

313 2133 423 2168 silvis
467 2131 555 2180 quis
586 2131 707 2168 deleri
741 2131 873 2168 malit:
920 2130 1104 2179 frequens
1139 2135 1199 2168 est

312 2186 433 2223 verbo
452 2186 596 2234 speciei
619 2187 759 2222 addere
785 2197 927 2234 genUS,
950 2185 1048 2222 lucis
1069 2185 1198 2222 silvas.

314 2242 423 2278 Eas.
469 2242 588 2279 Grut.
620 2241 854 2290 pra-ferebat
890 2241 1046 2278 lucisve.
1112 2241 1200 2277 Pla-

312 2299 388 2333 cet.

367 2350 501 2388 Juxta
533 2351 622 2388 belli
651 2348 795 2400 civilis]
836 2350 938 2387 Puto
965 2359 1194 2398 germanum

313 2417 411 2444 esse.
470 2406 670 2443 Romanus
706 2408 841 2441 tamen
872 2404 992 2441 codex
1023 2405 1195 2453 itemque

312 2460 417 2498 Ποῖ.
435 2462 563 2498 mix-ta
580 2461 670 2498 belli
686 2461 827 2498 civilis.
858 2470 937 2496 non
956 2459 1051 2495 item
1078 2458 1193 2497 male.

311 2515 426 2553 ers.
455 2516 568 2554 Rom.
585 2515 669 2552 cod.
689 2518 750 2552 est
777 2514 836 2552 ed.
856 2523 916 2563 pr.
944 2525 1029 2550 eam
1059 2513 1194 2551 lectio-

311 2581 404 2607 nem
436 2570 538 2607 bene
569 2571 716 2619 recepit
744 2570 927 2607 Pichena.
950 2569 1035 2606 MS.
1061 2569 1194 2607 Guelf.

313 2625 401 2662 edd.
429 2627 520 2663 Put.
551 2625 644 2663 Ber.
668 2624 752 2662 Alc.
771 2624 900 2673 justa.
928 2623 1055 2660 Rhen.
1085 2634 1191 2672 seqq.

303 2680 457 2729 juncta.-
490 2680 592 2728 quod
619 2691 713 2717 sane
741 2679 910 2717 eundem
937 2689 1094 2715 sensum
1115 2679 1194 2715 effi-

311 2739 436 2781 ceret,
463 2736 495 2771 si
525 2746 548 2771 a
579 2735 691 2771 libris
723 2746 796 2772 scr.
823 2734 1059 2770 firmaretur.
1088 2734 1196 2771 ERN.

313 2790 389 2828 Est
409 2790 451 2826 in
485 2790 586 2827 Bud.
605 2794 647 2827 et
677 2790 732 2826 sic
752 2789 798 2826 A.
832 2794 866 2832 l,
885 2794 952 2827 48.
981 2789 1197 2826 innocentes

314 2858 363 2882 αε
380 2844 652 2894 naam-juxta
665 2845 810 2882 cadere.
836 2844 877 2880 J.
897 2843 960 2881 Fr.
973 2843 1196 2881 Gronovius

314 2898 411 2937 Obs.
450 2905 484 2944 1,
520 2904 583 2940 17.
628 2899 701 2936 hoc
736 2899 818 2936 loco
851 2909 1006 2947 quoque
1041 2897 1196 2946 legebat

304 2954 433 3002 juxta
459 2953 723 3002 reddebatque
748 2953 784 3000 ἐξ
810 2951 903 2994 ἴσης.
955 2953 1100 2990 Utrum
1117 2951 1197 2990 Ta-

313 3009 383 3045 citi
403 3009 469 3055 sit,
487 3021 565 3046 non
585 3009 764 3046 dixerim.
804 3006 1061 3045 R'eeentiores
1075 3007 1198 3044 edito-

315 3073 378 3113 res
398 3063 438 3099 in
457 3066 585 3100 vitaz-ta
602 3064 844 3112 conspirant.

375 3118 554 3168 Quinque
596 3119 728 3156 ‘millia
771 3124 1012 3156 armatorum
1058 3116 1194 3168 Rom-J

315 3171 491 3209 Verbum
526 3172 792 3210 Romanorum
819 3175 1039 3220 agnoscunt
1066 3182 1201 3208 omnes

315 3226 431 3265 MSS.
458 3230 601 3275 praeter
618 3227 789 3264 Budens.
819 3231 860 3263 et
877 3227 961 3263 edd.
985 3230 1080 3263 aute
1095 3226 1200 3266 Rbe-

290 3283 489 3319 “nanum:
532 3291 556 3316 a
574 3291 652 3330 quo
677 3281 848 3318 deletum
869 3280 1044 3317 restituit
1065 3280 1199 3327 Pione-

315 3347 382 3380 na.
438 3337 559 3374 Recte
593 3334 859 3372 Romanorum
891 3334 1074 3371 additum·
1103 3334 1199 3372 dicit

315 3390 503 3436 Pici-m,
522 3393 569 3426 ut
596 3395 764 3427 armatos
785 3400 809 3425 a
839 3388 928 3425 lixis
946 3392 986 3424 et
1013 3387 1051 3424 id
1072 3398 1197 3436 genus

312 3444 543 3485 hominihus
572 3444 885 3493 distinguantur,
902 3452 999 3491 quos
1029 3442 1077 3479 ad
1104 3442 1197 3478 beni

299 3499 539 3539 rminbteria
559 3499 773 3544 adsumtos,
792 3509 882 3536 mox
907 3497 1002 3534 dicit
1020 3497 1195 3534 Tacitus.

315 3554 424 3594 ERN.
457 3551 710 3599 Quasisaeero,
734 3554 766 3590 si
786 3552 889 3590 absit
911 3551 1195 3596 Romanorum,

315 3608 468 3649 milites
490 3620 516 3649 a
540 3608 632 3649 lixis
658 3608 850 3658 distingui
879 3610 1090 3657 nequeant.
1137 3607 1197 3645 Ea

1312 1579 1472 1620 Leniter
1498 1583 1724 1636 assurgens]
1765 1586 1879 1626 MSS.
1901 1587 2007 1628 mor.
2036 1590 2136 1638 Agr.

1256 1633 1395 1686 (Buri.)
1416 1635 1477 1674 ed.
1497 1649 1559 1688 pr.
1575 1649 1803 1690 avem-gene.
1848 1642 1998 1681 Eodem
2017 1644 2137 1682 verbo

1255 1701 1351 1728 usus
1369 1694 1429 1728 est-
1446 1690 1503 1728 H.
1519 1697 1560 1739 2,
1578 1697 1641 1731 14.
1669 1694 1722 1732 Et
1737 1694 1802 1733 hie
1817 1697 1953 1747 potius
1964 1697 2135 1737 aiterum

1254 1744 1518 1790 substitutum
1546 1758 1572 1784 a
1616 1747 1789 1787 librariis
1823 1750 1996 1800 videtur,
2031 1755 2135 1804 quod

1254 1800 1396 1838 tritum
1433 1805 1494 1838 est
1529 1813 1621 1850 usu,
1652 1813 1772 1853 quam
1812 1815 2028 1856 exem-gem
2059 1809 2136 1848 illi.

1254 1855 1362 1893 Ean.
1389 1855 1494 1894 Suus
1514 1857 1566 1894 sit
1585 1857 1711 1896 honor
1726 1860 1939 1900 oedicibus.
1970 1863 2135 1913 Repono

1253 1922 1481 1960 exsurgens.
1521 1912 1587 1949 Sic
1603 1913 1752 1964 etssip.

1307 1965 1442 2015 Neque
1458 1979 1644 2018 umquam
1660 1970 1706 2007 id
1721 1969 1931 2022 malorum]
1959 1969 2136 2012 Credide-

1250 2026 1315 2058 rat
1335 2020 1459 2057 intell.
1488 2022 1703 2061 timuerat:
1738 2024 1964 2074 Numquam
1985 2038 2032 2064 eo
2048 2040 2133 2066 rem

1251 2075 1467 2114 redituram
1498 2081 1673 2125 putarat.
1718 2079 1793 2117 Est
1809 2079 1933 2118 durus
1951 2081 2135 2132 loquendi

1253 2130 1390 2167 modus
1405 2143 1418 2179 3
1447 2131 1515 2168 sed
1530 2132 1573 2168 in
1602 2144 1680 2182 quo
1708 2132 1800 2171 libri
1818 2147 1954 2173 omnes
1972 2148 2136 2175 eonsen-

1252 2185 1377 2223 tiunt.
1404 2185 1513 2224 ERN.
1544 2187 1628 2224 Cur
1652 2187 1869 2227 timuerat?
1898 2191 2137 2230 Potiussuo

1255 2251 1388 2287 sensu,
1418 2242 1647 2288 crediderat,
1681 2243 1739 2280 sic
1773 2246 1943 2283 coerceri
1972 2247 2136 2286 Germa-

1253 2295 1357 2341 uias,
1376 2306 1503 2345 neque
1521 2308 1697 2345 unquam
1729 2297 1768 2335 id
1795 2299 1988 2338 malorum
2013 2304 2139 2341 oritu-

1253 2362 1342 2386 rum
1370 2354 1445 2387 etc.

1307 2404 1562 2441 Non—labor
1573 2405 1746 2457 additus]
1778 2407 1962 2446 For-mula
1974 2410 2138 2460 Virgili-

1249 2470 1326 2496 ana
1348 2458 1412 2506 (G.
1447 2465 1483 2505 1,
1504 2458 1615 2509 150.)
1635 2474 1727 2499 moa·
1744 2468 1783 2499 et
1786 2463 2002 2511 frumentis
2029 2466 2138 2503 labor

1250 2514 1434 2551 additus.-
1462 2514 1529 2551 sed
1569 2515 1647 2552 alio
1682 2527 1812 2554 seusu.
1832 2518 1872 2555 h.
1893 2518 1922 2557 l.
1942 2523 2016 2565 cst,
2036 2521 2135 2558 nihil

1249 2569 1345 2605 artis
1381 2572 1451 2606 aut
1486 2581 1616 2618 operm
1648 2570 1889 2618 adsumtum,
1921 2573 1971 2611 ad
2006 2574 2135 2613 locum

1248 2623 1502 2661 munitiorem
1519 2625 1706 2672 operibus
1722 2627 1977 2674 reddendum,
1992 2633 2140 2671 utma-

1243 2678 1309 2726 jor
1327 2679 1367 2715 in
1385 2679 1649 2728 oppugnando
1666 2679 1778 2718 labor
1792 2689 1908 2719 esset.
1965 2684 2075 2724 ERN.

1308 2734 1393 2778 Quo
1421 2735 1584 2771 discreta
1612 2736 1737 2773 virtus
1763 2735 1856 2788 eta]
1888 2737 2023 2776 Simile
2044 2739 2140 2789 quid

1250 2793 1291 2835 3,
1310 2792 1376 2828 27.
2072 2827 2078 2830 .

1303 2843 1392 2880 Sibi
1416 2852 1573 2892 queque
1596 2857 1696 2894 gens
1727 2845 1962 2898 consisitunt]
1987 2848 2136 2886 Durius

1250 2896 1398 2935 dictum
1426 2907 1499 2945 pro
1523 2901 1694 2944 seorsim,
1717 2911 1798 2938 non
1819 2902 2003 2950 permixti
2032 2903 2140 2941 inter

1249 2963 1305 2991 se.
1363 2950 1578 2990 Rhenanus
1611 2953 1846 3003 conjiciebat
1875 2957 2022 3002 simut.-
2049 2968 2137 3006 quoe

1253 3006 1370 3045 verba
1398 3010 1439 3043 et
1466 3005 1563 3044 alibi
1590 3009 1753 3046 confusa
1780 3013 1949 3047 notarat.
1981 3011 2012 3047 si
2042 3012 2138 3060 quid

1252 3061 1503 3106 mutandum,
1524 3063 1657 3100 malim
1683 3064 1772 3101 soli.
1799 3063 1856 3101 sie
1883 3064 1987 3102 infra
2013 3076 2049 3103 c.
2069 3069 2139 3104 46.

1251 3117 1465 3165 separatim
1484 3118 1673 3156 assistere.
1729 3118 1824 3156 Mox
1852 3129 1924 3167 pro
1942 3119 2139 3158 lum-ebant

1256 3171 1370 3209 MSS.
1410 3170 1536 3208 Vatic.
1574 3173 1671 3220 Agr.
1706 3172 1767 3210 ed.
1806 3184 1867 3222 pr.
1903 3173 2138 3223 pendebant,

1254 3226 1356 3274 quod
1370 3227 1493 3273 magis
1508 3225 1688 3274 placebat
1700 3228 1884 3264 Gruoem.
1911 3228 2019 3265 Eas.
2048 3230 2138 3268 Sibi

1251 3279 1344 3328 Bip.
1365 3279 1534 3317 reddunt
1548 3292 1686 3317 secum.
1741 3281 1875 3319 Livius
1888 3281 2050 3320 dixisset
2065 3296 2140 3333 pro

1251 3346 1292 3372 se
1317 3346 1501 3384 quoeque;
1531 3338 1578 3371 ut
1606 3338 1671 3378 26.
1691 3337 1758 3373 36.
1796 3335 1856 3373 Cf.
1886 3335 2031 3374 Hister.
2058 3339 2138 3376 na-

1252 3400 1351 3427 cem.
1385 3392 1449 3425 12.
1488 3388 1582 3426 Mox
1612 3389 1716 3427 Bud.
1745 3392 1934 3440 oppositu
1956 3393 2135 3443 plerique

1250 3444 1383 3487 scalis,
1401 3446 1448 3479 ut
1466 3444 1592 3481 Rhen.
1610 3447 1735 3481 notat.
1793 3446 1838 3482 In
1857 3445 1943 3483 edd.
1962 3447 2134 3485 Gronov.

1250 3508 1298 3533 ea
1343 3496 1464 3534 verba
1506 3498 1637 3536 deesse
1676 3499 1876 3544 dicuntur,
1914 3511 2135 3549 perperam.

1250 3551 1352 3589 Bud.
1374 3551 1563 3590 herebant.
1582 3553 1701 3601 hujus
1718 3554 1847 3602 glossa
1863 3555 1961 3592 mihi
1977 3555 2137 3595 videtur

1250 3617 1334 3644 esse
1344 3607 1580 3658 pendebant..
1626 3607 1719 3659 Rip.
1735 3609 1807 3648 hoc
1825 3610 2053 3661 praeferunt.
