2190 3880
704 127 862 179 LIB.
895 127 981 177 Vs
1008 129 1176 179 CAP.
1212 135 1290 186 17.
1800 133 1902 186 337

83 252 228 309 laeva
252 273 325 309 ac.
343 253 599 326 propiora
624 252 865 306 fluminis
890 252 1291 306 Transrhenani
1312 261 1555 308 tenuere.
1618 251 1893 308 Exhorta-
1907 267 1957 309 A.
1975 264 2031 307 U.

87 325 168 379 tio
221 326 460 389 Ducum,
504 342 613 377 non
649 342 803 376 more
842 325 1125 378 concionis
1169 324 1314 394 apud
1364 326 1662 391 universos»,
1687 326 1782 378 sed
1829 338 1891 377 ut
1903 322 2018 411 {³²2⁸

87 406 331 465 quosque
376 413 595 454 suorum
643 395 1070 450 advehebantur.
1147 393 1373 447 Cerialis
1409 402 1620 447 veterem
1666 394 1893 448 Romani
1932 398 2025 468 ἧι]

87 465 308 518 nominis
341 465 584 537 gloriam,
610 466 849 536 antiquas
887 474 1194 535 recentesque
1231 464 1499 517 victorias.-
1536 473 1595 516 ut
1622 465 1896 534 perfidam,

85 535 349 606 ignavum,
375 537 566 588 victum
589 536 795 601 hostem,
823 536 881 588 in
906 545 1143 588 (eternum
1168 534 1470 587 exciderent.
1504 534 1698 588 ultione
1717 537 1898 607 magis,

87 621 241 676 quam
256 606 460 675 praelia,
479 625 602 676 opus
619 625 735 658 esse.
810 606 1082 659 Pauciores
1105 623 1267 674 nuper
1279 604 1642 674 cumpluribus
1665 615 1898 658 certasse.-

84 683 312 729 attamen
328 675 484 747 fusos
516 676 818 740 GemzanOS,
848 675 986 747 quod
1017 676 1213 727 roboris
1235 674 1429 746 fuerit.
1505 677 1782 745 Superesse,
1807 674 1899 745 qui

69 744 272 816 sugam
297 748 499 810 animis,
526 747 615 817 qui
638 745 851 799 vulnera
885 745 1259 817 terg0,ferant.
1334 745 1592 817 Proprios
1632 745 1758 798 inde
1804 746 1902 797 sti-

86 818 263 870 mulos
288 817 596 888 legionibus
616 816 977 881 admovebat,
1003 816 1273 867 domitores
1295 815 1592 869 Britanniae
1628 815 1903 891 quartade-

88 887 310 939 cimanos
333 888 635 958 adpellans:
678 887 976 956 Principem
1002 886 1227 938 Galbam
1246 895 1392 938 sextae
1426 886 1642 956 legionis
1675 886 1901 939 auctori-

88 965 195 1010 tate
209 956 451 1029 jactum.-
489 957 584 1009 illa
611 958 840 1027 primum
867 959 975 1010 acie
996 956 1302 1009 secundanos
1337 975 1470 1009 nova
1505 957 1654 1027 signa
1690 962 1902 1009 novam·

87 1044 186 1098 que
218 1027 449 1098 aquilam
489 1028 764 1080 dicaturos.
842 1028 1010 1092 Hinc,
1054 1040 1359 1101 praeveetus
1398 1028 1466 1079 ad
1507 1028 1900 1080 Germanicum

87 1099 411 1162 exereitum,
437 1117 628 1151 manus
656 1099 933 1163 tendebat,
955 1107 1013 1150 ut
1049 1116 1192 1150 suam
1232 1098 1416 1166 ripam,
1441 1115 1535 1150 sua
1570 1107 1757 1163 castra,
1781 1115 1902 1150 san-

79 1169 239 1238 guine
276 1169 496 1222 hostium
533 1169 885 1239 reciperarent.
960 1169 1208 1220 Alacrior
1245 1168 1489 1219 omnium
1529 1168 1750 1234 clamor,
1775 1169 1901 1238 quis

74 1239 173 1310 ‚vel
199 1257 230 1292 e
252 1239 416 1311 longa
445 1258 576 1310 pace
604 1239 786 1310 proelii
812 1239 1033 1309 cupidO,
1064 1239 1146 1290 vel
1173 1238 1326 1289 fessis
1365 1238 1508 1296 bello
1547 1238 1697 1307 pacis
1729 1255 1900 1302 amor,

90 1310 422 1380 praemiaque
447 1323 502 1362 et
529 1312 681 1379 quies
711 1310 763 1362 in
796 1321 1071 1380 posterum
1105 1310 1478 1378 sperabantur.
1506 1349 1512 1352 χ
1555 1308 1673 1360 Nec
1709 1307 1900 1360 Civilis
1923 1311 1982 1362 17

89 1380 336 1433 silentem
360 1381 561 1433 struxit
587 1380 779 1445 aciem,
806 1381 985 1433 locum
1016 1397 1215 1450 pugnae
1245 1390 1437 1436 testem
1478 1378 1693 1434 virtutis
1719 1378 1902 1432 ciens:

85 1457 221 1503 stare
262 1449 546 1504 Germanos
576 1449 906 1521 Batavosque
928 1468 1075 1519 super
1096 1449 1307 1520 vestigia
1328 1448 1526 1520 glor-icc,
1548 1448 1740 1503 cineres
1767 1466 1905 1502 ossa-

88 1538 185 1591 que
217 1520 472 1592 legionum
498 1520 765 1573 calcantes,
840 1538 1135 1591 quocunque
1159 1519 1325 1571 oculos
1373 1517 1638 1571 Romanus
1679 1519 1906 1571 intende·

88 1597 182 1656 ret,
209 1591 578 1660 captivitatem,
598 1591 885 1661 clademque
918 1599 966 1643 et
991 1590 1108 1649 dira
1135 1590 1306 1641 omnia
1331 1588 1605 1642 obversari.
1682 1588 1767 1641 Ne
1803 1597 1908 1641 ter-

89 1670 323 1721 rerentur
353 1663 498 1715 vario
542 1662 799 1715 Treverici
834 1660 1011 1732 praelii
1048 1668 1248 1714 eventu.
1288 1678 1439 1712 sua-m
1477 1659 1588 1712 illic
1638 1658 1909 1713 victoriam

84 1794 149 1834 od.
169 1807 230 1845 pr.
247 1798 445 1846 ecugerni.
501 1796 595 1835 Mox
623 1809 754 1835 eorum
783 1807 855 1846 pro
881 1807 969 1834 suo·

86 1862 177 1887 rum
208 1851 294 1888 edd.
319 1854 416 1888 vett.
441 1850 532 1887 inde
548 1862 573 1899 β
590 1851 741 1890 Puteol.
766 1860 892 1899 usque
920 1849 971 1888 ad

87 1902 197 1941 Pit-h.
223 1916 382 1941 suorum
415 1904 527 1942 MSS.
561 1903 666 1942 Flor.
703 1903 838 1955 (Bud.)
871 1904 970 1953 Agr.

90 1957 222 1995 Guelf.
249 1958 310 1995 ed.
336 1969 395 2006 pr.
423 1959 516 1995 Post
537 1957 626 1994 dedi
653 1959 872 1996 exciderent
901 1969 974 2006 pro

90 2010 369 2057 exse-inderent,
388 2023 409 2047 e
428 2011 539 2049 MSS.
565 2011 670 2049 Flor.
704 2009 846 2062 (Bud.)
874 2011 974 2059 Agr.

89 2065 151 2101 ed.
169 2076 230 2113 pr.
246 2064 363 2113 idque
386 2063 512 2102 voluit
537 2064 652 2101 edere
675 2066 716 2103 J.
736 2065 974 2110 Gronovius,

89 2117 158 2156 ted
185 2129 314 2166 operae
341 2129 421 2155 non
454 2121 687 2166 paruerunt.
735 2118 822 2156 MS.
838 2117 973 2155 Guelf.

89 2171 177 2208 edd.
197 2176 295 2210 vett.
314 2173 575 2210 excinderent.
629 2171 732 2210 Add.
759 2172 809 2208 ad
838 2172 973 2220 Agric.

96 2230 158 2264 19.
202 2226 312 2262 Ean.

143 2282 333 2316 Attamen
363 2279 483 2328 susos
542 2276 767 2327 Germanos]
825 2276 972 2316 Melius

91 2331 194 2369 Flor.
223 2344 270 2369 ac
291 2337 435 2378 tamen,
452 2335 499 2369 ut
529 2332 655 2368 voluit.
683 2331 880 2368 Muretus.
909 2331 971 2368 ed.

91 2396 152 2433 pr.
179 2384 282 2422 male
317 2385 528 2422 Romanos.
582 2386 691 2423 ERN.
748 2386 812 2422 Ac
843 2390 972 2421 tamen

15 2451 29 2469 a
90 2449 270 2488 recepere
296 2438 387 2487 Bip.
417 2438 523 2476 Bud.
554 2445 596 2476 at
627 2443 771 2476 tamen.
826 2437 972 2475 Sensus

94 2492 211 2530 idem.
263 2491 367 2530 sud.
385 2492 609 2529 Germanos.

145 2546 278 2583 Seaeeae
290 2546 456 2593 legionis
480 2542 727 2593 auctoritate]
760 2542 786 2580 i.
804 2555 840 2581 e.
859 2543 974 2580 initio

93 2610 119 2636 a
147 2602 259 2636 sexta
284 2598 438 2646 legione
472 2597 576 2634 facto
612 2599 804 2635 caesarem
839 2596 976 2645 appel-

91 2652 215 2697 tandi,
243 2651 349 2700 quod
380 2649 604 2698 exemplum
631 2654 780 2687 ceteras
809 2654 975 2688 secutas.

89 2704 190 2743 Mox
205 2717 344 2743 novam
361 2705 537 2755 aquilam
565 2707 606 2741 et
631 2715 730 2741 nova
755 2706 878 2752 signa
902 2704 976 2740 tri-

92 2758 184 2797 buit
222 2758 469 2803 secundanis,
496 2758 599 2805 quod
627 2761 761 2793 vetera
791 2758 903 2805 signa
933 2758 976 2794 in

95 2812 200 2849 bello
227 2811 334 2848 civili
367 2812 596 2848 amiserant.
652 2811 747 2847 Mox
775 2816 977 2859 pervectus·

8 2863 13 2868 ’
93 2865 179 2903 MS.
201 2863 297 2913 Agr.
353 2865 461 2903 ERN.
515 2864 617 2901 Bud.
651 2864 752 2901 male
766 2870 975 2914 preveetos.

94 2919 202 2960 Dein
242 2924 519 2967 recuperarent.
557 2919 790 2968 proeliaque.
845 2929 977 2968 spera-

95 2973 223 3014 fatur.

147 3023 352 3075 Alacrior]
384 3023 479 3061 Cod.
497 3023 754 3071 Agnalacer.

150 3079 337 3116 silentem
368 3078 518 3114 struxit
553 3075 691 3125 aciem]
742 3077 782 3112 h.
818 3086 854 3111 e.
889 3086 975 3123 quae

97 3143 178 3170 non
205 3131 364 3169 silentio
393 3131 587 3178 exciperet
618 3129 812 3166 hortantis
847 3139 974 3172 voces,

97 3186 164 3223 sed
181 3184 349 3222 elamore
367 3183 564 3232 probaret.
618 3183 710 3227 Sed,
725 3182 910 3230 quoniam
936 3182 974 3218 id

98 3242 188 3287 post
204 3238 346 3276 iterum
367 3238 531 3274 dicitur:
561 3236 629 3273 ubi
654 3248 744 3273 sono
778 3246 976 3273 armorum

98 3297 170 3329 etc.
189 3291 401 3340 approbam
421 3296 512 3327 sunt
541 3291 646 3328 dicta
659 3303 672 3326 .·
699 3289 814 3326 credo
844 3289 977 3336 legen-

97 3344 193 3382 dum
205 3345 422 3384 emeritens
439 3344 501 3382 vel
528 3345 680 3381 silentio
706 3342 784 3392 (vel
798 3339 972 3388 silenter)

99 3400 148 3435 nt
167 3397 240 3434 viri
252 3397 355 3435 docti
381 3397 557 3435 voluere:
588 3397 654 3433 sed
674 3396 866 3444 posterius
895 3405 979 3431 ma-

99 3449 185 3489 lim.
238 3449 335 3488 Mox
351 3452 481 3488 munta
499 3450 586 3488 MS.
604 3451 736 3487 Guelf.
753 3449 838 3486 edd.
856 3448 977 3486 Bero-

56 3534 59 3538 .
99 3503 179 3542 aldi
196 3513 302 3552 seqq.
313 3506 405 3540 ante
422 3503 646 3552 Pichenam,
665 3504 732 3553 qui
751 3504 879 3541 omina
898 3502 977 3542 edi-

174 3571 310 3609 vol..
341 3571 410 3613 11.
444 3572 494 3609 Ρ.
526 3572 569 3610 1.

1023 1793 1082 1831 dit
1101 1805 1122 1830 e
1149 1793 1348 1841 scriptura
1371 1791 1476 1831 Flor.
1499 1789 1579 1836 οἷα,
1598 1803 1684 1842 quae
1711 1796 1772 1830 est
1798 1795 1841 1830 et
1867 1790 1912 1830 in

1025 1848 1086 1884 ed.
1104 1849 1194 1884 Put.
1216 1847 1361 1884 Omina
1379 1847 1496 1896 plane
1522 1846 1611 1884 MS.
1642 1847 1741 1895 Agr.
1763 1846 1827 1884 ed.
1849 1857 1914 1896 pr.

1025 1901 1230 1949 Scriptura
1258 1900 1489 1938 Florentina
1509 1911 1604 1938 sane
1630 1903 1674 1936 et
1701 1901 1831 1936 omnia
1858 1899 1913 1937 si·

1026 1956 1214 2003 gnificare
1234 1957 1378 2002 potest,
1393 1958 1530 2002 estque
1548 1954 1633 2001 ejus
1655 1952 1766 1990 verbi
1784 1953 1913 1990 usita-

1026 2013 1115 2046 tum
1145 2007 1441 2055 compendium:
1472 2018 1544 2043 nec
1574 2007 1613 2044 id
1641 2006 1737 2042 adeo
1770 2005 1914 2043 absur-

1028 2061 1121 2099 dum
1149 2067 1261 2110 puto.
1319 2061 1428 2096 Dira
1461 2071 1533 2108 per
1566 2071 1608 2098 se
1644 2062 1810 2108 possunt
1848 2060 1912 2096 in-

1028 2116 1159 2152 fausta
1175 2115 1306 2151 omina
1325 2113 1561 2162 significare.
1600 2113 1755 2151 Deinde
1771 2112 1831 2149 ed.
1849 2124 1913 2161 pr.

1028 2169 1233 2207 observari.
1288 2168 1470 2215 Denique
1495 2167 1630 2217 eadem
1647 2170 1688 2202 et
1706 2166 1791 2204 MS.
1811 2167 1914 2214 Agr.

1029 2222 1271 2259 lieven-iani.
1306 2219 1438 2258 Guelf.
1460 2220 1623 2258 Tremssri.
1662 2219 1771 2257 ERN.
1805 2219 1914 2257 Bud.

1025 2275 1216 2320 silentem,
1235 2273 1351 2319 bene,
1366 2277 1416 2310 ut
1429 2274 1534 2311 Flor.
1553 2276 1594 2309 et
1607 2273 1705 2320 Agr.
1732 2272 1829 2309 Mox
1846 2283 1916 2309 ex·

1027 2327 1200 2376 plicatur
1233 2326 1356 2372 locus,
1379 2326 1450 2364 ubi
1477 2338 1570 2364 sono
1602 2336 1800 2363 armorum
1834 2329 1914 2364 etc.

1025 2381 1094 2419 Nil
1114 2392 1207 2430 ergo
1229 2379 1478 2418 mutandum.
1532 2378 1639 2417 Dein
1663 2378 1768 2416 Bud.
1795 2377 1919 2418 oiniu-

1026 2436 1185 2480 Parum,
1204 2435 1332 2479 credo,
1349 2435 1487 2478 refert,
1516 2434 1661 2477 omina,
1680 2442 1732 2467 an
1766 2433 1915 2477 omnia,

1027 2487 1149 2536 legas.
1167 2487 1270 2524 Bud.
1291 2487 1495 2523 obversari.
1546 2485 1755 2523 Treverici.
1796 2485 1912 2522 Prius

1028 2552 1099 2590 pro
1115 2542 1216 2578 ciens
1229 2538 1349 2576 habet
1357 2541 1494 2576 sciens.

1083 2595 1206 2631 Suam
1240 2594 1324 2630 illic
1359 2589 1580 2639 victoriam]
1627 2590 1757 2628 Vatic.
1797 2602 1914 2628 mam

1029 2649 1112 2685 illic
1134 2648 1353 2684 materiam.
1384 2656 1470 2693 quae
1488 2645 1605 2681 lectio
1622 2643 1787 2682 involvit
1803 2643 1919 2682 aliud

1028 2700 1155 2746 verbi,
1191 2700 1295 2747 quod
1329 2699 1504 2735 nondum
1539 2697 1674 2735 educo.
1722 2700 1828 2735 certe
1865 2696 1915 2734 de

1029 2753 1196 2792 avaritia
1228 2759 1300 2790 aut
1345 2752 1545 2800 cupidine,
1581 2751 1621 2788 id
1653 2750 1731 2789 dici
1767 2750 1916 2797 verius,

1030 2818 1146 2856 quam
1166 2807 1212 2843 de
1231 2806 1407 2842 victoria.
1462 2805 1601 2852 Neque
1627 2804 1731 2841 enim
1751 2814 1812 2848 ea,
1830 2803 1916 2850 sed,

1030 2861 1133 2910 quod
1153 2870 1199 2896 ea
1228 2871 1297 2908 per
1324 2857 1576 2896 securitatem
1594 2861 1636 2894 et
1662 2856 1915 2897 insolentiam

1030 2914 1159 2959 abusi,
1183 2913 1332 2950 cladem
1359 2912 1480 2949 dedit.
1532 2912 1644 2949 Lu’s.
1696 2910 1916 2949 Materiam

1030 2969 1149 3004 ctiam
1177 2967 1238 3004 ed.
1267 2978 1327 3014 pr.
1369 2964 1573 3003 Acidaliae
1598 2963 1762 3012 corrigit
1781 2965 1916 3001 avari-

1028 3023 1142 3066 tiam,
1160 3019 1263 3068 quod
1277 3023 1319 3057 et
1338 3020 1378 3056 in
1402 3021 1587 3067 promptu
1605 3017 1739 3066 Lipsio
1755 3017 1914 3062 fuisset,

1029 3075 1063 3110 si
1092 3085 1171 3110 non
1199 3073 1317 3111 nimis
1335 3083 1361 3109 a
1377 3071 1539 3120 vulgata
1563 3070 1750 3108 differret.
1804 3070 1913 3108 idem

1029 3128 1157 3164 dicere
1178 3127 1347 3164 voluisse
1371 3126 1546 3170 videtur,
1559 3124 1663 3173 quod
1679 3129 1721 3169 4,
1739 3128 1806 3164 78.
1845 3124 1913 3162 oh-

1027 3182 1132 3218 stitit
1150 3180 1387 3218 vincentibus
1407 3189 1575 3227 pravum
1592 3178 1693 3215 inter
1711 3178 1814 3226 ipsos
1833 3189 1914 3214 cer-

1027 3240 1170 3278 tamen,
1189 3232 1293 3270 hoste
1321 3233 1475 3276 omisso,
1501 3232 1628 3281 spolia
1657 3230 1914 3269 consectandi.

1029 3287 1197 3323 Videtur
1229 3297 1323 3334 ergo
1355 3285 1517 3334 requiri,
1546 3285 1650 3333 quod
1678 3283 1916 3330 respondeat

1025 3351 1149 3390 pravo
1180 3340 1375 3389 spoliandi
1406 3338 1626 3377 certamini.
1681 3336 1778 3375 Tale
1815 3334 1913 3383 quid

1032 3393 1173 3442 siquis
1200 3392 1407 3441 repererit,
1424 3402 1505 3428 non
1531 3390 1739 3428 admodum
1766 3388 1912 3425 discre-

1030 3457 1130 3495 pans
1145 3459 1171 3483 a
1187 3447 1354 3484 lectione
1371 3445 1578 3489 librorum,
1595 3444 1766 3481 audiam.
1793 3441 1913 3480 Num

1030 3501 1149 3538 liceat
1160 3501 1332 3545 credere,
1343 3498 1529 3537 Tacitum
1540 3501 1718 3548 captasse
1730 3504 1923 3541 acumen,—

1135 3569 1164 3603 Ζ
