2190 3880
465 117 560 169 DE
590 114 898 168 Momssus
929 114 1318 171 GERMANIAE
1349 117 1489 169 cAP.
1509 122 1593 168 23.
1849 123 1954 178 375

130 242 352 299 detecta
383 251 445 297 et
467 243 632 296 -nuda
658 241 913 322 omnium
955 258 1108 298 mens
1145 253 1363 313 postera
1400 245 1490 304 die
1525 250 1871 308 retracta-tur,
1891 252 1955 297 'et

121 313 282 373 salva
297 313 584 383 utriusque
607 313 868 384 temporis
894 313 1034 366 ratio
1058 324 1159 369 est.

119 384 409 439 nesciunt·
448 384 810 448 constituunt,
830 384 961 442 dum
989 401 1163 439 errare
1190 402 1301 436 non
1327 397 1572 454 possunt.

1219 313 1559 380 Delibeiant‚
1583 314 1715 372 dum
1741 314 1949 386 fingere

117 471 250 509 mor
285 472 357 509 ex
398 454 602 510 hordeo
642 466 747 508 aut·
784 453 1078 521 ιιιιιιιειιιο,
1117 456 1193 514 in
1218 454 1492 525 quandam
1535 457 1948 510 similitudinem

114 608 215 658 joci.
245 610 491 650 Bhenanus·
481 623 524 649 ιιι
546 611 606 648 ed.
624 610 753 660 prima
770 611 950 649 consulto
968 614 1010 650 et

123 674 173 701 ex
202 663 363 716 ingenio
377 664 486 703 dedit
515 665 604 711 loci,
627 665 721 713 quia
751 664 793 702 in
819 665 1007 702 conviviis

115 708 313 755 sermonis
333 716 495 755 libertas
513 716 580 755 sit.
636 717 916 756 Restituerunt
934 718 1007 755 hoc

116 769 214 820 Bip.
269 771 335 808 Ad
351 782 449 816 rem,
466 770 628 818 perinde
655 775 735 816 est,
744 771 811 807 sed
828 772 1006 808 codicum

112 825 162 864 nt
178 823 408 863 editionum
437 827 617 862 veterum
642 825 835 862 rationem
858 825 1005 863 haben-

111 876 211 918 nam
229 882 342 928 puto.

173 930 235 968 Et
248 932 361 974 salva
386 931 586 982 utriusque
613 932 794 982 temporis
811 932 913 968 ratio
927 930 1000 982 est]

117 983 204 1032 Ego
230 982 373 1030 scribo,
401 992 439 1023 et
465 997 538 1022 sua
572 986 773 1035 utriusque
808 987 1003 1036 temporis.

114 1038 384 1088 interpretor·
432 1039 620 1075 Germani
664 1039 706 1075 in
740 1039 929 1076 conviviis
962 1042 1003 1076 et

114 1091 474 1141 compotationibus
490 1091 714 1130 deliberant
740 1093 898 1142 quidem
919 1093 1003 1141 agi-

114 1147 283 1196 tautque
310 1157 372 1185 res
396 1157 557 1195 graves·
601 1147 669 1183 sed
697 1146 852 1183 easdem
880 1145 1002 1184 sobrii

113 1200 334 1248 ‘recoquunt
350 1202 391 1236 et
407 1202 637 1238 retractant.
668 1200 828 1248 utrique
853 1199 911 1235 rei
930 1211 1002 1236 sua

107 1252 290 1301 quedam
308 1253 411 1291 ratio
427 1256 501 1292 est.
555 1253 767 1292 Rationem
779 1256 913 1290 autem
930 1254 1001 1290 ad-

111 1305 186 1352 dit,
219 1307 444 1352 deliberant,
479 1308 572 1345 dum
605 1308 763 1356 fingere
798 1308 996 1343 nesciunt.-

112 1361 368 1407 constituunt,
387 1361 480 1398 dum
498 1372 626 1398 errare
642 1373 717 1397 non
728 1366 906 1409 poss-emt.
936 1361 998 1397 Ex

110 1424 191 1462 quo
215 1413 419 1460 discimus,
437 1415 652 1452 Germanos
676 1414 719 1450 in
738 1413 907 1451 convivii
926 1413 998 1452 illa

104 1466 274 1514 lieentia
301 1467 549 1517 proposuisse
578 1468 736 1516 quidem
767 1467 888 1505 seria·
930 1469 996 1504 sed

109 1521 246 1561 eadem
278 1521 514 1568 conclusisse
551 1525 591 1557 et
626 1522 776 1567 finisse,
805 1533 884 1558 non
918 1521 996 1559 nisi

104 1576 327 1622 matutinos
359 1579 402 1622 et
428 1575 564 1613 serios.
620 1576 827 1612 Persarum
856 1574 995 1612 similis

107 1639 208 1677 mos,
234 1629 318 1678 qui,
347 1632 396 1666 ut
421 1628 566 1666 Strabo
592 1629 651 1666 ait
684 1633 748 1666 15.
774 1640 816 1677 p.
841 1627 933 1668 734.
964 1628 996 1666 ἓν

97 1680 202 1732 poreq
213 1683 268 1722 τὰ
291 1679 463 1732 μίγιατα
494 1681 742 1728 βουλεύονται,
770 1681 837 1720 καὶ
868 1696 995 1719 ταντα

102 1734 326 1788 βεβαιότερα
340 1735 412 1783 τῇν
426 1735 462 1773 ἓν
480 1735 586 1783 νήφει
606 1734 788 1774 τίθενται.
814 1735 994 1784 idemque

105 1789 155 1828 de
173 1789 224 1829 iis
249 1789 484 1828 Ammianus
506 1795 570 1836 18,
588 1794 628 1828 5.
669 1789 745 1827 Sed
770 1793 810 1826 et
830 1790 995 1826 Creten-

105 1843 210 1882 sium
226 1854 274 1882 ex
292 1843 484 1892 Athenaeo
500 1849 542 1890 4,
564 1847 626 1881 10.
668 1843 893 1880 Graecorum
911 1854 994 1880 om-

99 1897 227 1943 {sium
234 1900 414 1943 veterum
429 1909 479 1934 ex
499 1888 674 1945 Homero
690 1898 740 1934 11.
769 1903 811 1944 9,
831 1902 909 1937 225
931 1910 988 1946 sq.

103 1955 146 1990 et
162 1951 374 1998 Plutarcho
402 1950 542 1992 diffuse
570 1950 991 1999 Smposiacorumlib.

102 2010 145 2046 7.
160 2005 214 2049 Ω.
230 2011 272 2047 8.
307 2006 474 2054 Propius
492 2004 542 2042 ad
560 2005 745 2043 Tacitum
764 2004 991 2043 Herodotus

106 2064 145 2105 1,
166 2064 260 2098 133.
309 2060 408 2105 Quae
426 2059 560 2096 Persae
588 2060 629 2096 ιἰι
648 2059 833 2096 conviviis
850 2058 987 2097 delibe-

100 2114 295 2160 raverirtt„
303 2112 493 2162 postridie
512 2113 681 2162 proponi
697 2112 835 2150 sobriis
850 2126 862 2148 .-
890 2118 928 2150 et
953 2112 991 2148 si

99 2167 441 2218 complacuerint,
457 2172 549 2203 rata
564 2178 655 2203 esse.
693 2167 806 2204 Ln’s.
848 2166 989 2206 Ratio-

98 2232 187 2261 nem
215 2226 388 2260 constare
421 2223 464 2256 et
504 2222 694 2257 rationem
725 2220 877 2257 salvam
910 2231 990 2256 esse

101 2284 222 2313 seusu
256 2273 392 2312 eodem
423 2273 633 2311 dicuntur:
682 2275 723 2310 et
751 2273 910 2322 proprie
943 2273 986 2310 in

19 2315 35 2335 x
97 2327 275 2378 pecunie
303 2326 526 2370 rationibus
555 2326 798 2365 domicilium
823 2326 986 2365 habent.

99 2382 262 2423 eonem
277 2381 382 2422 enim
401 2385 443 2418 ot
458 2381 570 2418 salva
586 2386 644 2418 est
661 2381 778 2427 ratio,
797 2392 893 2434 quse¹
903 2390 984 2417 non

95 2434 336 2474 conturbata
367 2438 407 2472 et
452 2433 658 2483 implicita,
687 2434 755 2471 sed
786 2433 983 2482 explicata

96 2489 160 2528 vel
192 2489 392 2538 expedita,
421 2492 506 2534 est;
551 2486 622 2526 ubi
655 2491 817 2536 accepta
847 2491 889 2525 et
918 2499 985 2524 ex·

70 2576 74 2581 .
96 2552 222 2590 pensa
253 2542 514 2591 quadrantur,
541 2540 611 2578 ubi
640 2541 754 2590 paria
780 2541 886 2578 fiunt
913 2544 986 2578 aut

95 2596 382 2645 oedipo-sunt,
393 2591 471 2636 subi
488 2594 599 2632 nulla
615 2594 785 2644 reliqua,
801 2604 875 2631 nec
892 2594 982 2643 plus

91 2650 249 2699 erogati
275 2654 352 2698 est,
370 2659 489 2699 quam
507 2649 672 2697 accepti.
726 2648 793 2687 Sic
811 2654 984 2686 constare

94 2704 313 2745 aeneum
336 2715 416 2743 ecee
441 2701 602 2748 dicitur,
622 2702 810 2755 quicquid
829 2701 984 2740 utiliter

92 2765 313 2807 expensum
331 2756 392 2795 vel
410 2755 630 2805 impensum
650 2760 725 2802 est,
742 2759 790 2793 ut
805 2755 891 2803 eJus
911 2767 980 2793 no-

94 2810 202 2849 mine
217 2810 326 2850 actio
352 2809 415 2848 vel
430 2809 581 2849 crimen
609 2820 690 2860 non
704 2810 835 2856 detur,
852 2820 981 2858 neque

91 2864 248 2902 oriatur
280 2864 406 2910 dolor,
440 2867 514 2907 aut
554 2863 821 2912 poenitentia3
867 2863 981 2910 cujus

93 2917 195 2956 nihil
221 2916 326 2956 male
356 2916 590 2955 collocatum
621 2916 684 2954 vel
717 2916 978 2965 insumptum.

91 2971 156 3011 ltu
168 2970 322 3011 Plinius
341 2971 384 3010 in
395 2972 545 3019 Paneg.
563 2981 648 3017 cap.
669 2975 738 3011 92.
755 2971 868 3009 salva
884 2970 978 3008 dili-

89 3025 240 3074 meio
253 3025 514 3070 enarratione,
530 3023 569 3062 id
597 3027 672 3071 est,
689 3028 735 3060 ut
765 3022 842 3060 tibi
877 3024 979 3060 ratio

91 3078 308 3127 diligentiae
345 3083 431 3116 ,ιιιω
473 3081 642 3122 constet,
676 3079 724 3114 ut
763 3075 865 3114 nihil
902 3076 980 3114 tibi

90 3132 261 3175 videaris
291 3136 431 3170 eontra
472 3135 698 3169 consuetam
732 3129 978 3178 diligentiam

91 3189 205 3224 tuam
264 3185 419 3224 fecisse.
474 3184 732 3223 Defendimus
792 3184 978 3223 adversus

91 3234 288 3288 uptiis-m
299 3239 555 3277 Buehnerum
573 3238 698 3277 eidem
717 3236 845 3277 Plinio
864 3238 979 3284 epist.

91 3298 134 3338 e,
155 3293 340 3333 involvo
355 3299 392 3332 et
409 3292 615 3341 composito
631 3291 707 3338 die,
726 3290 776 3328 ad
793 3290 980 3328 Senecam

90 3346 141 3383 de
155 3346 217 3384 ira
230 3351 283 3391 8,,
294 3349 363 3386 86.
391 3347 497 3394 Ergo
514 3348 557 3383 et
578 3345 684 3393 apud
700 3344 901 3390 Tacitum,
918 3344 981 3383 Et

91 3400 204 3437 salva
221 3401 422 3450 utriusque
453 3400 636 3449 temporis
659 3398 762 3436 ratio
791 3404 861 3444 est,
879 3398 982 3435 acci-

91 3452 308 3515 piendum,
314 3455 363 3490 ut
393 3454 465 3491 sit.
513 3456 555 3489 et
581 3455 796 3500 utrumque
823 3455 981 3501 tempus

90 3517 193 3554 non
203 3506 367 3548 omniuo
392 3507 516 3547 otiose
538 3510 666 3562 atque
699 3505 913 3556 inutiliter,
941 3511 984 3547 et

1063 611 1134 657 sic,
1147 578 1197 648 ut·
1206 610 1356 653 nullam
1373 608 1457 657 ejus
1475 621 1634 659 operam
1648 611 1781 657 edant,
1799 617 1947 661 agunt:

1063 672 1104 701 et
1127 669 1338 713 utrumque
1368 668 1524 713 tempus
1539 676 1619 705 non
1635 666 1737 703 male
1757 666 1950 704 collocant

1061 722 1133 755 aut
1152 718 1228 755 sibi
1244 716 1432 756 collocare
1452 717 1650 756 videntur.
1706 718 1842 759 Quum
1868 721 1949 756 Ro-

1060 772 1166 808 mani
1195 778 1237 808 et
1253 772 1381 808 Graeci
1408 771 1660 808 convivantes
1688 771 1735 812 εἰς
1759 770 1878 823 adem
1894 771 1948 810 τὰ

1059 822 1240 863 σπουδαῖαι
1285 826 1503 874 proferant,
1532 829 1573 862 et
1604 825 1660 861 sic
1690 825 1748 862 eis
1781 826 1946 863 alterius

1057 880 1247 928 temporis
1266 880 1368 915 ratio
1386 890 1465 916 non
1481 881 1650 932 constet,
1662 890 1734 915 nec
1751 879 1859 917 salva
1877 880 1947 925 sit,
2002 900 2005 903 ·

1058 933 1204 981 quippe
1222 933 1325 982 quod
1343 937 1384 969 et
1401 943 1472 981 per
1490 944 1642 968 merum
1659 932 1791 970 lusum
1811 936 1851 969 et
1868 933 1948 970 las-

1058 986 1198 1022 civiam
1217 986 1425 1032 trahatur3
1454 984 1549 1023 boni
1578 986 1768 1023 Germani
1793 989 1946 1035 tempe·

1057 1043 1164 1085 rant,
1181 1041 1328 1087 inquit,
1345 1051 1436 1076 suas
1454 1038 1574 1076 senas
1593 1039 1682 1076 utili
1693 1040 1860 1088 'egotio
1877 1042 1946 1077 de·-

1055 1092 1265 1140 liberandi,
1284 1097 1404 1142 atque
1431 1092 1529 1130 adeo
1554 1104 1635 1130 non
1652 1095 1943 1144 tautummodo,

1056 1158 1145 1183 cum
1173 1144 1391 1184 retractant
1418 1141 1598 1183 consulta
1626 1145 1763 1192 sobrii,
1789 1148 1855 1184 sed
1883 1153 1943 1198 et·

1056 1200 1151 1246 iam,
1185 1200 1279 1237 dum
1311 1199 1540 1237 consultant
1572 1200 1682 1236 uvidi
1717 1211 1763 1235 ac
1798 1201 1939 1247 saucii,

1048 1254 1242 1304 temporis
1260 1254 1407 1291 salvam
1436 1253 1631 1290 rationem
1650 1253 1811 1291 habent.
1865 1256 1942 1291 Al·—

1051 1308 1150 1344 lusit
1171 1308 1220 1343 ad
1248 1308 1395 1344 dictum
1427 1307 1606 1352 Catonis,
1625 1308 1728 1355 quod
1754 1308 1939 1345 Justinus

1050 1362 1093 1398 in
1118 1360 1349 1410 praefatione
1377 1372 1423 1397 ac
1450 1371 1521 1409 pro
1550 1361 1708 1396 Plancio
1730 1366 1797 1399 27.
1816 1362 1939 1398 refert

1052 1415 1206 1460 Cicero,
1224 1415 1418 1452 clarorum
1443 1415 1615 1451 virorum
1632 1420 1746 1463 atque
1773 1426 1940 1464 magno-

1051 1480 1139 1506 rum
1156 1481 1232 1505 non
1257 1469 1387 1505 minus
1411 1468 1484 1504 otii
1502 1476 1619 1519 quam
1641 1468 1792 1515 negotii
1816 1469 1938 1506 ratio

1049 1534 1136 1559 nem
1171 1528 1344 1560 constare
1385 1527 1566 1570 oportere.
1621 1521 1759 1565 GnoN.
1815 1522 1937 1568 Mihi,

1050 1576 1119 1624 qui
1137 1579 1177 1611 et
1196 1576 1279 1624 ipse
1297 1575 1409 1612 salva
1436 1573 1574 1636 probo,
1592 1570 1810 1623 simplicius
1829 1576 1939 1613 vide·

1049 1633 1131 1675 tur,
1151 1630 1206 1666 sic
1224 1628 1421 1676 accipere.
1452 1639 1539 1676 quae
1551 1628 1593 1664 in
1610 1628 1798 1666 conviviis
1815 1629 1936 1678 dicta,

1049 1694 1130 1720 non
1157 1695 1228 1731 pro
1256 1683 1352 1719 ratis
1381 1682 1515 1719 statim
1543 1681 1765 1720 habentur:
1805 1694 1936 1733 neque

1049 1738 1155 1773 enim
1174 1736 1277 1773 seria
1303 1737 1460 1784 proprie
1488 1736 1731 1779 conveniunt
1746 1738 1936 1786 tempori-

1047 1789 1122 1828 bus
1142 1790 1390 1828 convivandi.
1425 1790 1490 1828 lta
1506 1789 1614 1826 salva
1631 1793 1691 1826 est
1707 1790 1809 1827 ratio
1826 1790 1934 1828 illius

1046 1844 1259 1892 temporis3
1299 1854 1417 1892 quam
1446 1843 1669 1891 perturbes,
1689 1844 1738 1891 si,
1757 1855 1844 1892 quae
1872 1845 1936 1882 in·

1045 1902 1108 1936 ter
1136 1898 1229 1935 vina
1255 1897 1360 1934 dicta
1388 1901 1497 1942 sunt,
1515 1909 1586 1945 pro
1614 1898 1732 1934 certis
1751 1901 1791 1934 et
1809 1898 1932 1935 firmis

1045 1951 1204 1997 habeas,
1224 1954 1264 1988 et
1281 1963 1367 2000 quae
1383 1961 1567 1988 revocare
1584 1962 1663 1987 non
1681 1951 1811 1988 liceat.
1851 1952 1933 1989 Ite-

1045 2018 1135 2043 rum
1153 2017 1244 2054 ergo
1261 2006 1304 2042 in
1322 2004 1645 2042 deliberationem
1661 2016 1685 2041 a
1702 2004 1843 2042 sobriis
1863 2018 1934 2043 vo·

1043 2063 1198 2104 cantur,
1215 2063 1270 2104 et,
1287 2062 1335 2096 ut
1362 2062 1451 2096 tum
1479 2058 1740 2096 constitutum
1777 2062 1852 2105 est,
1872 2060 1931 2099 ita

1042 2117 1175 2151 ratum
1210 2109 1394 2150 habetur.
1423 2112 1586 2160 merito.
1610 2123 1701 2148 nam
1731 2111 1854 2150 sobrii
1887 2114 1931 2157 in

1042 2170 1238 2216 potestate
1257 2170 1430 2203 mentem
1447 2170 1488 2202 et
1516 2164 1742 2203 libertatem
1767 2166 1932 2206 habent.

1043 2222 1107 2259 Ita
1134 2224 1175 2257 et
1203 2221 1295 2257 huic
1322 2219 1491 2268 tempori
1508 2230 1581 2256 sua
1607 2219 1714 2256 salva
1731 2223 1791 2256 est
1809 2221 1930 2266 ratio,

1031 2286 1114 2320 ,nec
1146 2274 1251 2322 quod
1278 2274 1315 2310 ei
1343 2273 1542 2318 convenit,
1570 2272 1686 2310 alteri
1718 2270 1930 2312 tribuitur.

1039 2328 1175 2377 Atque
1193 2327 1295 2365 hanc
1320 2326 1689 2375 interpretationem
1720 2328 1930 2376 sequentia

1036 2382 1222 2419 videntur
1238 2381 1483 2418 confirmare.
1528 2379 1685 2417 salvam
1705 2384 1928 2429 temporum

1037 2437 1231 2481 rationem
1264 2434 1469 2482 relinquit,
1483 2434 1555 2482 *qui
1584 2444 1631 2469 ea
1661 2444 1742 2470 non
1769 2438 1927 2482 pertur-

1038 2489 1124 2534 bat,
1154 2488 1257 2526 nihil
1289 2487 1419 2527 alieno
1450 2490 1629 2535 tempore
1664 2487 1760 2534 agit.
1806 2489 1926 2536 ERN.

1039 2542 1162 2580 Ratio
1180 2542 1291 2579 salva
1310 2545 1372 2577 est
1388 2541 1556 2588 integra.
1611 2541 1771 2578 Nemini
1792 2540 1925 2579 fraudi

1036 2599 1112 2640 est,
1132 2595 1176 2631 in
1208 2595 1387 2638 convivio
1404 2595 1477 2631 hoc
1504 2593 1619 2641 velle,
1639 2594 1742 2631 idem
1762 2600 1927 2644 postero

1037 2650 1099 2688 die
1118 2647 1237 2687 noue.
1257 2648 1312 2685 sic
1327 2647 1556 2695 Longolius.

1092 2703 1144 2740 In
1160 2715 1225 2752 qu.
1241 2702 1331 2739 sim.
1349 2703 1435 2739 vini
1451 2699 1672 2750 corruptus]
1709 2701 1923 2750 Corruptus

1033 2757 1226 2795 hactenus
1240 2755 1317 2793 dici
1337 2759 1466 2804 potest
1484 2753 1551 2791 ille
1568 2755 1726 2800 humor,
1743 2766 1824 2807 qua
1839 2766 1925 2792 om-

1032 2811 1104 2847 nia
1133 2809 1332 2848 naturalia
1361 2820 1433 2857 per
1449 2812 1575 2845 artem
1604 2808 1646 2844 in
1677 2810 1852 2855 suavius,
1872 2808 1923 2846 ad

1035 2874 1195 2901 sensum
1253 2862 1473 2908 homiuum,
1516 2866 1687 2909 mutata,
1734 2862 1923 2903 dicuntur

1032 2917 1256 2964 corrumpit
1305 2920 1352 2953 ut
1386 2927 1452 2965 ap.
1494 2916 1636 2965 virgil.
1670 2917 1720 2954 G.
1754 2921 1794 2962 2,
1823 2917 1922 2956 466.

1033 2971 1294 3019 corrumpitur
1337 2982 1431 3009 usus
1467 2970 1576 3016 olivi,
1614 2970 1831 3018 unguentis
1865 2981 1921 3009 sc.

1033 3024 1196 3062 adfusis.
1249 3023 1314 3062 Sic
1349 3035 1435 3073 quae
1469 3022 1625 3061 Gallim.
1662 3021 1718 3060 H.
1749 3024 1792 3062 in
1819 3024 1921 3061 Lar.

1034 3078 1131 3115 Pau.
1163 3079 1224 3114 16.
1251 3075 1365 3115 ima
1390 3076 1515 3125 μικταὶ
1544 3077 1654 3124 dicit,
1677 3077 1921 3175 opponitgue

1031 3133 1164 3174 λιτοῖς,
1183 3141 1234 3166 ea
1248 3130 1436 3167 dicuntur
1461 3140 1487 3168 a
1513 3130 1657 3168 Groecis
1686 3128 1835 3183 φθείρειν
1866 3145 1903 3167 ιιι

1024 3182 1340 3236 ιιιμφθιίριιθιιι.
1385 3184 1435 3220 de
1479 3193 1558 3233 quo
1600 3195 1639 3221 v.
1681 3185 1843 3222 Kuster.
1871 3184 1921 3226 ad

1033 3238 1239 3285 Aristoph.
1274 3235 1379 3274 Plut.
1397 3241 1490 3275 530.
1513 3241 1554 3274 et
1570 3237 1920 3284 Hemsterhusium

1035 3290 1095 3330 τὸν
1115 3290 1277 3329 farnad
1294 3290 1459 3329 Lucian.
1488 3292 1686 3336 Prometh.
1719 3303 1758 3339 p.
1779 3295 1847 3327 31.
1879 3294 1919 3326 et

1035 3356 1133 3394 quos
1161 3344 1219 3387 ibi
1248 3343 1399 3389 laudat.
1454 3343 1529 3381 Sed
1557 3349 1688 3393 potest
1717 3346 1836 3384 etiam
1858 3355 1921 3382 re-

1026 3398 1219 3446 spexisse
1228 3409 1290 3444 eo,
1305 3398 1408 3447 quod
1423 3398 1627 3443 Romanis,
1647 3399 1739 3435 vino
1758 3407 1851 3434 vero
1877 3401 1922 3439 et

1034 3463 1147 3501 aquae
1173 3452 1362 3496 adsuetis,
1382 3451 1518 3488 tinum
1546 3451 1645 3488 illud
1673 3451 1817 3487 foedam
1845 3461 1920 3499 pu-

1035 3505 1231 3545 tredinem
1264 3505 1370 3544 olere
1412 3503 1635 3554 videbatur,
1667 3509 1715 3552 ιιι
1749 3508 1860 3560 patet
1897 3513 1918 3544 e

1101 3558 1264 3617 Bb4

1648 386 1813 438 Potui
1844 386 1944 439 hu·
1959 393 2028 440 03
