2190 3880
208 370 212 376 .
280 339 427 397 tamq
437 345 578 391 uam,

270 119 378 184 seo

789 134 845 181 C.
878 129 1270 182 CORNELIUS
1301 131 1582 182 TACITUS

275 256 702 310 adfectationem
754 257 1099 310 Germanicae
1149 258 1376 328 originis
1427 259 1569 311 ultro
1615 256 1894 310 ambitiosi
1944 266 2088 321 sunt,

661 345 720 380 er
765 327 907 388 hanc
949 327 1180 398 gloriam
1221 329 1522 398 sanguinis,
1559 345 1592 380 a
1637 327 1991 380 similitudine
2032 339 2091 381 et

280 398 478 451 inertia
518 398 608 452 Ga
646 415 802 452 orum
843 409 1177 469 separentur.

1252 397 1436 468 Ipsam
1489 397 1671 450 Rheni
1722 400 1896 469 ripam
1943 397 2092 450 haud

279 469 448 521 dubie
501 469 900 522 Germanorum
962 467 1151 538 populi
1205 469 1412 532 colunt,
1464 468 1800 532 Vanniones,
1846 467 2092 531 Triboci,

284 539 561 593 Nemetes,
638 539 724 592 Ne
766 539 898 591 Ubii
940 538 1161 606 quidem
1200 554 1531 607 quamquam
1577 509 1829 590 fiomana
1877 538 2095 591 colonia

280 628 398 662 esse
436 610 751 672 meruerint,
799 627 864 660 ac
908 607 1168 659 libentius
1212 606 1629 678 Agrippinenses,
1665 607 1963 660 conditoris
2007 608 2089 660 sui

279 681 525 744 nomine,
566 689 847 742 vocentur,
881 678 1095 748 origine
1133 679 1480 743 erubescunt,
1508 678 1827 749 transgressi
1870 678 2001 730 olim
2039 689 2097 731 et

281 753 661 822 experimento
700 748 825 801 fidei
853 766 1015 819 super
1055 748 1456 819 ipsam‘Rlieni
1504 751 1678 819 ripam
1719 747 2011 813 conlocati,
2037 760 2100 800 ut

190 824 267 881 29
283 831 546 884 arcerent,
573 823 686 872 n0n
726 830 788 871 ut
819 819 1242 872 custodirentur.

1318 819 1584 873 Omnium
1620 820 1810 872 harum
1851 819 2098 890 gentium

281 894 486 944 virtute
512 890 781 962 praecipui
810 891 1027 955 Batavi,
1054 907 1163 942 non
1193 890 1424 942 multum
1465 908 1535 942 ex
1571 892 1710 961 ripa,
1739 891 1831 941 sed
1869 890 2146 942 insulam‘

279 962 462 1015 Rheni
505 962 700 1024 amniS,
727 960 933 1025 colunt,
960 956 1250 1013 Cattorum
1277 955 1555 1030 quondam‘
1593 961 1826 1032 populus
1863 971 1919 1012 et
1960 960 2100 1012 sedi-

279 1033 430 1085 tione
465 1031 767 1085 domestica
807 1032 861 1083 in
906 1049 996 1083 eas
1033 1032 1184 1084 sedes
1227 1043 1610 1102 transgressuS‚
1648 1031 1702 1082 in
1741 1031 1939 1101 quibus
1977 1049 2100 1101 pars

279 1104 520 1160 Romani
551 1101 775 1174 Imperii
805 1102 1016 1154 fierent.

1091 1101 1290 1154 Manet
1317 1102 1492 1154 honos
1519 1112 1576 1153 et
1602 1102 1842 1172 antiquae
1870 1102 2101 1154 societa-

277 1175 350 1231 tis
377 1174 612 1246 insigne.
649 1191 778 1227 nam
804 1191 905 1227 nec
933 1173 1152 1226 tributis
1180 1183 1625 1238 contemnuntur,
1654 1189 1754 1225 nec
1779 1171 2101 1244 publicanus

277 1342 421 1375 manus
451 1331 646 1370 recentior
674 1331 769 1368 fecit
797 1331 954 1368 Heruli.

276 1396 356 1422 nus
387 1387 431 1423 in
456 1387 516 1423 ed.
539 1391 656 1425 1519.
684 1386 734 1421 ad
762 1385 980 1433 marginem
1009 1385 1164 1433 posuit:

277 1441 311 1464 “
330 1439 406 1488 leg.
425 1440 579 1486 Nervii,
595 1451 692 1487 quos
701 1439 969 1475 Tornacenses
981 1441 1168 1486 putamus

278 1492 405 1530 ,esse-:³
461 1493 568 1530 Dein
613 1493 672 1529 ed.
709 1493 824 1530 Rom.
868 1492 1166 1540 affectationem.

278 1546 540 1584 Treverorum
571 1547 741 1594 patriam
759 1556 892 1583 veram
919 1546 1039 1583 fuisse
1055 1551 1167 1583 trans

240 1636 241 1639 ,
276 1600 465 1639 Rhenum
492 1601 542 1636 ad
569 1603 777 1649 utramque
796 1601 1010 1648 Loganam,
1027 1599 1170 1636 docent

279 1654 452 1692 Crollius
481 1657 520 1691 et
538 1655 633 1692 Chr.
658 1655 745 1691 Jac.
761 1654 988 1691 Kremerus.
1011 1653 1059 1690 V.
1077 1654 1169 1701 Bip.

281 1711 416 1745 notam
437 1708 486 1744 ad
505 1708 558 1745 H.
581 1714 622 1752 4,
642 1710 706 1748 37.

341 1761 515 1812 Triboci]
569 1761 678 1799 Male
716 1761 835 1810 vulgo
872 1761 1043 1799 Treboci.
1095 1759 1170 1800 Ed.

281 1814 398 1854 Rom.
413 1820 454 1852 et
470 1816 567 1853 Nor.
590 1815 755 1853 Triboci.
810 1816 870 1851 De
896 1815 1059 1853 nomine
1085 1815 1172 1864 ipso

283 1880 322 1906 v.
349 1869 619 1917 Schoepffinus
635 1869 721 1906 Als.
739 1869 797 1906 ill.
813 1871 845 1905 t.
869 1874 902 1906 1.
923 1881 961 1917 p.
985 1875 1020 1906 1.
1045 1874 1135 1906 134.

344 1923 439 1959 Ubii
459 1923 614 1973 quidem
639 1921 883 1973 erubescunt]
922 1924 1047 1960 Immo
1064 1933 1171 1968 vero,

280 1988 359 2013 non
381 1975 619 2014 erubescunt.
676 1977 885 2022 Quamvis,
904 1976 1052 2025 inquit,
1068 1975 1167 2014 Ubii

282 2040 427 2067 nomen
459 2031 668 2075 mutarint,
694 2030 868 2067 colonico
893 2031 978 2077 jam
1002 2032 1094 2079 Jure
1119 2030 1168 2067 li-

282 2083 442 2121 bentius
468 2084 781 2133 Agrippinenses
809 2084 1007 2131 dicantur,
1025 2096 1050 2120 a
1077 2095 1170 2121 con·

282 2138 431 2175 ditore:
466 2141 601 2175 tamen
629 2148 701 2176 nec
731 2138 976 2175 Germanicae
1006 2138 1171 2187 originis

282 2202 350 2228 eos
374 2192 514 2241 pudet,
542 2191 792 2239 libenterque
821 2203 862 2228 se
893 2192 941 2229 iis
975 2191 1172 2230 inserunt.

285 2245 399 2282 Lips.
454 2246 546 2282 Meo
565 2245 716 2292 judicio
734 2246 930 2283 Gruterus
950 2245 1014 2282 hic
1031 2243 1171 2284 wimu-

286 2313 366 2335 ται.
406 2297 461 2335 τοὶ
492 2295 527 2336 δὲ
560 2297 662 2335 σκιαὶ
694 2295 870 2336 ἀΐσσουσι.
925 2299 987 2336 Sic
1023 2302 1064 2334 et
1098 2298 1173 2346 ipsi

283 2351 377 2388 olim
395 2352 698 2399 conjeceramus.
739 2351 863 2400 Origo
877 2352 960 2389 sine
975 2351 1096 2388 dubio
1111 2354 1172 2387 est

281 2405 392 2442 avita
418 2405 538 2442 statio
564 2409 607 2442 et
633 2404 828 2443 incolatus
847 2404 1084 2450 Germaniae,
1102 2416 1175 2442 an·

283 2461 445 2508 tequam
479 2459 635 2497 colonia
676 2458 830 2496 fierent.
884 2459 987 2497 Nam
1022 2458 1171 2507 pudere

282 2523 521 2562 quemquam
544 2512 751 2563 populum,
777 2512 881 2561 quod
908 2512 1070 2550 coloniae
1093 2513 1174 2550 Ro·

283 2577 409 2605 manae
426 2567 614 2605 honorem
631 2567 796 2616 adeptus
819 2570 937 2610 esset,
955 2566 1170 2616 praesertim

282 2619 409 2657 Ubios
444 2619 529 2670 (qui
557 2623 689 2658 essent
723 2623 865 2668 sponte
897 2620 1098 2665 translati,
1129 2625 1174 2656 ut

282 2681 472 2720 arcerent,
490 2686 566 2712 non
593 2679 638 2711 ut
667 2675 978 2716 mammarum·
1015 2685 1096 2712 non
1125 2678 1175 2711 ut

281 2731 415 2764 essent
447 2729 489 2765 in
523 2728 725 2765 obsidione
759 2727 852 2776 ipsi,
881 2727 950 2765 sed
981 2730 1027 2765 ut
1055 2738 1173 2776 seque

282 2782 523 2819 commodius
548 2785 760 2819 tuerentur
776 2792 822 2818 ac
849 2782 946 2819 fines
957 2783 1177 2825 Romanos,

282 2838 325 2883 et
338 2835 480 2872 virium
495 2835 725 2884 imperantis
740 2835 874 2884 populi
888 2847 995 2884 pars,
1006 2847 1086 2873 nou
1098 2846 1179 2872 ser-

283 2888 477 2926 vientium
505 2890 689 2935 accessio,
712 2889 864 2925 forent:
893 2889 961 2937 qui
984 2889 1090 2926 inter
1105 2889 1174 2925 Vi·

282 2942 383 2979 tellii
402 2947 443 2980 et
454 2943 684 2992 Vespasiani
700 2953 812 2979 arma
824 2941 1043 2979 Galliarum
1057 2943 1174 2980 simul

285 3002 327 3032 et
343 2996 583 3033 Batavorum
601 2996 817 3033 defectione
835 3000 877 3033 et
902 2996 1177 3044 conjuratione

230 3094 235 3099 ,
284 3054 487 3097 grassante
507 3054 588 3086 tam
606 3052 829 3087 constantes
844 3050 971 3087 infide
984 3053 1103 3099 atque
1117 3050 1177 3086 in-

284 3103 388 3150 tegri
408 3105 625 3141 manserint
643 3107 684 3141 et
705 3104 877 3153 specioso
892 3104 1041 3141 nomini
1059 3103 1178 3140 liber-

283 3157 380 3193 tatis
399 3157 606 3204 praesentia
626 3157 895 3205 praetulerint:
923 3158 992 3205 qui
1009 3158 1177 3212 denique

285 3210 597 3258 Agrippinenses
610 3222 727 3258 quam
737 3211 833 3248 Ubii
846 3212 974 3248 vocari
993 3209 1172 3259 mallent)

287 3274 403 3301 nemo
437 3265 719 3309 Romanorum,
752 3264 819 3300 illo
852 3266 989 3313 utique
1027 3266 1175 3308 seculo,

285 3317 448 3355 diceret.
518 3317 748 3354 Necessario
789 3318 912 3364 igitur
961 3318 1179 3366 requiritur

287 3370 456 3420 negandi
488 3370 703 3419 particula:
748 3381 867 3419 quam
909 3371 1050 3408 melius
1085 3372 1179 3419 poni

287 3437 313 3460 a
342 3426 472 3462 fronte
497 3425 616 3472 hujus
644 3424 851 3470 orationis,
878 3435 996 3470 quam
1024 3423 1094 3460 ubi
1114 3425 1179 3461 Li·

291 3479 399 3528 psius
417 3479 600 3524 inseruit,
614 3490 692 3515 non
706 3478 916 3516 obscurum
934 3489 1018 3514 esse
1037 3489 1177 3514 censeo

290 3532 554 3574 consideranti
582 3531 624 3579 τὰ
647 3533 813 3584 quidem.
867 3531 957 3571 Hoc
973 3530 1099 3572 libro:
1131 3543 1177 3569 ne

1009 1330 1166 1368 Rhena-
1209 1331 1412 1379 fratribus
1436 1330 1592 1381 quidem
1611 1341 1838 1380 mansuram
1854 1329 2109 1379 concordiam.

1221 1385 1282 1421 Ne
1299 1385 1394 1422 Ubii
1414 1385 1586 1433 quidem,
1603 1384 1749 1434 inquit,
1762 1384 1931 1432 patriam
1949 1384 2110 1432 ejurant

1222 1442 1294 1475 aut
1307 1439 1550 1476 Germanum
1568 1439 1800 1487 sanguinem
1819 1438 2028 1485 sedemque
2047 1449 2111 1475 ve-

1219 1496 1345 1529 terem
1364 1492 1608 1529 diffitentur:
1638 1492 1714 1529 etsi
1741 1492 1791 1528 ad
1819 1491 1859 1528 id
1886 1490 2105 1529 nobilitatis

1222 1546 1362 1590 evecti,
1382 1550 1429 1583 ut
1450 1546 1518 1591 jus
1545 1545 1706 1582 coloniae
1732 1545 1886 1582 meritis
1903 1549 1944 1581 et
1961 1544 2108 1581 benefi-

1222 1599 1293 1638 ciis
1311 1611 1406 1647 erga
1424 1599 1621 1647 Populum
1634 1600 1856 1651 Romnnum
1871 1599 2108 1647 impetrave-

1223 1653 1320 1698 rint,
1336 1653 1593 1701 placeantque
1612 1651 1687 1690 sibi
1705 1653 1848 1701 magis,
1863 1662 1953 1690 cum
1965 1652 2110 1701 Agrip·

1222 1706 1423 1755 pinenses,
1451 1718 1569 1756 quam
1602 1718 1692 1743 cum
1726 1706 1838 1751 Ubii,
1869 1705 2111 1744 salutantur.

1224 1761 1298 1798 Est
1313 1764 1448 1798 autem
1466 1761 1547 1797 haec
1573 1760 1743 1798 nimium
1765 1760 1940 1809 vulgaris
1957 1759 2109 1797 vanitas

1225 1818 1268 1851 et
1294 1815 1498 1852 hominum
1517 1818 1558 1850 et
1579 1814 1832 1863 populorum,
1852 1817 1900 1851 ut
1927 1813 2112 1851 successi-

1224 1868 1299 1906 bus
1318 1868 1399 1905 suis
1419 1869 1553 1906 deesse
1569 1868 1848 1905 auctoritatem
1867 1866 2111 1913 existiment,

1226 1922 1260 1958 si
1276 1921 1490 1960 humiliora
1506 1922 1634 1970 prima
1650 1921 2113 1959 incrementaconfitoeu-

1220 1979 1302 2014 tur.
1320 1977 1460 2014 GnoN.
1486 1976 1639 2025 Nempe
1650 1977 1847 2013 Gruterus
1866 1975 1941 2025 legi
1956 1974 2114 2013 volebat

1223 2029 1288 2067 Ne
1310 2027 1405 2067 Ubii
1422 2030 1590 2080 quidem,
1608 2040 1630 2066 e
1655 2029 1830 2077 vestigiis
1848 2030 1910 2067 ed.
1939 2028 2114 2077 Spirens-

1223 2082 1266 2120 in
1284 2094 1364 2132 qua
1382 2082 1523 2121 Nubit.
1579 2083 1688 2125 Quia
1709 2083 1765 2120 sic
1783 2083 1904 2121 etiam
1923 2081 2009 2121 Ms.
2028 2083 2111 2121 Tu·

1223 2137 1294 2174 ric.
1323 2136 1408 2173 cod.
1441 2137 1572 2187 Kapp.
1603 2135 1653 2186 (s.
1678 2137 1740 2175 ed.
1767 2136 1884 2187 Nor.)
1905 2136 1966 2173 ed.
1991 2137 2111 2186 Pogg.

1224 2202 1365 2240 resque
1392 2201 1529 2240 perse
1559 2191 1747 2229 evidens:
1781 2201 1879 2242 eani-
1903 2191 2112 2228 correctio-

1228 2256 1320 2282 nem
1338 2244 1479 2283 merito
1504 2245 1651 2295 recepi.
1695 2245 1804 2282 ERN.
1861 2243 2026 2283 Frustra
2043 2255 2114 2282 ne·

1227 2299 1428 2346 gationem
1446 2298 1602 2346 respuit
1613 2298 1841 2346 hongolius.
1893 2298 2019 2336 Totus
2036 2297 2112 2336 loci

1226 2363 1352 2389 nexus
1379 2363 1466 2389 eam
1495 2352 1674 2400 requirit.
1702 2352 1776 2389 Ed.
1800 2353 1913 2389 Rom.
1941 2362 2113 2400 quoque,

1227 2406 1321 2441 item
1353 2405 1440 2443 MS.
1471 2406 1594 2453 Long.
1620 2409 1662 2441 et
1679 2415 1704 2441 a
1724 2415 1803 2443 rec.
1830 2415 1952 2442 manu
1979 2405 2112 2444 Hum-

1224 2458 1334 2497 melii
1355 2458 1504 2496 habent
1522 2458 1662 2496 Nubii.

1283 2513 1503 2550 Conditor&
1517 2513 1581 2549 sni
1597 2508 1766 2564 nomine]
1815 2511 2036 2561 Agrippam
2052 2512 2113 2550 in-

1225 2565 1395 2614 tellegit,
1410 2566 1477 2614 qui
1494 2566 1676 2613 Rhenum
1690 2575 1755 2602 eos
1767 2564 1918 2614 primus
1935 2564 2115 2604 traduxit

1228 2623 1270 2656 et
1292 2619 1336 2656 in
1355 2620 1403 2656 iis
1431 2619 1589 2657 sedibus
1607 2619 1825 2656 collocavit.
1881 2618 1952 2658 me
1978 2623 2113 2658 tamen

1227 2685 1308 2711 non
1325 2677 1385 2710 est
1412 2673 1585 2711 Coloniae
1611 2673 1804 2717 conditor,
1823 2683 1950 2721 neque
1976 2676 2115 2712 auctor

1228 2727 1421 2766 nominis:
1451 2729 1519 2765 sed
1544 2726 1596 2764 ab
1624 2726 1851 2775 Agrippina
1882 2727 1921 2764 id
1950 2725 2115 2773 habent,

1232 2781 1317 2826 ejus
1349 2781 1445 2826 filia,
1478 2785 1524 2818 ut
1551 2780 1715 2819 Tacitus
1737 2781 1842 2818 clare
1873 2781 1924 2819 A.
1955 2785 2020 2826 12,
2049 2786 2116 2821 27.

1234 2834 1404 2883 scripsit.
1460 2836 1599 2883 Itaque
1618 2833 1812 2879 dubitavi,
1831 2845 1926 2870 num
1945 2835 2115 2891 condito·

1227 2889 1285 2926 ris
1300 2900 1382 2925 suoe
1398 2888 1590 2936 legerem:
1620 2897 1748 2936 neque
1763 2898 1926 2933 novum,
1942 2889 2029 2936 ejus
2047 2888 2115 2925 fle·

1229 2953 1303 2980 xus
1340 2942 1460 2979 verba
1495 2943 1537 2980 in
1570 2942 1801 2979 foemineum
1837 2941 1959 2978 etiam
1991 2953 2115 2990 genus

1230 2997 1429 3045 usurpari,
1455 2996 1646 3044 Virgilius
1675 2995 1724 3031 de
1749 2995 1908 3032 Junone
1930 2999 1993 3039 12,
2006 3000 2115 3054 5¹⁵9·

1230 3050 1385 3087 Auctor
1399 3062 1473 3099 ego
1491 3049 1674 3087 audendi.
1718 3048 1882 3086 Ovidius
1899 3048 1947 3085 de
1962 3047 2116 3086 Venere

1234 3101 1396 3141 Heroid.
1422 3106 1486 3148 16,
1509 3109 1598 3140 114.
1642 3103 1810 3151 Sponsor
1833 3101 2013 3150 conjugia·
2035 3109 2116 3140 stae

1230 3157 1322 3193 Dea
1332 3159 1444 3207 picta
1461 3158 1538 3195 sui.
1593 3158 1647 3194 Et
1666 3156 1784 3203 plura
1801 3158 1894 3193 sunt
1911 3155 2117 3202 ejusmodi.

1232 3211 1343 3248 Lu’s.
1399 3212 1494 3248 Mox
1557 3210 1642 3247 MS.
1681 3208 1818 3246 Turio.
1867 3210 2116 3248 custodirent.

1230 3264 1339 3302 Ean.
1387 3266 1447 3302 De
1466 3262 1629 3302 Colonia
1646 3262 1868 3311 Agrippina
1887 3274 1924 3297 v.
1942 3267 1983 3299 et
2001 3258 2058 3301 H.
2077 3268 2117 3307 4,

1236 3322 1300 3354 28.

1286 3373 1383 3408 Ant.
1400 3381 1476 3406 soc.
1497 3367 1668 3418 insigne]
1711 3368 1830 3414 Apud
1851 3369 1968 3405 Grut.
1989 3380 2028 3417 p.
2047 3373 2115 3415 73,

1234 3429 1273 3463 9.
1308 3419 1411 3462 civ.
1430 3433 1601 3461 ΒΛτΛνι.
1638 3432 1838 3460 ramnes.
1871 3433 1936 3460 nr.
1969 3433 2114 3466 ᾼΜιει.

1231 3488 1266 3515 r.
1287 3487 1326 3513 n.

1286 3531 1370 3570 Nec
1387 3530 1545 3571 tributis
1563 3526 1877 3580 contemnuntur]
1922 3529 2010 3568 Sive
2028 3541 2117 3567 con.
