2190 3880
665 127 825 178 1213.
876 127 944 175 11.
998 128 1091 177 CA
1113 127 1169 177 P.
1201 133 1283 182 70.
1805 133 1898 179 135

86 253 340 307 censibus
394 251 623 323 campiS,
675 271 740 305 ac
799 251 1031 323 vestigia
1085 251 1319 305 recentis
1372 251 1617 306 vietoriae
1669 254 1960 307 lustrareA·
1980 259 2038 299 U.

85 325 257 378 oculis
282 324 620 393 concupivit.
695 323 931 376 Foedum
957 334 1122 392 atque
1139 335 1299 376 atrox
1327 323 1717 393 spectaculum.
1755 326 1898 378 intra
1911 315 2022 405 Am}

87 394 561 466 quadragesimum
599 412 801 465 pugnae
837 395 986 447 diem*
1013 394 1190 447 lacera
1223 411 1473 463 corpora,
1510 395 1690 446 trunci
1730 407 1898 461 artus,
1939 391 2036 461 {of

82 475 272 535 putres
312 464 550 517 virorum
591 482 966 534 equorumque
1004 463 1218 529 formae,
1261 464 1468 518 insecta
1508 465 1640 517 tabo
1681 464 1898 531 humuS,

81 534 330 615 protritis
380 535 666 588 arboribus
717 554 782 588 ac
828 535 1080 606 frugibus
1118 535 1237 587 dira
1272 535 1520 592 vasritaS.
1579 553 1681 587 nec
1717 536 1900 588 minus

26 613 30 617 ’
80 605 379 658 inhumana
431 624 552 676 pars
605 607 729 671 viae,
780 624 944 675 quam
1004 605 1399 659 Cremonenses
1451 605 1603 659 lauro
1655 605 1900 675 rosisque

81 687 509 741 constraverant,
553 678 845 729 exstructis
890 676 1150 729 altaribus
1189 678 1455 747 caesisque
1493 676 1749 742 victimiS‚
1784 677 1899 741 Re-

80 747 233 818 gium
286 747 340 799 in
381 764 626 800 morem:
668 765 811 816 quae,
851 747 979 799 laeta
1019 746 1075 798 in
1115 765 1373 818 praesenS,
1420 758 1552 799 mox
1599 748 1898 818 perniciem

80 818 214 888 ipsis
263 817 458 870 fecere.
545 817 790 869 Aderant
843 817 1042 870 Valens
1095 833 1151 869 et
1199 817 1443 884 Caecina,
1492 819 1894 881 monstrabant-

78 905 187 956 que
242 905 443 959 pugnae
494 886 677 941 locos:
737 887 853 940 hinc
909 888 1158 957 inrupisse
1215 888 1259 940 le
1295 890 1468 942 ionum
1524 907 1724 960 agmen,
1776 889 1894 942 hinc

138 958 264 1011 uites
312 967 533 1011 coortos:
585 958 703 1011 inde
747 958 1079 1030 circumfusas
1124 908 1434 1011 auoeiffiorum
1483 978 1681 1013 manus.
1765 959 1799 1014 J
1805 978 1895 1013 am

129 1030 308 1082 ribuni
342 1029 725 1098 Praefectique,
765 1047 862 1081 sua
897 1030 1129 1099 quisque
1171 1029 1319 1087 facta
1355 1031 1698 1095 extollenteS,
1740 1029 1893 1097 falsa,

77 1117 223 1168 vera,
249 1112 345 1152 aut
369 1100 580 1170 majora
609 1118 735 1153 vero
762 1101 1084 1152 miscebant.
1158 1100 1370 1170 Vulgus
1394 1119 1612 1170 quoque
1633 1102 1892 1167 militum,
1923 1120 1926 1123 ·

76 1169 316 1223 elamore
343 1183 399 1223 et
436 1171 638 1241 gaudio
667 1171 957 1223 deflectere
984 1171 1089 1234 via,
1128 1172 1305 1240 spatia
1340 1173 1699 1230 certaminum
1740 1190 1902 1230 reco-⁴

76 1259 358 1312 gnoscere,
398 1259 654 1312 aggerem
682 1258 974 1304 armorum,
1015 1255 1187 1292 strues
1215 1260 1504 1313 corporum
1531 1242 1750 1306 intueri,
1790 1244 1892 1294 mi-

74 1314 202 1366 rari.
278 1312 351 1365 Et
375 1325 548 1376 erant,
574 1330 710 1382 quos
738 1313 887 1363 varia
914 1310 1024 1363 fors
1049 1329 1245 1375 rerum,
1270 1311 1620 1382 lacrimaeque
1645 1324 1702 1364 et
1729 1313 1891 1366 mise-

75 1383 316 1437 ricordia
336 1383 562 1435 subiret.
589 1395 646 1435 at
674 1399 781 1435 non
805 1382 1056 1435 Vitellius
1086 1383 1244 1435 flexit
1262 1382 1469 1448 ocuIOS,
1497 1400 1597 1439 nec
1614 1394 1698 1436 tot
1722 1384 1892 1443 millia

1007 1542 1157 1580 Plinius
1187 1544 1332 1592 Paneg.
1363 1543 1412 1580 de
1437 1543 1609 1582 adventu
1635 1543 1798 1591 Trajani
1823 1551 1890 1584 23.

126 1543 245 1581 Intra
259 1544 455 1594 quadrag.
466 1555 511 1593 p.
525 1540 644 1594 diem]
679 1542 720 1584 Si
738 1554 818 1581 non
836 1542 953 1591 plane

1013 1597 1066 1634 Ut
1103 1598 1225 1646 plena
1262 1597 1470 1643 altaribus,
1506 1604 1682 1646 augusta
1717 1599 1889 1638 victimis
1923 1646 1933 1653 .

72 1595 243 1635 insititia
266 1599 364 1634 sunt
390 1597 472 1634 haec
497 1596 633 1643 verba,
653 1608 801 1643 vereor,
819 1608 871 1635 ne
897 1597 954 1634 le-

69 1651 243 1699 gendum
259 1650 311 1688 sit
321 1651 443 1695 ultra,
456 1662 537 1688 non
555 1651 674 1688 iutra.
697 1651 789 1700 Ipsa
800 1650 955 1688 diutur-

73 1703 180 1741 nitas
206 1703 397 1753 temporis
423 1705 518 1742 facit
541 1704 712 1753 intelligi
729 1704 951 1741 foeditatem

18 1798 21 1804 ¹
72 1757 299 1807 spectaculi.
351 1757 412 1796 Ea
427 1757 665 1806 exprimitur
686 1758 721 1795 si
742 1758 850 1795 ultra
865 1757 952 1795 XL.

71 1811 155 1858 dies
173 1811 375 1860 insepulta
390 1812 582 1858 cadavera
593 1811 780 1859 jacuere3
801 1823 898 1858 non,
917 1811 950 1848 si

57 1865 191 1903 intra.
244 1864 392 1903 Probat
429 1866 626 1903 Mulier-us
670 1864 727 1915 (et
761 1865 955 1913 expressit

70 1915 226 1956 Bahrdt
239 1917 283 1956 in
299 1916 435 1968 vers).
464 1920 628 1956 'Veteres
651 1930 768 1967 porro
783 1918 877 1956 libri
894 1919 955 1957 in·-

70 1976 324 2022 tei-pungunt
351 1976 442 2022 post
465 1974 582 2019 diem,
602 1984 683 2009 non
711 1976 804 2010 ante
831 1973 951 2010 intra.

70 2022 240 2064 Mox'ac
254 2025 376 2075 frug.
407 2025 515 2064 Flor.
548 2024 676 2076 (Agr.)
704 2028 764 2063 ed.
791 2038 853 2075 pr.
879 2026 949 2063 alii

73 2077 192 2130 (Eud.
210 2081 300 2117 Put.
318 2079 411 2119 Alc.
428 2078 572 2130 Rhen.)
593 2087 721 2128 atque.
755 2081 865 2117 ERN.

123 2133 279 2182 Ivfitcta
295 2133 386 2170 tabo
409 2133 535 2182 laum]
574 2133 671 2171 Haec
699 2137 759 2169 est
781 2144 874 2170 vera
890 2133 947 2170 le-

69 2186 160 2224 ctio.
197 2186 349 2235 lnfista
384 2186 428 2225 in
461 2187 548 2224 edd.
583 2187 705 2225 Gron.
734 2198 946 2236 operarum

67 2240 166 2277 vitio
182 2241 315 2278 venit:
346 2240 438 2278 inde
463 2251 528 2278 me
555 2238 682 2278 invito
710 2240 751 2278 in
771 2244 946 2279 nostram

69 2293 252 2345 primam.
279 2294 388 2332 ERN.
674 2334 677 2335 γ

120 2348 344 2384 Inhumana
352 2357 453 2397 pars
470 2346 563 2397 vioe]
597 2347 624 2385 i.
636 2358 670 2386 e.
684 2345 855 2385 insolens
875 2359 944 2396 ap-

67 2404 211 2450 paratu
257 2405 300 2438 et
341 2401 548 2448 tyrannica
590 2401 734 2449 specie.
780 2402 946 2440 Frustra

66 2453 196 2492 Rhea.
212 2455 421 2497 ,inamoena
448 2454 621 2502 conjicit.
661 2456 747 2503 MS.
766 2455 863 2503 Agr.
882 2456 943 2494 ed.

66 2519 128 2556 pr.
145 2509 277 2546 minus
290 2508 475 2545 humana.
510 2509 604 2546 Mox
628 2510 746 2547 lauru
770 2508 882 2548 MSS.
902 2513 943 2546 et

67 2561 154 2597 edd.
177 2564 274 2599 vett.
297 2562 514 2598 Rhenanus
545 2560 582 2611 (e
609 2561 731 2613 Bud.)
764 2564 870 2599 cum'
885 2574 945 2599 se-

66 2613 256 2662 quaaeibus
300 2614 408 2661 dedit
461 2615 586 2652 lauro.
641 2616 702 2654 ed.
753 2627 816 2663 pr.
857 2617 945 2653 lau-

65 2679 135 2704 rae
160 2679 352 2717 rosaeque.
406 2669 517 2705 ERN.
568 2669 735 2706 Frustra
766 2669 830 2706 hic
858 2681 945 2706 suc·

63 2723 200 2758 censet
230 2720 406 2758 Budensi
438 2722 478 2758 J.
511 2722 633 2759 Gron.
668 2722 780 2771 quasi
815 2733 864 2759 ex
897 2734 945 2760 eo

64 2773 261 2811 hausisset
290 2775 484 2811 inamoena
511 2774 742 2822 Rhenanus,
756 2775 870 2825 <quod
896 2788 944 2815 ex

64 2827 224 2876 ingenio
241 2828 361 2866 dedit.

118 2881 352 2919 Exstruceis
386 2879 590 2927 altaribus,
618 2882 799 2931 caemsssque
831 2883 945 2920 victi-

63 2933 156 2984 mn]
189 2933 279 2972 Arae
300 2934 384 2972 istae
400 2937 442 2971 et
455 2935 637 2980 victimae,
649 2935 943 2972 VitelliiGenio

63 2991 106 3026 et
121 2988 319 3026 victoriae.
348 2988 485 3032 Foeda,
503 2988 571 3024 sed
597 2992 712 3025 vetus
738 2989 939 3026 adulatio:

61 3051 182 3091 quam
200 3041 243 3079 in
258 3042 431 3079 adventu
450 3043 603 3090 Regum
620 3046 692 3080 aut
715 3043 942 3090 Principum

63 3098 311 3144 usurparunt
336 3095 463 3133 Graeci
492 3095 717 3145 Latinique.
755 3097 942 3134 Justinus

62 3153 132 3194 24,
147 3154 190 3188 3.
216 3149 398 3195 Arsinoe,
410 3160 631 3198 praegressa
643 3150 941 3198 virum‚sestum

61 3203 166 3240 diem
181 3202 270 3240 urbi
296 3203 449 3247 indicit,
465 3203 609 3247 domos,
626 3205 772 3253 templa
796 3210 941 3243 cetera-

61 3267 135 3306 que
161 3256 292 3293 omnia
318 3258 500 3294 eoeornari
516 3256 631 3306 jubet
645 3270 659 3293 .·
685 3269 780 3295 arae
805 3257 944 3306 ubique

63 3309 283 3360 hostiasque
309 3310 476 3358 disponi.
519 3310 582 3352 Sic
605 3309 654 3346 de
681 3310 846 3348 Metello
871 3310 943 3348 Pio

62 3361 244 3411 Valerius
263 3367 304 3408 9,
323 3367 362 3400 5.
405 3361 571 3409 Factum
589 3367 630 3400 et
647 3364 791 3402 Coesari
809 3375 830 3400 e
848 3364 941 3401 Gal-

63 3414 119 3452 lia
152 3415 299 3454 reduci.
347 3416 508 3453 Hirtius
538 3417 588 3454 B.
622 3418 670 3454 G.
705 3422 745 3463 8,
779 3423 843 3455 51.
885 3418 940 3454 Et

62 3468 206 3517 passim
225 3468 363 3505 deinde
379 3469 641 3518 Principibus.
688 3471 737 3507 In
756 3470 940 3519 Caligula

60 3521 222 3560 Sueten.
266 3533 298 3560 c.
335 3526 405 3562 13.
431 3522 480 3562 ln
513 3522 643 3562 Galba
676 3523 780 3564 idem
806 3536 841 3565 c.
874 3529 936 3563 18.

1008 1656 1146 1687 cuncta
1159 1651 1178 1688 l
1216 1651 1333 1688 Alius
1362 1651 1634 1700 Panegyristes
1667 1650 1892 1701 (Mamerti-

1006 1701 1097 1753 nus)
1130 1704 1179 1741 ad
1214 1704 1505 1742 Maximianum
1536 1716 1570 1741 c.
1597 1709 1637 1743 6.
1677 1706 1890 1757 Totamque

1006 1758 1106 1794 hanc
1121 1758 1253 1796 urbem
1278 1760 1481 1808 repentina
1506 1763 1577 1795 tua
1601 1760 1645 1796 in
1660 1759 1786 1798 hostes
1802 1772 1893 1800 eru-2

999 1812 1136 1861 ptione
1153 1813 1362 1856 solicitam,
1379 1812 1524 1850 loetitia
1541 1817 1579 1849 et
1595 1814 1838 1851 exultatione
1851 1822 1889 1852 et

1009 1865 1092 1902 aris
1107 1866 1383 1915 flagrantibus
1407 1871 1445 1902 et
1474 1866 1680 1915 sacrificiis
1701 1872 1739 1904 et
1762 1868 1890 1905 adm-i-

1009 1919 1093 1963 bus,
1137 1921 1306 1957 accensis
1352 1918 1525 1955 Memini
1573 1925 1655 1967 tuo,
1702 1921 1886 1970 implesti.

1005 1971 1117 2009 L1Ps.

1059 2026 1260 2075 Inrupisse
1302 2026 1501 2074 legionum
1546 2024 1706 2076 agmen]
1756 2027 1819 2066 Sic
1863 2040 1886 2066 e

1002 2078 1109 2117 Flor.
1131 2079 1254 2116 edidit
1270 2079 1381 2120 Pich.
1413 2079 1521 2117 Idem
1539 2084 1626 2118 erat
1642 2081 1685 2117 in
1702 2080 1808 2119 Bud.
1823 2082 1886 2120 ed.

1001 2144 1063 2182 pr.
1097 2133 1154 2170 At
1177 2131 1309 2170 Guelf.
1337 2133 1424 2170 edd.
1444 2137 1539 2171 cett.
1566 2135 1748 2183 erupisse.
1780 2137 1885 2184 quod

999 2186 1096 2225 mihi
1115 2186 1257 2224 melius
1276 2186 1458 2233 videtur3
1486 2190 1547 2224 est
1563 2188 1668 2224 enim
1688 2189 1884 2228 usitatum

1000 2240 1043 2278 in
1061 2241 1133 2278 hac
1151 2251 1194 2278 re
1212 2240 1393 2286 verbum,
1411 2244 1458 2278 ut
1476 2251 1597 2289 supra
1622 2241 1791 2280 vidimus
1810 2244 1884 2282 hoe

999 2293 1085 2342 ipso
1110 2293 1226 2332 libro.
1260 2298 1300 2331 et
1328 2294 1514 2331 convenit
1540 2294 1682 2336 melius
1710 2297 1883 2345 primum

1000 2349 1053 2396 τῷ
1081 2349 1186 2395 hinc,
1211 2352 1252 2385 et
1281 2348 1334 2398 τῷ
1364 2354 1526 2386 coortos.
1583 2349 1679 2386 IIuc
1697 2346 1884 2399 {mepisse

999 2401 1076 2438 dici
1093 2405 1238 2450 potest,
1257 2413 1337 2439 non
1352 2402 1457 2447 hinc,
1475 2401 1543 2438 sed
1559 2405 1741 2451 erupisse.
1785 2405 1882 2448 Mox

997 2454 1099 2492 bene
1130 2455 1280 2492 editum
1315 2467 1340 2492 a
1370 2455 1541 2494 Pichena
1560 2457 1690 2506 salsa,
1725 2470 1830 2505 vera,
1858 2470 1881 2496 e

997 2509 1101 2547 Flor.
1142 2509 1246 2546 Bud.
1288 2520 1360 2558 pro
1391 2509 1504 2558 salso
1548 2521 1650 2547 vera.
1706 2512 1880 2550 Consen-

995 2562 1049 2599 tit
1089 2562 1149 2599 ed.
1193 2574 1252 2611 pr.
1298 2562 1408 2600 ERN.
1445 2563 1675 2600 Ernestium
1717 2565 1758 2601 in
1793 2579 1881 2602 erec-

991 2617 1097 2664 pisse
1123 2619 1346 2665 sequuntur
1371 2616 1484 2654 Brot.
1510 2616 1610 2653 Lau.
1635 2618 1877 2666 Dotteville3

997 2669 1095 2707 mihi
1111 2680 1200 2707 cum
1218 2670 1311 2717 Bip.
1345 2669 1513 2707 alterum
1533 2670 1674 2717 placet.
1692 2671 1794 2709 idem
1813 2673 1879 2709 Pi-

997 2722 1123 2760 chena
1141 2723 1354 2769 sentiebat,
1367 2723 1606 2761 Vitellianos
1626 2724 1818 2774 inrupisse
1834 2725 1878 2776 in

998 2776 1257 2820 Othonianos,
1380 2788 1382 2790 ’

1052 2830 1218 2874 Intueri,
1236 2827 1394 2878 mirari]
1431 2828 1493 2867 Sic
1521 2828 1627 2878 Flor.
1659 2829 1794 2882 (Bud.)
1815 2833 1876 2882 ed,

998 2893 1061 2929 pr.
1083 2918 1086 2921 ,
1108 2881 1211 2931 quod
1256 2882 1398 2920 melius
1447 2882 1608 2931 vulgato
1650 2885 1875 2937 mirarique.

998 2937 1135 2983 ltaque
1156 2936 1211 2974 sic
1227 2946 1318 2978 cum
1330 2936 1374 2979 ὦ.
1398 2936 1599 2975 Gronovio
1616 2938 1734 2977 edidi.
1777 2940 1875 2980 Mox
1935 2965 1941 2971 ·

995 2988 1082 3025 dedi
1097 3002 1179 3026 sors
1193 3000 1243 3027 ex
1263 2990 1323 3026 ed.
1342 3002 1402 3038 pr.
1416 2991 1599 3038 profore.
1633 2993 1743 3032 ERN.
1780 2996 1874 3031 Sors

997 3054 1151 3093 quoque
1179 3043 1262 3093 cod.
1299 3043 1397 3091 Agr.
1432 3044 1508 3080 Sed
1522 3044 1616 3092 sors
1641 3045 1748 3085 Bud.
1769 3050 1874 3096 quod

995 3097 1210 3143 praeferunt
1234 3096 1323 3145 Rip.
1343 3108 1404 3142 e0,
1423 3098 1526 3145 quod
1552 3097 1615 3134 hic
1641 3099 1688 3136 de
1713 3101 1874 3139 fortuna

994 3151 1046 3186 sit
1064 3161 1191 3188 sermo
1207 3149 1407 3196 mutabili,
1425 3162 1547 3199 quum
1576 3152 1619 3190 in
1635 3161 1736 3193 sorte
1751 3155 1872 3193 etiam

996 3204 1097 3240 ratio
1125 3204 1252 3240 locum
1280 3204 1470 3243 inveniat.
1525 3206 1688 3255 Sequor,
1706 3209 1781 3246 etsi
1803 3221 1871 3258 pa-

997 3268 1085 3294 rum
1105 3258 1248 3294 referre
1267 3260 1417 3305 putem.

1050 3311 1142 3347 Non
1159 3312 1209 3349 V.
1214 3312 1338 3360 flexit
1351 3309 1496 3361 ocutos]
1529 3311 1564 3350 Ε
1583 3312 1749 3361 Virgilio
1765 3327 1872 3353 sum-

995 3367 1081 3400 tum
1110 3365 1204 3402 AEn.
1231 3370 1272 3411 4,
1297 3367 1391 3403 369.
1427 3377 1520 3404 num
1540 3367 1646 3413 fletu
1678 3369 1871 3416 ingemuit

992 3423 1122 3453 nostro
1138 3418 1158 3455 .?
1177 3431 1270 3455 num
1288 3419 1441 3456 lumina
1445 3419 1569 3466 flexit
1583 3417 1607 3455 ἶ
1633 3421 1770 3458 Paullo
1782 3427 1871 3468 post

992 3471 1124 3507 Guelf.
1155 3473 1297 3521 quanto
1332 3472 1416 3508 sine
1445 3483 1541 3520 que:
1570 3484 1655 3519 quae
1689 3485 1713 3510 ει
1748 3484 1867 3512 manu

992 3535 1067 3561 sec.
1085 3524 1219 3562 addita
1236 3530 1310 3563 est.
1343 3524 1482 3571 melius
1501 3525 1667 3563 videtur.
1703 3527 1810 3566 ERN.
1875 3546 1879 3563 ;

1056 3584 1157 3628 Κ4
