2190 3880
290 130 388 176 348

355 254 574 300 classibus
599 255 814 302 valentes.

358 325 494 374 tores,
521 321 754 366 succinum
779 321 953 380 legunt.

772 131 828 177 C.
862 128 1251 179 CORNELIUS
1293 130 1573 180 TACITUS

880 259 962 303 45.
989 257 1127 304 Mare
1151 261 1350 318 pigrum.
1415 258 1598 318 AEstyi,
1625 255 1797 302 Matris
1820 254 1976 300 Deum
2003 250 2100 301 cul-

1019 322 1258 368 Sitonibus
1279 322 1465 383 femina
1499 325 1709 381 imperat.

364 383 548 438 Venedi,
572 386 729 440 Fenni,
761 385 982 432 Germani
1005 401 1066 432 an
1093 387 1368 432 Sarmatae?
1421 387 1599 432 Eorum
1614 384 1811 446 feritas,
1831 389 2102 446 paupertas.

359 448 612 495 Hominum
633 456 858 504 monstra,
883 451 1103 506 Hellusii,
1133 451 1341 496 Oxiones.

246 531 269 577 1
299 509 755 593 GERMANIA
804 539 980 591 omnis
1032 557 1065 590 a
1116 538 1290 591 Gallis
1340 537 1661 608 Rhaetisque
1705 550 1761 590 et
1803 539 2100 591 Pannoniis
2156 548 2159 551 ’

292 610 489 664 Rheno
516 624 572 663 et
602 611 862 663 Danubio
891 609 1228 673 fluminibuS,
1256 629 1287 660 a
1317 610 1577 660 Sarmatis
1608 608 1883 678 Dacisque
1908 622 2101 661 mutuo

289 693 437 735 metu
488 693 585 734 aut
638 681 936 744 montibuS‚
983 691 1280 750 separatur.

1357 679 1553 731 Cetera
1603 680 1857 732 Oceanus
1910 682 2101 745 ambit,

287 751 427 805 latos
461 754 609 804 sinus
635 765 690 803 et
721 751 1052 802 insularum
1041 768 1286 803 inmensa
1309 752 1484 820 spatia
1510 750 1898 820 complectenS,
1931 769 2102 820 nuper

287 823 526 893 cognitis
553 821 878 892 quibusdam
903 820 1159 892 gentibus
1187 839 1250 873 ac
1283 820 1549 890 Regibus,
1577 839 1712 890 quos
1747 820 1944 872 bellum
1972 839 2100 892 ape-

288 896 415 945 ruit.

493 892 738 956 RhenuS,
769 891 1146 944 Rliaeticarum
1176 891 1397 961 Alpium
1433 893 1707 943 inaccesso
1734 910 1797 943 ac
1827 892 2101 962 praecipiti

288 964 492 1016 vertice
529 974 698 1027 ortu8‚
727 964 943 1015 modico
983 963 1131 1014 flexu
1172 963 1226 1014 in
1263 960 1622 1014 Occidentem
1654 979 1853 1026 versu8‚
1884 974 2104 1032 septen·

287 1046 336 1086 tl
343 1034 505 1087 ionali
549 1033 667 1086 Oce
670 1052 774 1084 uno
816 1033 1092 1084 miscetur.

1169 1031 1478 1097 DanubiuS,
1520 1032 1667 1084 molli
1714 1045 1769 1083 et
1807 1033 2100 1085 clementer

285 1106 434 1158 edito
487 1107 690 1157 montis
726 1104 980 1157 Abnobae
1017 1103 1161 1174 jugo
1202 1102 1423 1170 effusuS,
1469 1101 1645 1173 plures
1687 1103 1918 1174 populos
1965 1104 2099 1169 adit,
2168 1143 2185 1161 .

339 1263 528 1301 Ordinem
546 1262 771 1312 scriptionis
789 1263 820 1300 si
838 1262 1053 1311 sequimur,
1072 1266 1165 1300 ante

284 1315 485 1354 Historias
503 1322 544 1354 et
559 1318 737 1355 Annales
756 1317 831 1366 sibi
848 1317 977 1354 locum
994 1317 1167 1354 vindicet

283 1370 348 1407 hic
364 1370 537 1408 libellus.
594 1371 773 1420 Scriptus
791 1371 896 1408 enim
915 1374 975 1407 est
988 1369 1165 1418 Trajano

283 1425 499 1462 secundum
517 1425 704 1468 Consule,
724 1425 764 1461 id
793 1428 854 1462 est
876 1425 1010 1461 Nerva
1037 1425 1165 1462 adhuc

280 1477 383 1515 vivo.
441 1479 532 1527 Ipse
550 1478 722 1515 ostendit
739 1490 773 1515 c.
791 1484 857 1518 37.
904 1478 1061 1517 Caecilio
1077 1478 1167 1515 Me-

280 1532 371 1568 tello
401 1543 448 1569 ac
465 1532 631 1581 Papirio
652 1532 823 1569 Carbone
842 1542 954 1569 coss.
998 1531 1072 1569 Ea·
1089 1544 1165 1582 quo

278 1586 317 1621 si
333 1586 389 1622 ad
405 1586 571 1623 alteru-m
590 1585 762 1634 Trajani
785 1585 1036 1623 Consulatum
1063 1598 1165 1623 com-

272 1645 473 1688 putemus,
489 1641 645 1678 ducenti
649 1640 741 1688 fi’re
752 1645 789 1678 et
804 1641 932 1678 decem
949 1640 1045 1683 anni
1054 1640 1165 1677 colli·

274 1698 442 1740 guntur.
499 1694 555 1730 At
573 1693 762 1730 Historiae
779 1700 919 1742 coeptae
935 1693 1070 1730 Nerva
1077 1693 1163 1740 jam

279 1750 436 1783 mortuo
453 1750 495 1784 et
512 1748 617 1784 inter
634 1747 771 1793 Divos,
790 1750 836 1784 ut
853 1747 983 1784 docui.
1020 1748 1132 1784 Lxrs.

332 1801 377 1836 A
395 1802 540 1838 Galliis
573 1799 830 1850 Rhoetiisque]
864 1800 979 1838 MSS.
1008 1805 1049 1837 et
1075 1801 1163 1838 edd.

275 1856 357 1891 vet.
378 1852 515 1903 (etiam
543 1854 724 1891 Romana
749 1854 840 1891 Joh.
867 1853 1102 1903 Gensbergii
1122 1858 1165 1892 et

273 1907 620 1956 Norimbergensis
640 1908 744 1946 Frid.
758 1907 1007 1958 Creussneri)
1030 1921 1056 1946 a
1068 1909 1162 1946 Gal-

274 1961 328 1998 lis
357 1961 609 2010 Rhaeeiisque.
656 1962 814 2009 Lipsius
846 1962 1018 1999 editione
1046 1966 1162 1999 sexta

275 2013 438 2064 dedita
459 2016 616 2060 Galliis,
643 2016 748 2057 unde
781 2015 824 2051 in
850 2019 1000 2052 ceteras
1031 2016 1160 2055 fluxit.

273 2066 539 2106 Restituimus
556 2072 732 2106 veterem
748 2069 972 2116 lectionem,
986 2070 1169 2118 itemque·

275 2131 366 2159 cum
384 2123 568 2160 Broterio
597 2123 764 2168 Rhaetis,
784 2123 878 2171 quia
907 2127 947 2159 et
967 2124 1008 2160 in
1035 2123 1161 2161 altero

272 2175 451 2213 membro
468 2188 550 2213 non
577 2176 800 2224 regionum,
818 2177 883 2213 sed
909 2178 1160 2226 populorum,

271 2229 448 2267 nomina.
506 2231 676 2277 Decepit
703 2231 886 2276 editores,
916 2235 962 2268 ut
989 2231 1161 2278 videtur,

273 2294 422 2320 nomenv
437 2283 658 2320 Pannoniis
687 2283 860 2332 itemque
875 2286 1072 2322 recentior
1093 2286 1160 2322 ad-

271 2336 435 2384 pellatia
453 2336 709 2374 Rhaetiarum.
739 2338 813 2374 Sed
824 2338 987 2374 Rhaetiae
1002 2342 1043 2375 et
1058 2340 1160 2375 Pan-

272 2390 401 2427 noniae
435 2394 531 2427 sunt
553 2391 758 2427 inferiores
791 2390 925 2429 Taciti
953 2396 1083 2437 aetatc,
1112 2396 1160 2429 ut

272 2444 432 2481 monuit
447 2444 594 2480 dudum
615 2444 823 2482 Cellarius.
863 2445 974 2483 ERN.
1005 2445 1160 2482 Editio-

271 2507 344 2535 nes
361 2508 385 2534 a
399 2501 526 2534 morte
555 2498 679 2547 Lipsii
695 2509 787 2536 cum
815 2499 849 2545 ej
857 2510 901 2535 us
922 2499 1027 2536 notis
1045 2510 1159 2536 cura-

268 2554 322 2597 tae
337 2551 406 2589 fol.
435 2552 559 2594 Paris,
581 2555 699 2590 1608.
721 2555 760 2588 et
785 2552 918 2589 Autw.
955 2554 1071 2593 1627.
1090 2553 1160 2590 ha·

272 2604 371 2642 bent
388 2617 413 2643 α
433 2605 561 2643 Gallis
579 2606 835 2656 Rhoetiisque.

339 2659 486 2696 Mutuo
523 2665 627 2696 metu
661 2666 733 2711 aut
770 2658 979 2709 montibus]
1027 2659 1156 2697 Vitiat

267 2716 425 2749 acutam
448 2714 687 2750 sententiam
713 2712 1006 2762 Bambergense
1022 2725 1154 2751 exem-

266 2765 370 2813 plar,
395 2772 530 2803 mutuo
562 2769 684 2805 victu.
742 2768 868 2804 Immo
893 2769 991 2804 νει-ω’
1015 2774 1121 2805 metu
1137 2782 1150 2805 .-

267 2820 337 2868 qui
354 2821 459 2857 inter
475 2831 586 2869 aeque
617 2823 796 2868 potentes
827 2833 900 2869 pro
923 2821 1093 2858 termino
1110 2827 1151 2859 et

266 2874 472 2922 repagulo.
524 2873 772 2922 Thucydides
806 2879 847 2920 3,
887 2879 947 2912 11.
978 2874 1078 2911 bene
1109 2881 1151 2913 et

264 2929 469 2994 apposite·
501 2926 548 2965 To
564 2924 598 2965 δὲ
626 2927 837 2966 duvia-azau
862 2925 951 2975 δίας,
966 2927 1070 2980 gabron
1088 2941 1148 2967 m-

264 2980 323 3021 τον
341 2981 374 3021 ἔς
391 2978 574 3030 ξυμμαχῖ
560 2997 630 3019 ι.αν
678 2982 789 3019 ers

318 3033 456 3082 Nuper
482 3034 670 3085 cognitis]
714 3035 935 3072 Domitiani
964 3034 1145 3083 imperio,

261 3087 414 3136 opinor.
453 3088 519 3123 cui
557 3087 661 3125 bella
692 3100 782 3126 cum
812 3089 956 3134 Cattis,
992 3089 1145 3134 suevis,

261 3140 469 3185 Sarmatis,
487 3144 528 3177 et
547 3152 594 3177 ea
609 3143 811 3180 occasione
838 3143 1046 3180 illustratae
1063 3154 1146 3180 ma-

259 3194 322 3242 gis
338 3194 476 3230 vicinae
499 3199 650 3241 gentes.
681 3197 793 3233 Lirs.
822 3197 985 3234 Colerus
1011 3198 1144 3245 potius

259 3248 309 3285 de
335 3247 458 3285 Drusi
486 3247 620 3285 Germ.
644 3247 760 3293 ‘bellis
784 3251 943 3299 accipit,
973 3249 1143 3287 testibus

259 3300 455 3343 Strabone
474 3301 500 3337 1.
519 3305 557 3339 7.
576 3312 618 3349 p.
639 3306 733 3340 291.
752 3302 880 3340 Plinio
897 3309 938 3349 2,
958 3306 1026 3344 67.
1047 3305 1143 3341 Sue-

257 3355 368 3391 tonio
402 3353 542 3393 Claud.
587 3360 622 3392 1.
656 3355 821 3404 Egregie
851 3367 935 3392 rem
967 3357 1141 3394 illustrat

255 3412 558 3445 monumentum
607 3408 755 3446 Plautii
798 3409 948 3447 Silvani
988 3411 1138 3447 AEliani

259 3463 368 3510 apud
382 3462 500 3500 Grut.
521 3473 561 3510 p.
584 3466 678 3501 453.

313 3515 366 3556 In
408 3515 652 3556 Occidentem
688 3514 835 3569 versus]
883 3514 1138 3557 Pleonasmus

1219 1261 1392 1311 elegans,
1414 1260 1596 1301 Ciceroni
1614 1259 1781 1309 aliisque
1798 1233 2026 1308 usurpatus.
2055 1261 2103 1300 V.
2164 1258 2170 1268 ⁴

1219 1316 1330 1354 Clav.
1350 1318 1434 1354 Cic.
1454 1318 1497 1352 in
1526 1327 1670 1353 versus.
1725 1313 1839 1351 Adde
1867 1314 2025 1352 Manut.
2049 1314 2102 1352 ad

1220 1370 1303 1408 Cic.
1319 1371 1394 1419 Ep.
1424 1375 1464 1416 8,
1487 1374 1549 1407 15.
1605 1367 1752 1408 Cautio
1781 1370 1856 1413 est,
1873 1377 1924 1404 ne
1941 1378 2033 1406 eum
2051 1369 2102 1406 iis
2165 1393 2169 1398 -

1218 1423 1314 1461 locis
1333 1434 1568 1473 quaeram11S‚
1585 1421 1654 1459 ubi
1684 1434 1816 1460 versus
1843 1421 2100 1470 participium

1220 1481 1295 1523 est,
1314 1482 1361 1514 ut
1388 1477 1488 1514 bene
1515 1480 1651 1514 monet
1676 1476 1878 1520 Duker-us,
1897 1475 2102 1524 exquisitae

1220 1531 1282 1568 vir
1298 1531 1500 1576 doctrinae,
1519 1530 1568 1567 ad
1587 1531 1673 1567 Liv.
1699 1535 1769 1576 88,
1786 1534 1852 1567 51.
1907 1529 1998 1567 Hoc
2013 1529 2101 1567 loco

1218 1585 1472 1633 participium
1497 1595 1708 1632 agnoscere
1725 1594 1805 1621 non
1835 1582 1941 1621 licet.
1994 1583 2100 1622 Nam

1217 1639 1360 1688 copula
1376 1638 1536 1676 deberet
1566 1650 1650 1675 esse
1679 1641 1768 1686 post
1795 1640 1922 1682 ottus,
1941 1636 2020 1674 sic:
2061 1643 2101 1675 et

1218 1693 1368 1731 modico
1370 1694 1487 1742 flea-u
1505 1696 1580 1729 etc.
1613 1691 1771 1729 Modico
1772 1692 1826 1739 st.
1844 1692 1874 1728 i.
1894 1690 1942 1728 0.
1958 1703 1996 1730 v.
2013 1695 2098 1728 est:

1219 1745 1289 1783 ubi
1309 1747 1611 1783 modiceversus
1631 1745 1884 1782 Occidentem
1902 1754 1945 1781 se
1973 1745 2100 1784 flexit.

1218 1801 1315 1837 Mox
1331 1801 1443 1838 molli
1458 1806 1496 1838 et
1523 1801 1723 1837 clenaenter
1739 1798 1840 1836 edito
1858 1798 1967 1847 jugo
1985 1809 2099 1847 syno-

1217 1854 1394 1902 nymice:
1427 1864 1477 1891 ne
1503 1853 1704 1899 Tacitum,
1730 1851 1938 1890 brevitatis
1964 1858 2100 1890 aucto-

1215 1919 1315 1954 rem,
1334 1908 1432 1945 talia
1458 1907 1638 1956 refugere
1659 1905 1790 1956 putes,
1814 1905 1886 1943 ubi
1903 1906 2101 1956 exquisita

1214 1962 1337 1999 verba
1355 1963 1397 1999 in
1413 1965 1572 2010 promtu
1588 1964 1696 1998 sunt.
1749 1961 1860 1998 ERN.

1267 2016 1422 2053 Montis
1445 2014 1631 2064 Abnoboe]
1670 2014 1822 2051 Plinius
1848 2013 2028 2052 nominat
2055 2019 2098 2060 4,

1219 2075 1281 2107 12.
1304 2068 1404 2121 (24.)
1423 2070 1492 2107 sed
1505 2068 1561 2105 ibi
1574 2079 1729 2117 quoque
1746 2067 1867 2105 infida
1883 2067 2098 2116 scriptura.

1215 2123 1299 2161 Alii
1318 2123 1424 2160 enim
1450 2122 1559 2169 libri,
1575 2121 1758 2160 Arnoboe.
1793 2121 2100 2170 Bambergensis

1215 2178 1305 2214 hic:
1334 2177 1512 2215 Auriboe.
1552 2178 1720 2214 Roman.
1753 2175 1935 2214 Arbonae.
1967 2176 2098 2213 Ptole-

1215 2243 1313 2268 maeo
1329 2234 1425 2268 sunt
1439 2229 1584 2267 Abuca}
1601 2233 1766 2267 montes.
1787 2228 1900 2267 Ln’s.

1215 2287 1299 2321 cod.
1319 2286 1450 2332 Kapp.
1467 2283 1647 2321 Arnoboe.
1669 2283 1925 2332 Pogg.Rhag.
1943 2282 2096 2321 Puteal.

1214 2339 1334 2375 ceteri
1351 2343 1444 2374 aute
1461 2338 1590 2375 Rhen.
1620 2337 1696 2374 Ast
1714 2337 1798 2374 MS.
1810 2336 2001 2374 Arundel.
2016 2340 2098 2374 Ar-

1212 2393 1327 2436 nibae,
1348 2396 1393 2428 ut
1409 2390 1551 2427 Bamb.
1567 2401 1659 2426 nam
1688 2390 1730 2427 in
1748 2401 1794 2426 eo
1811 2390 1882 2435 sic,
1900 2401 1982 2427 non
2007 2393 2096 2428 An-

1212 2444 1307 2482 ribae
1324 2445 1440 2481 credo
1466 2445 1600 2482 fuisse.
1647 2443 1861 2480 Rhenanus
1888 2454 1937 2480 ex
1966 2443 2027 2482 ed.
2044 2444 2095 2482 ab

1214 2497 1424 2547 Artolpho,
1450 2499 1615 2542 medico,
1645 2509 1776 2534 secum
1804 2498 2095 2535 communicata

1215 2552 1387 2599 prodidit
1402 2551 1631 2591 Abnoboe.et
1649 2551 1806 2599 quidem
1834 2552 1876 2588 in
1893 2551 1954 2589 ed.
1972 2555 2092 2590 1533.

1212 2616 1305 2642 nam
1322 2606 1364 2642 in
1382 2606 1443 2643 ed.
1464 2610 1580 2644 1519.
1608 2604 1727 2653 huJus
1745 2603 1868 2642 libelli
1886 2605 2012 2642 adhuc
2031 2608 2092 2643 est

1209 2660 1390 2696 Arbonae.
1451 2659 1513 2696 Ex
1548 2658 1692 2706 quibus
1726 2662 1852 2706 patet,
1883 2657 2091 2696 lectionem

1207 2713 1381 2749 Abnobae
1407 2713 1447 2750 h.
1464 2712 1491 2750 1.
1513 2713 1589 2748 niti
1607 2712 1690 2749 sola
1707 2711 1776 2749 illa
1795 2711 1967 2749 editione
1984 2717 2093 2750 vete-

1206 2777 1265 2812 re,
1281 2777 1399 2815 quam
1419 2765 1602 2814 Artolphi
1622 2765 1767 2803 librum
1798 2769 1912 2803 vocat
1930 2765 2089 2805 Rhena-

1205 2831 1294 2858 nus.
1349 2819 1390 2857 Si
1417 2820 1500 2856 cod.
1532 2820 1715 2868 Artolphi
1744 2823 1805 2857 est
1832 2819 1951 2865 idem,
1970 2828 2087 2869 quem

1205 2885 1276 2910 nos
1306 2873 1439 2922 Kapp.
1472 2884 1670 2920 vocamus,
1689 2877 1737 2910 ut
1763 2873 1859 2910 mihi
1883 2874 2008 2918 visum
2027 2877 2089 2911 est

1203 2933 1366 2975 propter
1390 2939 1585 2964 summum
1615 2938 1848 2964 consensum
1877 2926 1919 2964 in
1946 2927 2087 2965 ceteris

1202 2980 1438 3018 lectionibus
1458 2981 1548 3017 inde
1576 2981 1756 3029 prolatis,
1773 2980 1882 3018 aliud
1910 2981 1974 3018 hic
2003 2981 2087 3029 egit

1199 3035 1427 3072 Rhenanus.
1464 3035 1511 3071 In
1534 3034 1660 3071 Plinio
1681 3040 1722 3079 4,
1747 3038 1792 3072 12
1830 3033 1932 3084 (24).
1949 3033 2085 3071 lectio-

1200 3099 1290 3125 nem
1320 3088 1483 3125 Abnoba
1514 3099 1593 3125 non
1619 3092 1767 3126 certam
1796 3098 1895 3133 esse,
1926 3087 2085 3135 Lipsius

1199 3143 1367 3180 monuit.
1439 3143 1525 3189 Ego
1558 3142 1719 3179 Arnoba
1752 3142 1882 3190 reperi
1916 3141 1957 3177 in
1993 3141 2082 3181 edd.

1200 3196 1337 3244 primis
1383 3196 1581 3241 omnibus,
1627 3207 1724 3243 quas
1770 3194 1894 3231 habeo
1933 3205 1955 3230 e
2002 3207 2080 3234 sec.

1198 3250 1289 3287 XV.
1317 3251 1362 3286 In
1382 3249 1442 3286 ed.
1459 3259 1494 3285 a.
1521 3254 1636 3288 1497.
1657 3250 1697 3285 in
1717 3250 1892 3296 margine
1909 3247 2082 3296 primum

1196 3302 1373 3346 Abnoba,
1389 3313 1442 3337 sc.
1458 3313 1479 3337 c
1498 3302 1725 3348 conjectura
1745 3300 1946 3337 Hermolai
1959 3301 2081 3341 Barb.

1196 3368 1218 3392 e
1236 3357 1348 3402 cujus
1368 3355 1624 3403 castigatione
1642 3362 1703 3391 est
1719 3354 1787 3391 illa
1803 3355 1863 3392 ed.
1920 3356 1966 3392 In
1994 3360 2080 3394 tex-

1193 3415 1238 3446 tu
1269 3410 1437 3457 primum
1470 3410 1598 3457 reperi
1619 3409 1658 3444 in
1691 3409 1777 3444 edd.
1798 3409 2004 3447 Benedict.
2031 3414 2079 3448 ut

1197 3468 1312 3502 1507.
1331 3463 1397 3498 sed
1418 3467 1505 3509 post
1529 3473 1615 3499 eam
1633 3463 1753 3499 etiam
1772 3463 1813 3499 in
1833 3463 2078 3500 Germanicis

1192 3519 1234 3553 et
1251 3516 1375 3555 Paris.
1400 3517 1588 3572 ¹⁵²⁶·.¹¹¹
1615 3519 1731 3555 textu
1755 3517 1934 3565 Arnoba,
1953 3516 2076 3556 inter-

1777 324 1855 367 46.
1879 321 2098 374 Peucini,
2144 359 2158 377 ,
2179 353 2181 355 .

1927 2230 2097 2268 Amabo.-
2174 2231 2180 2240 “
