2190 3880
282 135 317 174 x
965 117 1388 170 ADDENDA.

275 263 318 296 c.
366 255 441 295 12.
486 247 550 296 Ut
587 248 822 311 superbam
844 248 1153 311 fecunditate,

339 315 575 370 subnixam
637 315 934 376 popularibus
992 318 1156 364 studiis

339 382 450 438 etc-‚J
484 378 646 426 Placet
668 387 715 425 et
738 379 854 427 mihi
875 381 974 427 haec
997 381 1153 438 lentie,

306 489 309 491 ,
341 445 527 494 tuenda
549 452 707 491 tamen
730 446 877 508 priori
898 445 1002 492 vide
1022 446 1086 494 H.
1110 454 1153 502 1,

350 514 423 566 17.
463 517 540 564 13,
573 514 646 556 14.

278 591 320 622 c.
350 579 422 633 17.
449 576 641 623 Mobiles
665 577 785 622 adol.
811 579 1004 634 animos]
1028 577 1155 624 Con·

333 638 523 704 jectum
555 640 759 686 Acidalii
791 657 927 688 vana.
973 641 1079 689 Liv.
1103 643 1154 697 6,

344 710 426 754 34-
464 707 621 767 parvis
642 707 796 752 mobili
817 702 944 753 rebus
966 709 1131 754 animo.

389 769 785 834 Subverterentur]
795 801 797 804 -
807 771 1035 834 Enallage
1051 786 1156 818 sue-

345 842 412 882 ta.

283 918 324 950 c.
359 907 438 947 20.
475 901 721 962 Pleraque]
759 914 845 964 pro
874 902 1156 964 plerumque,

348 982 430 1030 per
446 965 767 1014 Graecismum.

284 1048 327 1080 c.
350 1038 428 1077 22.
460 1031 692 1092 Tanquam
718 1034 810 1092 ipse
831 1047 984 1078 somno
1006 1036 1158 1094 gravis

348 1099 461 1154 etc-,J
493 1095 577 1143 Sat
611 1097 797 1143 horrida
835 1096 1006 1159 ellipsis
1042 1098 1158 1144 Cor-

348 1161 552 1216 neliana,
582 1163 660 1207 cui
693 1160 863 1208 similes
903 1169 947 1216 1,
981 1162 1059 1209 65.
1107 1170 1156 1218 2,

356 1235 431 1274 15.
469 1233 518 1282 3,
543 1232 591 1274 3.
638 1227 687 1283 6,
711 1232 790 1274 43.
827 1226 894 1274 Η.
924 1235 967 1283 1,
994 1234 1071 1280 88.
1108 1235 1156 1283 2,

347 1300 428 1351 19.
451 1300 541 1338 etc.

286 1374 326 1406 c.
374 1364 452 1405 28.
498 1358 648 1403 Falsa„
671 1359 951 1415 exterritum]
989 1357 1160 1405 Malim

350 1439 457 1468 cum
478 1421 672 1468 Mureto
698 1422 847 1485 salso,
875 1431 925 1469 ut
947 1422 1014 1468 H.
1039 1430 1088 1478 2,
1114 1430 1159 1470 8.

284 1505 325 1536 c.
383 1494 461 1534 31.
530 1489 846 1534 Eluctantium
911 1489 1161 1546 verborum]

351 1552 480 1600 Hinc
498 1552 808 1609 emendandus
826 1554 1000 1599 Statius
1009 1552 1159 1600 Theb.

349 1624 401 1674 4,
449 1623 560 1677 790.
624 1619 688 1664 Et
734 1619 896 1664 teneris
939 1620 1161 1664 meditans

349 1685 483 1730 verba
538 1684 800 1732 illuctan-tia
856 1685 1008 1742 labris,
1058 1683 1161 1745 lege

351 1750 614 1795 eluctantia.

419 1816 484 1860 Ob
506 1829 597 1859 rem
610 1813 934 1873 judicandam]
959 1813 1034 1858 Sic
1059 1813 1159 1861 Cic.

351 1881 400 1925 iu
422 1879 555 1924 Verr.
579 1885 628 1933 2,
653 1885 718 1926 32
741 1890 789 1924 et
809 1884 889 1925 48.

289 1961 328 1993 c.
355 1949 433 1991 34.
483 1945 574 1991 Sed
597 1945 741 1989 multa
766 1958 865 1990 cum
890 1944 1157 2006 acerbitate]

350 2009 522 2056 Melius
547 2015 604 2054 et.

287 2093 327 2124 c.
353 2082 431 2123 35.
469 2075 695 2121 occultati
719 2080 761 2119 et
793 2074 903 2119 editi
971 2071 1158 2120 Vertra-

351 2141 457 2187 nius
474 2139 678 2186 malebat
691 2139 850 2185 abditi.
935 2154 988 2184 ac
1005 2152 1160 2185 emen-

349 2206 538 2252 datione
583 2218 679 2251 non
725 2219 842 2268 opus
888 2219 1002 2259 esse,
1037 2213 1161 2251 recte

234 2321 236 2323 ,
341 2271 530 2335 judicat
583 2269 773 2334 Lipsius
798 2290 812 2328 3
882 2269 961 2314 sed
1019 2268 1160 2326 ratio,

290 2388 293 2390 ,
352 2353 494 2400 quam
518 2335 721 2397 adlegat,
746 2351 842 2381 non
865 2333 1002 2381 valet.
1037 2332 1162 2381 Bina

350 2403 477 2448 enim
514 2401 655 2447 verba
690 2399 896 2462 ejusdem
929 2399 994 2446 rei
1027 2402 1164 2464 ponit

351 2466 479 2514 haud
525 2482 631 2512 raro
677 2474 850 2512 noster.
891 2464 956 2512 H.
1002 2472 1046 2520 1,
1084 2472 1161 2513 88.

355 2533 581 2580 occultare
624 2537 669 2578 et
724 2532 883 2577 abdere
935 2544 1162 2593 pavorem.

315 2621 319 2626 -
356 2597 536 2644 Similia
559 2603 609 2652 3,
639 2603 712 2642 11.
739 2594 804 2642 H.
822 2601 871 2648 2,
891 2600 978 2653 77:
1005 2595 1162 2643 Germ.

355 2670 434 2710 22.
469 2663 545 2709 Ita
569 2674 616 2708 et
639 2661 804 2708 Cicero
827 2659 893 2708 N.
917 2660 980 2708 D.
1019 2667 1065 2716 l,
1093 2667 1163 2708 18.

355 2729 412 2776 de
429 2727 564 2775 Offic.
595 2736 638 2783 1,
662 2733 741 2774 35.
765 2735 854 2774 etc.

291 2810 332 2842 c.
379 2801 455 2841 38.
510 2794 571 2840 Ut
614 2791 857 2854 ‘majoribus
893 2794 1004 2838 meis
1048 2792 1162 2852 etc.]

357 2857 493 2905 Nihil
525 2859 782 2904 mutatione
820 2872 955 2921 opus,
982 2857 1039 2903 ab
1074 2857 1166 2903 Er-

357 2924 508 2971 nestio
532 2931 728 2969 tentata.

423 2989 567 3035 Multi
590 2989 699 3049 quia
722 2985 969 3050 diffideret]
990 2986 1167 3033 Forsan

358 3054 544 3108 rectius,
593 3055 723 3114 quasi
767 3052 990 3113 diffideret
1011 3070 1029 3104 ,·
1088 3053 1166 3098 sed

361 3118 574 3173 alterum,
601 3119 709 3163 licet
736 3117 910 3172 durius,
938 3116 1166 3180 placuisse

358 3193 521 3231 nostro
542 3191 674 3246 puto,
694 3184 804 3245 quia
825 3181 890 3227 sic
905 3182 1046 3229 etiam
1064 3181 1166 3228 Sal-

361 3250 470 3296 lust.
494 3246 602 3310 Jug.
629 3265 668 3295 c.
693 3253 770 3295 82.

295 3333 336 3365 c.
377 3321 458 3362 40.
504 3315 581 3360 Ad
619 3316 840 3373 integram
874 3313 1166 3358 consultatio-

361 3383 480 3438 nem]
545 3379 576 3426 i.
625 3393 666 3425 e.
721 3376 861 3423 nullis
911 3373 1029 3423 dolis
1083 3387 1167 3422 aut

396 3443 636 3508 raejudiciis
661 3452 943 3504 corruptam.
986 3450 1039 3487 ut
1063 3441 1165 3487 Sal-

361 3463 474 3561 fust.
508 3508 618 3572 Jug.
641 3525 680 3556 c.
706 3513 810 3554 108.
841 3506 1055 3555 Consulta
1075 3521 1167 3554 sese

1276 253 1429 299 omnia
1452 267 1553 299 cum
1576 253 1662 301 illo
1680 255 1857 317 integra
1881 255 2053 304 habere.

1210 332 1250 364 c.
1297 324 1379 364 41.
1422 318 1580 365 Altius
1621 322 1839 378 metuens]
1885 319 1962 367 sie
2005 319 2084 378 16,

1275 388 1354 441 29.
1400 382 1590 430 Petron.
1615 383 1715 431 Sat.
1737 400 1778 430 c.
1807 390 1933 433 128.-

1345 447 1562 509 Vergente
1584 448 1688 509 jam
1706 449 2087 512 senectaJ-Suspi-

1275 527 1358 559 cor
1396 512 1645 574 legendum
1676 521 1880 575 urgente,
1917 525 1972 562 ut
2002 515 2085 561 ci-

1275 593 1384 624 cero
1406 577 1464 623 de
1488 577 1594 626 Seu.
1617 594 1659 625 e.
1687 580 1730 626 1.

1337 643 1452 689 Vera
1472 646 1678 706 potentia
1695 647 1881 706 augere]
1902 640 2087 706 Legen-

1237 749 1242 754 .
1276 706 1388 753 dum
1409 723 1515 754 cum
1538 708 1774 755 Rhenano
1793 718 1900 757 ver‘a
1925 716 2086 772 poten—

1279 775 1347 819 tia
1380 789 1515 835 agere
1549 773 1645 820 scil.
1683 789 1746 830 se,
1782 776 1813 822 i.
1854 791 1894 822 e.
1931 783 2092 821 veram

1279 838 1368 883 sibi
1400 840 1660 900 potentiam
1696 854 1812 895 esse,
1846 847 1912 886 ut*
1933 838 1999 886 H.
2035 845 2087 895 2,

1277 909 1357 949 58.
1392 910 1440 958 5,
1468 911 1524 951 .1.
1563 906 1687 951 Aun.
1722 905 1770 960 6,
1808 909 1886 962 27.
1921 910 1970 959 2,
2006 906 2086 961 73.

1278 967 1436 1014 Germ.
1471 985 1510 1015 c.
1534 969 1613 1016 46.
1648 969 1721 1015 vel
1752 985 1859 1016 oum
1891 968 2087 1016 Μυτὲῐο

1278 1048 1430 1079 veram
1449 1037 1699 1096 potentiam
1722 1050 1888 1097 augere
1909 1033 2100 1081 scil.'se.·

1280 1105 1332 1143 ut
1356 1097 1422 1144 H.
1446 1106 1495 1153 3,
1521 1104 1598 1145 45.

1213 1179 1255 1209 c.
1278 1167 1358 1209 45.
1396 1164 1452 1209 In
1479 1171 1669 1210 mortem
1701 1164 1895 1227 adfecit]
1933 1164 2010 1209 Sic
2043 1180 2086 1211 c.

1279 1227 1358 1274 62.
1405 1230 1466 1274 ἐπ’
1485 1236 1674 1275 mortem
1714 1227 1967 1292 adflixerat.
2007 1227 2085 1275 Cf.

1278 1300 1326 1338 et
1371 1299 1446 1348 14,
1487 1301 1532 1340 s.
1579 1294 1698 1340 ven.
1733 1300 1782 1349 2,
1820 1300 1897 1342 85.
1937 1293 2087 1340 Obse-

1280 1374 1424 1420 queus
1448 1359 1503 1404 de
1526 1359 1665 1407 Prod.
1690 1376 1730 1405 c.
1754 1366 1860 1418 129.

1215 1439 1256 1470 c.
1287 1424 1368 1469 46.
1404 1424 1642 1471 Promtum
1681 1425 1879 1471 libertati
1909 1430 1992 1470 aut
2025 1427 2088 1470 ad

1280 1491 1487 1547 mortem]
1499 1489 1575 1536 Sic
1587 1490 1765 1536 variare
1776 1498 1934 1536 noster
1943 1498 2087 1536 amat.

1281 1554 1358 1600 Cf.
1382 1569 1423 1599 c.
1448 1564 1500 1611 9.
1518 1555 1631 1616 item
1661 1561 1736 1610 12,
1761 1561 1841 1602 55.
1870 1559 1946 1609 14,
1973 1559 2054 1601 38.

1216 1635 1257 1666 c.
1292 1623 1373 1677 49.
1408 1619 1815 1680 Digrediebautur]
1847 1619 1966 1666 Vide
1999 1627 2089 1665 no-

1279 1692 1382 1730 tata
1405 1683 1464 1747 agl
1487 1700 1526 1731 c.
1547 1689 1626 1740 74.

1214 1766 1256 1797 c.
1298 1757 1378 1796 51.
1413 1750 1704 1796 Praematura
1742 1752 1906 1797 montis
1940 1750 2091 1796 Haemi

1280 1821 1325 1860 et
1340 1830 1455 1860 sceva
1473 1815 1634 1876 hiems]
1654 1815 1829 1861 Forsan
1843 1814 2089 1877 legendum

1276 1886 1443 1941 praeter
1475 1886 1686 1926 naturam
1727 1882 1887 1926 montis
1925 1881 2089 1926 Haemi.

1281 1944 1358 1990 Sic
1392 1952 1560 1992 natura
1591 1947 1756 1990 montis
1789 1943 1894 1992 Liv.
1919 1951 2001 1999 38,
2026 1950 2094 1990 20

1280 2017 1327 2055 et
1349 2010 1428 2056 26.
1454 2009 1610 2056 Coesar
1629 2009 1685 2056 Β.
1711 2009 1770 2055 G.
1802 2017 1844 2064 1,
1866 2016 1945 2056 21.
1970 2009 2093 2055 Sane

1282 2074 1526 2136 singularis
1549 2074 1694 2120 dictio
1716 2077 1880 2122 montis
1904 2076 2055 2122 hiems.

1216 2156 1257 2188 c.
1305 2141 1384 2187 56.
1423 2141 1476 2186 In
1519 2142 1773 2186 concionem
1810 2142 2091 2197 nuntiatum]

1281 2204 1420 2261 Sunt,
1454 2206 1620 2267 quibus
1652 2203 1902 2267 legendum
1935 2203 2093 2251 videa-

1283 2280 1360 2316 tm·
1405 2273 1456 2317 in
1498 2273 1721 2325 concione,
1759 2269 1855 2324 sed,
1892 2264 2091 2332 utr'oque

1279 2335 1419 2381 modo
1443 2335 1553 2390 dici,
1578 2334 1725 2398 liquet
1747 2352 1806 2381 ex
1826 2335 2002 2380 notatis
2033 2333 2094 2380 ad

1280 2399 1520 2447 Justinum
1539 2407 1614 2458 19,
1625 2407 1656 2446 2
1670 2407 1716 2446 et
1731 2405 1814 2455 34,
1826 2406 1872 2447 2.
1885 2396 2092 2447 Lactan-

1251 2480 1254 2484 ’
1281 2467 1375 2512 tius
1398 2465 1471 2512 M.
1494 2463 1676 2512 Perseo.
1699 2480 1741 2512 c.
1764 2464 1844 2512 46.
1887 2465 2092 2513 Nuncia-

1285 2537 1359 2577 tur
1380 2533 1428 2578 in
1456 2536 1618 2578 castra.

1218 2612 1259 2644 c.
1289 2601 1368 2652 57.
1406 2596 1552 2643 Caesar
1586 2598 1633 2642 in
1669 2595 1986 2658 Campaniam]
2017 2592 2094 2640 De

1283 2661 1433 2724 ellipsi
1470 2661 1716 2707 verborum
1753 2661 1836 2715 ire,
1868 2661 2096 2724 proficisci

1283 2734 1330 2772 et
1369 2725 1588 2772 similium
1619 2725 1725 2772 vide
1756 2721 2001 2772 Dukerum
2034 2724 2094 2770 ad

1283 2791 1475 2838 Florum
1496 2796 1547 2846 3,
1569 2790 1614 2838 6.
1654 2791 1808 2838 Acute
1829 2797 1988 2837 tamen·
2001 2787 2096 2835 hoc

1285 2856 1391 2903 loco
1415 2856 1600 2920 Lipsius
1625 2858 1680 2902 iit
1710 2859 1758 2902 in·
1787 2855 1835 2902 C.

1222 2938 1262 2969 c.
1288 2929 1366 2969 58.
1399 2924 1516 2968 Arto
1547 2924 1786 2978 comitatu}
1820 2919 1896 2966 Sic
1921 2920 2019 2967 Cic.
2043 2921 2095 2966 in

1287 2986 1418 3034 Verr.
1465 2992 1516 3042 4,
1557 2993 1635 3034 30.
1683 2985 1909 3032 Comitatu
1948 2985 2096 3046 Regio

1272 3051 1393 3115 fuit.
1451 3053 1629 3098 Contra
1672 3051 1723 3096 in
1769 3050 1908 3097 Catil.
1955 3056 2006 3106 3,
2046 3056 2093 3097 2.

1289 3133 1389 3163 cum
1403 3132 1567 3176 magno
1586 3117 1802 3162 comitatu
1822 3114 1923 3176 (ubi
1939 3124 2094 3160 tamen

1286 3183 1429 3228 etiam
1467 3183 1514 3227 in
1552 3181 1653 3226 aliis
1689 3195 1787 3227 cum
1822 3181 1978 3227 abesse
2001 3178 2094 3226 Er-

1284 3246 1460 3293 nestius
1484 3245 1708 3304 notavit).

1354 3312 1552 3364 Quorum
1596 3310 1867 3357 sermonibus
1925 3310 2094 3356 levare·-

1288 3380 1383 3436 ταν]
1405 3375 1480 3421 Sic
1504 3384 1552 3422 et
1573 3373 1740 3437 Vix-gil.
1768 3370 1882 3421 AEn.
1907 3381 1955 3429 8,
1979 3381 2096 3422 308.

1286 3441 1441 3488 Sedul.
1471 3449 1514 3495 1,
1540 3447 1650 3488 318.

1220 3523 1261 3556 c.
1286 3506 1366 3555 60.
1399 3507 1607 3554 Diversae
1636 3506 1815 3568 insuper
1839 3504 1922 3553 sol.
1932 3503 1982 3567 f.
2009 3505 2096 3561 ον]
