<?xml version="1.0" encoding="UTF-8"?>
<!DOCTYPE html PUBLIC "-//W3C//DTD XHTML 1.0 Transitional//EN"
    "http://www.w3.org/TR/xhtml1/DTD/xhtml1-transitional.dtd">
<html xmlns="http://www.w3.org/1999/xhtml" xml:lang="en" lang="en">
 <head>
  <title>
</title>
<meta http-equiv="Content-Type" content="text/html;charset=utf-8" />
  <meta name='ocr-system' content='tesseract 3.04.00' />
  <meta name='ocr-capabilities' content='ocr_page ocr_carea ocr_par ocr_line ocrx_word'/>
</head>
<body>
  <div class='ocr_page' id='page_1' title='image "./p1operaexrecensi02taciuoft_0135.png"; bbox 0 0 2190 3880; ppageno 0'>
   <div class='ocr_carea' id='block_1_1' title="bbox 1729 70 1810 121">
    <p class='ocr_par' dir='ltr' id='par_1_1' title="bbox 1729 70 1810 121">
     <span class='ocr_line' id='line_1_1' title="bbox 1729 70 1810 121; baseline 0 0"><span class='ocrx_word' id='word_1_1' title='bbox 1729 70 1810 121; x_wconf 56' lang='grc' dir='ltr'><strong>Ἴ””·--.</strong></span> 
     </span>
    </p>
   </div>
   <div class='ocr_carea' id='block_1_2' title="bbox 633 152 1885 203">
    <p class='ocr_par' dir='ltr' id='par_1_2' title="bbox 633 152 1885 203">
     <span class='ocr_line' id='line_1_2' title="bbox 633 152 1885 203; baseline 0.002 -2"><span class='ocrx_word' id='word_1_2' title='bbox 633 152 782 202; x_wconf 82' lang='lat' dir='ltr'>L113.</span> <span class='ocrx_word' id='word_1_3' title='bbox 828 154 896 200; x_wconf 87' lang='lat'><strong>11.</strong></span> <span class='ocrx_word' id='word_1_4' title='bbox 921 154 925 159; x_wconf 81' lang='grc'>’</span> <span class='ocrx_word' id='word_1_5' title='bbox 955 154 1114 201; x_wconf 89' lang='lat' dir='ltr'><strong>CAP.</strong></span> <span class='ocrx_word' id='word_1_6' title='bbox 1149 157 1229 200; x_wconf 85' lang='lat'><strong>38.</strong></span> <span class='ocrx_word' id='word_1_7' title='bbox 1255 157 1334 202; x_wconf 83' lang='lat'><strong>39.</strong></span> <span class='ocrx_word' id='word_1_8' title='bbox 1793 159 1885 203; x_wconf 60' lang='lat'><strong>113</strong></span> 
     </span>
    </p>
   </div>
   <div class='ocr_carea' id='block_1_3' title="bbox 71 273 2017 2668">
    <p class='ocr_par' dir='ltr' id='par_1_3' title="bbox 71 273 2017 2668">
     <span class='ocr_line' id='line_1_3' title="bbox 81 273 2017 346; baseline 0.003 -18"><span class='ocrx_word' id='word_1_9' title='bbox 81 277 219 346; x_wconf 80' lang='lat' dir='ltr'><strong>quod</strong></span> <span class='ocrx_word' id='word_1_10' title='bbox 253 276 609 329; x_wconf 69' lang='lat' dir='ltr'><strong>vetustissimus</strong></span> <span class='ocrx_word' id='word_1_11' title='bbox 638 275 1009 340; x_wconf 77' lang='lat' dir='ltr'><strong>Consularium,</strong></span> <span class='ocrx_word' id='word_1_12' title='bbox 1033 284 1079 327; x_wconf 82' lang='lat' dir='ltr'><strong>et</strong></span> <span class='ocrx_word' id='word_1_13' title='bbox 1104 274 1296 326; x_wconf 75' lang='lat' dir='ltr'><strong>militia</strong></span> <span class='ocrx_word' id='word_1_14' title='bbox 1322 273 1508 338; x_wconf 74' lang='lat' dir='ltr'><strong>clarus,</strong></span> <span class='ocrx_word' id='word_1_15' title='bbox 1530 275 1752 345; x_wconf 81' lang='lat' dir='ltr'><em>gloriam</em></span> <span class='ocrx_word' id='word_1_16' title='bbox 1792 296 1881 330; x_wconf 84' lang='lat' dir='ltr'><strong>no-</strong></span> <span class='ocrx_word' id='word_1_17' title='bbox 1895 295 1946 332; x_wconf 85' lang='lat' dir='ltr'><strong>A.</strong></span> <span class='ocrx_word' id='word_1_18' title='bbox 1962 295 2017 333; x_wconf 84' lang='lat' dir='ltr'><strong>U.</strong></span> 
     </span>
     <span class='ocr_line' id='line_1_4' title="bbox 78 342 2006 416; baseline 0.002 -19"><span class='ocrx_word' id='word_1_19' title='bbox 78 364 288 416; x_wconf 81' lang='lat' dir='ltr'><strong>meaque</strong></span> <span class='ocrx_word' id='word_1_20' title='bbox 320 345 648 398; x_wconf 78' lang='lat' dir='ltr'><em>Britannicis</em></span> <span class='ocrx_word' id='word_1_21' title='bbox 686 344 1086 415; x_wconf 69' lang='lat' dir='ltr'><strong>erpeditionibus</strong></span> <span class='ocrx_word' id='word_1_22' title='bbox 1120 342 1392 397; x_wconf 79' lang='lat' dir='ltr'><strong>meruisset.</strong></span> <span class='ocrx_word' id='word_1_23' title='bbox 1467 343 1608 414; x_wconf 85' lang='lat' dir='ltr'><strong>Ego,</strong></span> <span class='ocrx_word' id='word_1_24' title='bbox 1648 358 1709 398; x_wconf 86' lang='lat' dir='ltr'><strong>ut</strong></span> <span class='ocrx_word' id='word_1_25' title='bbox 1752 367 1882 400; x_wconf 89' lang='lat' dir='ltr'><strong>con·</strong></span> <span class='ocrx_word' id='word_1_26' title='bbox 1914 350 2006 385; x_wconf 70' lang='lat'><strong>823·</strong></span> 
     </span>
     <span class='ocr_line' id='line_1_5' title="bbox 77 402 2000 487; baseline 0.002 -20"><span class='ocrx_word' id='word_1_27' title='bbox 77 417 348 480; x_wconf 77' lang='lat' dir='ltr'>cesserim,</span> <span class='ocrx_word' id='word_1_28' title='bbox 387 417 530 487; x_wconf 86' lang='lat' dir='ltr'><strong>apud</strong></span> <span class='ocrx_word' id='word_1_29' title='bbox 569 435 770 486; x_wconf 86' lang='lat' dir='ltr'><strong>paucos</strong></span> <span class='ocrx_word' id='word_1_30' title='bbox 808 417 976 468; x_wconf 88' lang='lat' dir='ltr'><strong>tacito</strong></span> <span class='ocrx_word' id='word_1_31' title='bbox 1013 427 1141 468; x_wconf 92' lang='lat' dir='ltr'><strong>voto</strong></span> <span class='ocrx_word' id='word_1_32' title='bbox 1177 415 1416 485; x_wconf 89' lang='lat' dir='ltr'><strong>quietem</strong></span> <span class='ocrx_word' id='word_1_33' title='bbox 1457 432 1554 484; x_wconf 82' lang='lat' dir='ltr'><strong>pro</strong></span> <span class='ocrx_word' id='word_1_34' title='bbox 1595 415 1881 483; x_wconf 85' lang='lat' dir='ltr'><strong>discordia,</strong></span> <span class='ocrx_word' id='word_1_35' title='bbox 1897 402 2000 437; x_wconf 75' lang='lat' dir='ltr'><strong>A‘C</strong></span> 
     </span>
     <span class='ocr_line' id='line_1_6' title="bbox 79 485 1884 557; baseline 0.001 -21"><span class='ocrx_word' id='word_1_36' title='bbox 79 485 283 539; x_wconf 88' lang='lat' dir='ltr'><strong>bonum</strong></span> <span class='ocrx_word' id='word_1_37' title='bbox 306 497 368 540; x_wconf 76' lang='lat' dir='ltr'><strong>et</strong></span> <span class='ocrx_word' id='word_1_38' title='bbox 395 487 737 539; x_wconf 88' lang='lat' dir='ltr'><strong>innocentem</strong></span> <span class='ocrx_word' id='word_1_39' title='bbox 775 486 1083 557; x_wconf 83' lang='lat' dir='ltr'><strong>Principem</strong></span> <span class='ocrx_word' id='word_1_40' title='bbox 1125 504 1222 555; x_wconf 90' lang='lat' dir='ltr'><strong>pro</strong></span> <span class='ocrx_word' id='word_1_41' title='bbox 1268 485 1514 554; x_wconf 72' lang='lat' dir='ltr'><strong>pessimis</strong></span> <span class='ocrx_word' id='word_1_42' title='bbox 1547 502 1609 537; x_wconf 84' lang='lat' dir='ltr'><strong>ac</strong></span> <span class='ocrx_word' id='word_1_43' title='bbox 1646 485 1884 555; x_wconf 66' lang='lat' dir='ltr'><strong>flagitioss-</strong></span> 
     </span>
     <span class='ocr_line' id='line_1_7' title="bbox 77 554 1888 626; baseline 0.001 -20"><span class='ocrx_word' id='word_1_44' title='bbox 77 554 304 607; x_wconf 84' lang='lat' dir='ltr'><strong>sissimis</strong></span> <span class='ocrx_word' id='word_1_45' title='bbox 344 558 690 626; x_wconf 82' lang='lat' dir='ltr'><strong>expetitum:</strong></span> <span class='ocrx_word' id='word_1_46' title='bbox 754 558 830 608; x_wconf 87' lang='lat' dir='ltr'><strong>ita</strong></span> <span class='ocrx_word' id='word_1_47' title='bbox 873 555 1416 625; x_wconf 17' lang='lat' dir='ltr'><strong>nequer-Paullinum,</strong></span> <span class='ocrx_word' id='word_1_48' title='bbox 1453 572 1561 623; x_wconf 86' lang='lat' dir='ltr'><strong>qua</strong></span> <span class='ocrx_word' id='word_1_49' title='bbox 1600 556 1888 624; x_wconf 86' lang='lat' dir='ltr'><strong>prudentia</strong></span> 
     </span>
     <span class='ocr_line' id='line_1_8' title="bbox 78 623 1886 697; baseline 0.001 -22"><span class='ocrx_word' id='word_1_50' title='bbox 78 623 203 690; x_wconf 87' lang='lat' dir='ltr'><strong>fuit,</strong></span> <span class='ocrx_word' id='word_1_51' title='bbox 231 644 490 696; x_wconf 84' lang='lat' dir='ltr'><strong>sperasse,</strong></span> <span class='ocrx_word' id='word_1_52' title='bbox 517 628 927 697; x_wconf 88' lang='lat' dir='ltr'><strong>corruptissimo</strong></span> <span class='ocrx_word' id='word_1_53' title='bbox 970 627 1170 678; x_wconf 87' lang='lat' dir='ltr'><strong>saeculo</strong></span> <span class='ocrx_word' id='word_1_54' title='bbox 1211 636 1417 677; x_wconf 82' lang='lat' dir='ltr'><strong>tantam</strong></span> <span class='ocrx_word' id='word_1_55' title='bbox 1455 624 1605 694; x_wconf 80' lang='lat' dir='ltr'><strong>vulgi</strong></span> <span class='ocrx_word' id='word_1_56' title='bbox 1643 626 1886 677; x_wconf 82' lang='lat' dir='ltr'><strong>modera—</strong></span> 
     </span>
     <span class='ocr_line' id='line_1_9' title="bbox 78 695 1886 766; baseline 0.002 -21"><span class='ocrx_word' id='word_1_57' title='bbox 78 695 306 760; x_wconf 82' lang='lat' dir='ltr'><strong>tionem,</strong></span> <span class='ocrx_word' id='word_1_58' title='bbox 333 714 469 762; x_wconf 89' lang='lat' dir='ltr'><strong>reor,</strong></span> <span class='ocrx_word' id='word_1_59' title='bbox 495 710 572 761; x_wconf 90' lang='lat' dir='ltr'><strong>ut,</strong></span> <span class='ocrx_word' id='word_1_60' title='bbox 595 698 687 766; x_wconf 90' lang='lat' dir='ltr'><strong>qui</strong></span> <span class='ocrx_word' id='word_1_61' title='bbox 717 714 904 766; x_wconf 88' lang='lat' dir='ltr'><strong>pacem</strong></span> <span class='ocrx_word' id='word_1_62' title='bbox 932 696 1054 748; x_wconf 90' lang='lat' dir='ltr'><strong>belli</strong></span> <span class='ocrx_word' id='word_1_63' title='bbox 1083 713 1266 748; x_wconf 84' lang='lat' dir='ltr'><strong>amore</strong></span> <span class='ocrx_word' id='word_1_64' title='bbox 1294 696 1662 759; x_wconf 86' lang='lat' dir='ltr'><strong>turbaverant,</strong></span> <span class='ocrx_word' id='word_1_65' title='bbox 1690 695 1886 748; x_wconf 89' lang='lat' dir='ltr'><strong>bellum</strong></span> 
     </span>
     <span class='ocr_line' id='line_1_10' title="bbox 78 764 1881 836; baseline 0 -19"><span class='ocrx_word' id='word_1_66' title='bbox 78 767 229 834; x_wconf 81' lang='lat' dir='ltr'><strong>pacis</strong></span> <span class='ocrx_word' id='word_1_67' title='bbox 256 767 482 818; x_wconf 86' lang='lat' dir='ltr'><strong>caritate</strong></span> <span class='ocrx_word' id='word_1_68' title='bbox 507 767 872 836; x_wconf 87' lang='lat' dir='ltr'><strong>deponerent:</strong></span> <span class='ocrx_word' id='word_1_69' title='bbox 913 785 1088 835; x_wconf 88' lang='lat' dir='ltr'><strong>neque</strong></span> <span class='ocrx_word' id='word_1_70' title='bbox 1114 777 1208 817; x_wconf 86' lang='lat' dir='ltr'><strong>aut</strong></span> <span class='ocrx_word' id='word_1_71' title='bbox 1239 766 1510 818; x_wconf 84' lang='lat' dir='ltr'><strong>exercitus</strong></span> <span class='ocrx_word' id='word_1_72' title='bbox 1538 764 1739 835; x_wconf 85' lang='lat' dir='ltr'><strong>linguis</strong></span> <span class='ocrx_word' id='word_1_73' title='bbox 1768 784 1881 817; x_wconf 83' lang='lat' dir='ltr'><strong>mo-</strong></span> 
     </span>
     <span class='ocr_line' id='line_1_11' title="bbox 77 835 1886 905; baseline 0.001 -19"><span class='ocrx_word' id='word_1_74' title='bbox 77 837 334 905; x_wconf 82' lang='lat' dir='ltr'><strong>ribusque</strong></span> <span class='ocrx_word' id='word_1_75' title='bbox 372 837 618 888; x_wconf 90' lang='lat' dir='ltr'><strong>dissonos</strong></span> <span class='ocrx_word' id='word_1_76' title='bbox 660 838 715 888; x_wconf 90' lang='lat' dir='ltr'><strong>in</strong></span> <span class='ocrx_word' id='word_1_77' title='bbox 757 837 902 889; x_wconf 89' lang='lat' dir='ltr'><strong>hunc</strong></span> <span class='ocrx_word' id='word_1_78' title='bbox 932 854 1253 890; x_wconf 88' lang='lat' dir='ltr'><strong>consensum</strong></span> <span class='ocrx_word' id='word_1_79' title='bbox 1298 835 1543 905; x_wconf 87' lang='lat' dir='ltr'><strong>potuisse</strong></span> <span class='ocrx_word' id='word_1_80' title='bbox 1566 835 1886 902; x_wconf 76' lang='lat' dir='ltr'><strong>coalescere,</strong></span> 
     </span>
     <span class='ocr_line' id='line_1_12' title="bbox 77 904 1885 977; baseline 0.001 -21"><span class='ocrx_word' id='word_1_81' title='bbox 77 917 172 956; x_wconf 86' lang='lat' dir='ltr'><strong>aut.</strong></span> <span class='ocrx_word' id='word_1_82' title='bbox 211 904 450 976; x_wconf 71' lang='lat' dir='ltr'><strong>Legatos</strong></span> <span class='ocrx_word' id='word_1_83' title='bbox 483 925 547 958; x_wconf 83' lang='lat' dir='ltr'><strong>ac</strong></span> <span class='ocrx_word' id='word_1_84' title='bbox 587 906 790 971; x_wconf 81' lang='lat' dir='ltr'><strong>DueeS,</strong></span> <span class='ocrx_word' id='word_1_85' title='bbox 835 925 1034 977; x_wconf 84' lang='lat' dir='ltr'><strong>magna</strong></span> <span class='ocrx_word' id='word_1_86' title='bbox 1078 925 1149 958; x_wconf 84' lang='lat' dir='ltr'><strong>ex</strong></span> <span class='ocrx_word' id='word_1_87' title='bbox 1195 919 1347 976; x_wconf 85' lang='lat' dir='ltr'><strong>parte</strong></span> <span class='ocrx_word' id='word_1_88' title='bbox 1387 906 1567 971; x_wconf 81' lang='lat' dir='ltr'><strong>luxus,</strong></span> <span class='ocrx_word' id='word_1_89' title='bbox 1607 907 1885 976; x_wconf 80' lang='lat' dir='ltr'><strong>egestatiS,</strong></span> 
     </span>
     <span class='ocr_line' id='line_1_13' title="bbox 77 975 1884 1046; baseline 0.001 -20"><span class='ocrx_word' id='word_1_90' title='bbox 77 975 338 1028; x_wconf 87' lang='lat' dir='ltr'><strong>scelerum</strong></span> <span class='ocrx_word' id='word_1_91' title='bbox 367 977 467 1028; x_wconf 85' lang='lat' dir='ltr'><strong>sibi</strong></span> <span class='ocrx_word' id='word_1_92' title='bbox 500 978 767 1041; x_wconf 79' lang='lat' dir='ltr'><strong>consciOS‚</strong></span> <span class='ocrx_word' id='word_1_93' title='bbox 796 978 896 1028; x_wconf 87' lang='lat' dir='ltr'><strong>nisi</strong></span> <span class='ocrx_word' id='word_1_94' title='bbox 929 977 1193 1046; x_wconf 89' lang='lat' dir='ltr'><strong>pollutum</strong></span> <span class='ocrx_word' id='word_1_95' title='bbox 1221 976 1652 1045; x_wconf 88' lang='lat' dir='ltr'><strong>obstrictumque</strong></span> <span class='ocrx_word' id='word_1_96' title='bbox 1679 977 1884 1029; x_wconf 88' lang='lat' dir='ltr'><strong>meritis</strong></span> 
     </span>
     <span class='ocr_line' id='line_1_14' title="bbox 77 1044 1966 1117; baseline -0.001 -20"><span class='ocrx_word' id='word_1_97' title='bbox 77 1046 187 1097; x_wconf 87' lang='lat' dir='ltr'><strong>suis</strong></span> <span class='ocrx_word' id='word_1_98' title='bbox 219 1044 528 1116; x_wconf 88' lang='lat' dir='ltr'><strong>Principem</strong></span> <span class='ocrx_word' id='word_1_99' title='bbox 558 1065 825 1117; x_wconf 79' lang='lat' dir='ltr'><strong>passuros,</strong></span> <span class='ocrx_word' id='word_1_100' title='bbox 895 1048 1062 1099; x_wconf 87' lang='lat' dir='ltr'><strong>Vetus</strong></span> <span class='ocrx_word' id='word_1_101' title='bbox 1089 1065 1154 1099; x_wconf 86' lang='lat' dir='ltr'><strong>ac</strong></span> <span class='ocrx_word' id='word_1_102' title='bbox 1173 1047 1291 1115; x_wconf 88' lang='lat' dir='ltr'><strong>jam</strong></span> <span class='ocrx_word' id='word_1_103' title='bbox 1323 1046 1530 1116; x_wconf 83' lang='lat' dir='ltr'><strong>pridem</strong></span> <span class='ocrx_word' id='word_1_104' title='bbox 1552 1046 1715 1097; x_wconf 86' lang='lat' dir='ltr'><strong>insita</strong></span> <span class='ocrx_word' id='word_1_105' title='bbox 1739 1065 1884 1099; x_wconf 77' lang='lat' dir='ltr'><strong>mozr-</strong></span> <span class='ocrx_word' id='word_1_106' title='bbox 1898 1048 1966 1096; x_wconf 82' lang='lat'><strong>38</strong></span> 
     </span>
     <span class='ocr_line' id='line_1_15' title="bbox 78 1115 1887 1188; baseline 0 -19"><span class='ocrx_word' id='word_1_107' title='bbox 78 1115 276 1169; x_wconf 78' lang='lat' dir='ltr'><strong>talibus</strong></span> <span class='ocrx_word' id='word_1_108' title='bbox 305 1119 567 1187; x_wconf 77' lang='lat' dir='ltr'><strong>potentiae</strong></span> <span class='ocrx_word' id='word_1_109' title='bbox 592 1118 796 1188; x_wconf 87' lang='lat' dir='ltr'><strong>cupido</strong></span> <span class='ocrx_word' id='word_1_110' title='bbox 827 1135 951 1168; x_wconf 88' lang='lat' dir='ltr'><strong>cum</strong></span> <span class='ocrx_word' id='word_1_111' title='bbox 984 1117 1206 1187; x_wconf 87' lang='lat' dir='ltr'><strong>Imperii</strong></span> <span class='ocrx_word' id='word_1_112' title='bbox 1243 1116 1622 1186; x_wconf 84' lang='lat' dir='ltr'><strong>magnitudine</strong></span> <span class='ocrx_word' id='word_1_113' title='bbox 1647 1117 1887 1169; x_wconf 85' lang='lat' dir='ltr'><strong>adolevit</strong></span> 
     </span>
     <span class='ocr_line' id='line_1_16' title="bbox 75 1186 1887 1256; baseline 0.001 -19"><span class='ocrx_word' id='word_1_114' title='bbox 75 1187 381 1256; x_wconf 87' lang='lat' dir='ltr'><strong>erupitque.</strong></span> <span class='ocrx_word' id='word_1_115' title='bbox 464 1187 607 1239; x_wconf 87' lang='lat' dir='ltr'><strong>Nam</strong></span> <span class='ocrx_word' id='word_1_116' title='bbox 644 1189 803 1239; x_wconf 86' lang='lat' dir='ltr'><strong>rebus</strong></span> <span class='ocrx_word' id='word_1_117' title='bbox 838 1187 1087 1250; x_wconf 81' lang='lat' dir='ltr'><strong>modiciS,</strong></span> <span class='ocrx_word' id='word_1_118' title='bbox 1126 1186 1404 1255; x_wconf 80' lang='lat' dir='ltr'><strong>aequalitas</strong></span> <span class='ocrx_word' id='word_1_119' title='bbox 1447 1186 1605 1238; x_wconf 86' lang='lat' dir='ltr'><strong>facile</strong></span> <span class='ocrx_word' id='word_1_120' title='bbox 1646 1186 1887 1239; x_wconf 87' lang='lat' dir='ltr'><strong>habeba-</strong></span> 
     </span>
     <span class='ocr_line' id='line_1_17' title="bbox 77 1256 1887 1325; baseline 0.001 -18"><span class='ocrx_word' id='word_1_121' title='bbox 77 1265 197 1309; x_wconf 85' lang='lat' dir='ltr'><strong>tur:</strong></span> <span class='ocrx_word' id='word_1_122' title='bbox 238 1258 327 1308; x_wconf 88' lang='lat' dir='ltr'><strong>sed</strong></span> <span class='ocrx_word' id='word_1_123' title='bbox 360 1257 471 1321; x_wconf 90' lang='lat' dir='ltr'><strong>ubi,</strong></span> <span class='ocrx_word' id='word_1_124' title='bbox 513 1259 740 1311; x_wconf 87' lang='lat' dir='ltr'><strong>subacto</strong></span> <span class='ocrx_word' id='word_1_125' title='bbox 778 1259 910 1308; x_wconf 89' lang='lat' dir='ltr'><strong>orbe</strong></span> <span class='ocrx_word' id='word_1_126' title='bbox 941 1270 997 1308; x_wconf 92' lang='lat' dir='ltr'><strong>et</strong></span> <span class='ocrx_word' id='word_1_127' title='bbox 1034 1257 1243 1314; x_wconf 82' lang='lat' dir='ltr'><strong>aemulis</strong></span> <span class='ocrx_word' id='word_1_128' title='bbox 1274 1257 1501 1310; x_wconf 84' lang='lat' dir='ltr'><strong>urbibus</strong></span> <span class='ocrx_word' id='word_1_129' title='bbox 1532 1256 1887 1325; x_wconf 83' lang='lat' dir='ltr'><strong>Regibusque</strong></span> 
     </span>
     <span class='ocr_line' id='line_1_18' title="bbox 77 1326 1888 1407; baseline 0.001 -31"><span class='ocrx_word' id='word_1_130' title='bbox 77 1326 294 1391; x_wconf 81' lang='lat' dir='ltr'><strong>excisis,</strong></span> <span class='ocrx_word' id='word_1_131' title='bbox 323 1344 536 1380; x_wconf 86' lang='lat' dir='ltr'><strong>securas</strong></span> <span class='ocrx_word' id='word_1_132' title='bbox 562 1345 693 1397; x_wconf 88' lang='lat' dir='ltr'><strong>opes</strong></span> <span class='ocrx_word' id='word_1_133' title='bbox 723 1327 1108 1407; x_wconf 83' lang='lat' dir='ltr'><strong>concupiscere</strong></span> <span class='ocrx_word' id='word_1_134' title='bbox 1137 1344 1364 1381; x_wconf 81' lang='lat' dir='ltr'><strong>vacuum</strong></span> <span class='ocrx_word' id='word_1_135' title='bbox 1395 1326 1518 1388; x_wconf 82' lang='lat' dir='ltr'><strong>fuit,</strong></span> <span class='ocrx_word' id='word_1_136' title='bbox 1546 1327 1722 1396; x_wconf 89' lang='lat' dir='ltr'><strong>prima</strong></span> <span class='ocrx_word' id='word_1_137' title='bbox 1748 1330 1888 1378; x_wconf 86' lang='lat' dir='ltr'><strong>inter</strong></span> 
     </span>
     <span class='ocr_line' id='line_1_19' title="bbox 78 1395 1886 1467; baseline 0.001 -20"><span class='ocrx_word' id='word_1_138' title='bbox 78 1395 269 1447; x_wconf 88' lang='lat' dir='ltr'><strong>Patres</strong></span> <span class='ocrx_word' id='word_1_139' title='bbox 322 1396 645 1467; x_wconf 88' lang='lat' dir='ltr'><strong>plebemque</strong></span> <span class='ocrx_word' id='word_1_140' title='bbox 695 1411 993 1449; x_wconf 79' lang='lat' dir='ltr'><strong>certamina</strong></span> <span class='ocrx_word' id='word_1_141' title='bbox 1042 1414 1308 1449; x_wconf 78' lang='lat' dir='ltr'><strong>exarsere.</strong></span> <span class='ocrx_word' id='word_1_142' title='bbox 1371 1397 1535 1449; x_wconf 89' lang='lat' dir='ltr'><strong>modo</strong></span> <span class='ocrx_word' id='word_1_143' title='bbox 1589 1397 1886 1448; x_wconf 86' lang='lat' dir='ltr'><strong>turbulenti</strong></span> 
     </span>
     <span class='ocr_line' id='line_1_20' title="bbox 75 1465 1887 1537; baseline 0.001 -19"><span class='ocrx_word' id='word_1_144' title='bbox 75 1465 326 1531; x_wconf 88' lang='lat' dir='ltr'><strong>Tribuni,</strong></span> <span class='ocrx_word' id='word_1_145' title='bbox 352 1467 515 1519; x_wconf 89' lang='lat' dir='ltr'><strong>modo</strong></span> <span class='ocrx_word' id='word_1_146' title='bbox 545 1467 809 1520; x_wconf 89' lang='lat' dir='ltr'><strong>Consules</strong></span> <span class='ocrx_word' id='word_1_147' title='bbox 849 1467 1147 1537; x_wconf 86' lang='lat' dir='ltr'><strong>praevalidi,</strong></span> <span class='ocrx_word' id='word_1_148' title='bbox 1174 1479 1230 1518; x_wconf 92' lang='lat' dir='ltr'><strong>et</strong></span> <span class='ocrx_word' id='word_1_149' title='bbox 1265 1467 1321 1519; x_wconf 92' lang='lat' dir='ltr'><strong>in</strong></span> <span class='ocrx_word' id='word_1_150' title='bbox 1363 1467 1497 1518; x_wconf 84' lang='lat' dir='ltr'><strong>urbe</strong></span> <span class='ocrx_word' id='word_1_151' title='bbox 1530 1484 1593 1518; x_wconf 86' lang='lat' dir='ltr'><strong>ac</strong></span> <span class='ocrx_word' id='word_1_152' title='bbox 1620 1466 1740 1518; x_wconf 82' lang='lat' dir='ltr'><strong>foro</strong></span> <span class='ocrx_word' id='word_1_153' title='bbox 1769 1478 1887 1519; x_wconf 80' lang='lat' dir='ltr'><strong>ten·-</strong></span> 
     </span>
     <span class='ocr_line' id='line_1_21' title="bbox 77 1535 1888 1607; baseline 0.002 -20"><span class='ocrx_word' id='word_1_154' title='bbox 77 1546 319 1588; x_wconf 84' lang='lat' dir='ltr'><strong>tamenta</strong></span> <span class='ocrx_word' id='word_1_155' title='bbox 357 1537 600 1589; x_wconf 90' lang='lat' dir='ltr'><strong>civilium</strong></span> <span class='ocrx_word' id='word_1_156' title='bbox 643 1537 924 1589; x_wconf 89' lang='lat' dir='ltr'><strong>bellorum.</strong></span> <span class='ocrx_word' id='word_1_157' title='bbox 1001 1537 1144 1588; x_wconf 84' lang='lat' dir='ltr'><strong>Mox</strong></span> <span class='ocrx_word' id='word_1_158' title='bbox 1187 1555 1217 1588; x_wconf 91' lang='lat' dir='ltr'><strong>e</strong></span> <span class='ocrx_word' id='word_1_159' title='bbox 1249 1536 1406 1607; x_wconf 89' lang='lat' dir='ltr'><strong>plebe</strong></span> <span class='ocrx_word' id='word_1_160' title='bbox 1446 1535 1635 1589; x_wconf 83' lang='lat' dir='ltr'><strong>infima</strong></span> <span class='ocrx_word' id='word_1_161' title='bbox 1662 1536 1728 1596; x_wconf 81' lang='lat' dir='ltr'><strong>G,</strong></span> <span class='ocrx_word' id='word_1_162' title='bbox 1760 1537 1888 1590; x_wconf 87' lang='lat' dir='ltr'><strong>Ma-</strong></span> 
     </span>
     <span class='ocr_line' id='line_1_22' title="bbox 77 1605 1886 1672; baseline 0 -14"><span class='ocrx_word' id='word_1_163' title='bbox 77 1606 206 1672; x_wconf 83' lang='lat' dir='ltr'><strong>rius,</strong></span> <span class='ocrx_word' id='word_1_164' title='bbox 232 1619 287 1658; x_wconf 87' lang='lat' dir='ltr'><strong>et</strong></span> <span class='ocrx_word' id='word_1_165' title='bbox 316 1607 579 1660; x_wconf 85' lang='lat' dir='ltr'><strong>nobilium</strong></span> <span class='ocrx_word' id='word_1_166' title='bbox 609 1608 936 1660; x_wconf 83' lang='lat' dir='ltr'><strong>saevissimus</strong></span> <span class='ocrx_word' id='word_1_167' title='bbox 966 1607 1029 1667; x_wconf 78' lang='lat' dir='ltr'><strong>L.</strong></span> <span class='ocrx_word' id='word_1_168' title='bbox 1057 1605 1224 1671; x_wconf 80' lang='lat' dir='ltr'><strong>Sulla,</strong></span> <span class='ocrx_word' id='word_1_169' title='bbox 1249 1607 1446 1668; x_wconf 70' lang='lat' dir='ltr'><strong>‘victam</strong></span> <span class='ocrx_word' id='word_1_170' title='bbox 1479 1606 1640 1658; x_wconf 86' lang='lat' dir='ltr'><strong>armis</strong></span> <span class='ocrx_word' id='word_1_171' title='bbox 1667 1607 1886 1659; x_wconf 83' lang='lat' dir='ltr'><strong>liberta-</strong></span> 
     </span>
     <span class='ocr_line' id='line_1_23' title="bbox 80 1675 1887 1746; baseline 0.001 -19"><span class='ocrx_word' id='word_1_172' title='bbox 80 1686 190 1728; x_wconf 87' lang='lat' dir='ltr'><strong>tem</strong></span> <span class='ocrx_word' id='word_1_173' title='bbox 217 1677 270 1731; x_wconf 88' lang='lat' dir='ltr'><strong>in</strong></span> <span class='ocrx_word' id='word_1_174' title='bbox 299 1677 726 1735; x_wconf 79' lang='lat' dir='ltr'><strong>dominationem</strong></span> <span class='ocrx_word' id='word_1_175' title='bbox 758 1685 1052 1738; x_wconf 66' lang='lat' dir='ltr'><strong>verterunt,</strong></span> <span class='ocrx_word' id='word_1_176' title='bbox 1129 1677 1264 1730; x_wconf 86' lang='lat' dir='ltr'><strong>Post</strong></span> <span class='ocrx_word' id='word_1_177' title='bbox 1289 1695 1424 1746; x_wconf 89' lang='lat' dir='ltr'><strong>quos</strong></span> <span class='ocrx_word' id='word_1_178' title='bbox 1455 1675 1559 1728; x_wconf 89' lang='lat' dir='ltr'><strong>Cn.</strong></span> <span class='ocrx_word' id='word_1_179' title='bbox 1590 1676 1887 1746; x_wconf 84' lang='lat' dir='ltr'><strong>Pompeius</strong></span> 
     </span>
     <span class='ocr_line' id='line_1_24' title="bbox 77 1746 1886 1817; baseline -0.001 -17"><span class='ocrx_word' id='word_1_180' title='bbox 77 1746 360 1812; x_wconf 87' lang='lat' dir='ltr'><strong>occultior,</strong></span> <span class='ocrx_word' id='word_1_181' title='bbox 388 1765 494 1800; x_wconf 90' lang='lat' dir='ltr'><strong>non</strong></span> <span class='ocrx_word' id='word_1_182' title='bbox 533 1748 740 1803; x_wconf 79' lang='lat' dir='ltr'><strong>melior.</strong></span> <span class='ocrx_word' id='word_1_183' title='bbox 802 1746 874 1804; x_wconf 84' lang='lat' dir='ltr'><strong>Et</strong></span> <span class='ocrx_word' id='word_1_184' title='bbox 899 1765 1191 1817; x_wconf 87' lang='lat' dir='ltr'><strong>numquam</strong></span> <span class='ocrx_word' id='word_1_185' title='bbox 1218 1759 1427 1817; x_wconf 88' lang='lat' dir='ltr'><strong>postea,</strong></span> <span class='ocrx_word' id='word_1_186' title='bbox 1454 1748 1556 1798; x_wconf 90' lang='lat' dir='ltr'><strong>nisi</strong></span> <span class='ocrx_word' id='word_1_187' title='bbox 1583 1747 1651 1798; x_wconf 90' lang='lat' dir='ltr'><strong>de</strong></span> <span class='ocrx_word' id='word_1_188' title='bbox 1676 1747 1886 1799; x_wconf 74' lang='lat' dir='ltr'><strong>Princi-</strong></span> 
     </span>
     <span class='ocr_line' id='line_1_25' title="bbox 117 1817 1887 1886; baseline 0.001 -18"><span class='ocrx_word' id='word_1_189' title='bbox 117 1829 208 1869; x_wconf 83' lang='lat' dir='ltr'><strong>atu</strong></span> <span class='ocrx_word' id='word_1_190' title='bbox 247 1819 557 1886; x_wconf 86' lang='lat' dir='ltr'><strong>quaesitum.</strong></span> <span class='ocrx_word' id='word_1_191' title='bbox 634 1818 761 1871; x_wconf 88' lang='lat' dir='ltr'><strong>Non</strong></span> <span class='ocrx_word' id='word_1_192' title='bbox 804 1819 1095 1871; x_wconf 89' lang='lat' dir='ltr'><strong>discessere</strong></span> <span class='ocrx_word' id='word_1_193' title='bbox 1125 1818 1194 1869; x_wconf 87' lang='lat' dir='ltr'><strong>ab</strong></span> <span class='ocrx_word' id='word_1_194' title='bbox 1232 1819 1394 1869; x_wconf 88' lang='lat' dir='ltr'><strong>armis</strong></span> <span class='ocrx_word' id='word_1_195' title='bbox 1434 1817 1487 1868; x_wconf 93' lang='lat' dir='ltr'><strong>in</strong></span> <span class='ocrx_word' id='word_1_196' title='bbox 1519 1817 1797 1869; x_wconf 79' lang='lat' dir='ltr'><strong>Pharsalia</strong></span> <span class='ocrx_word' id='word_1_197' title='bbox 1823 1836 1887 1869; x_wconf 90' lang='lat' dir='ltr'><strong>ac</strong></span> 
     </span>
     <span class='ocr_line' id='line_1_26' title="bbox 77 1834 1887 1959; baseline 0 -19"><span class='ocrx_word' id='word_1_198' title='bbox 77 1834 350 1958; x_wconf 66' lang='lat' dir='ltr'><strong>lPhilippis</strong></span> <span class='ocrx_word' id='word_1_199' title='bbox 378 1889 578 1941; x_wconf 89' lang='lat' dir='ltr'><strong>civium</strong></span> <span class='ocrx_word' id='word_1_200' title='bbox 601 1888 870 1959; x_wconf 86' lang='lat' dir='ltr'><strong>legiones:</strong></span> <span class='ocrx_word' id='word_1_201' title='bbox 911 1890 1110 1940; x_wconf 88' lang='lat' dir='ltr'><strong>nedum</strong></span> <span class='ocrx_word' id='word_1_202' title='bbox 1139 1887 1377 1939; x_wconf 91' lang='lat' dir='ltr'><strong>Othonis</strong></span> <span class='ocrx_word' id='word_1_203' title='bbox 1404 1905 1469 1939; x_wconf 87' lang='lat' dir='ltr'><strong>ac</strong></span> <span class='ocrx_word' id='word_1_204' title='bbox 1497 1887 1702 1939; x_wconf 89' lang='lat' dir='ltr'><strong>Vitellii</strong></span> <span class='ocrx_word' id='word_1_205' title='bbox 1731 1905 1887 1940; x_wconf 81' lang='lat' dir='ltr'><strong>exer-</strong></span> 
     </span>
     <span class='ocr_line' id='line_1_27' title="bbox 76 1956 1886 2028; baseline 0.001 -20"><span class='ocrx_word' id='word_1_206' title='bbox 76 1956 218 2009; x_wconf 89' lang='lat' dir='ltr'><strong>citus</strong></span> <span class='ocrx_word' id='word_1_207' title='bbox 245 1969 438 2027; x_wconf 90' lang='lat' dir='ltr'><strong>sponte</strong></span> <span class='ocrx_word' id='word_1_208' title='bbox 466 1959 693 2028; x_wconf 87' lang='lat' dir='ltr'><strong>posituri</strong></span> <span class='ocrx_word' id='word_1_209' title='bbox 723 1959 925 2010; x_wconf 87' lang='lat' dir='ltr'><strong>bellum</strong></span> <span class='ocrx_word' id='word_1_210' title='bbox 964 1958 1183 2011; x_wconf 85' lang='lat' dir='ltr'><strong>fuerint.</strong></span> <span class='ocrx_word' id='word_1_211' title='bbox 1212 1958 1396 2009; x_wconf 88' lang='lat' dir='ltr'><strong>eadem</strong></span> <span class='ocrx_word' id='word_1_212' title='bbox 1430 1957 1547 2008; x_wconf 91' lang='lat' dir='ltr'><strong>illos</strong></span> <span class='ocrx_word' id='word_1_213' title='bbox 1580 1957 1761 2010; x_wconf 88' lang='lat' dir='ltr'><strong>Deum</strong></span> <span class='ocrx_word' id='word_1_214' title='bbox 1790 1959 1886 2021; x_wconf 88' lang='lat' dir='ltr'><strong>ira,</strong></span> 
     </span>
     <span class='ocr_line' id='line_1_28' title="bbox 76 2027 1889 2094; baseline 0.001 -16"><span class='ocrx_word' id='word_1_215' title='bbox 76 2027 266 2079; x_wconf 85' lang='lat' dir='ltr'><strong>eadem</strong></span> <span class='ocrx_word' id='word_1_216' title='bbox 292 2027 574 2084; x_wconf 81' lang='lat' dir='ltr'><strong>hominum</strong></span> <span class='ocrx_word' id='word_1_217' title='bbox 604 2029 798 2094; x_wconf 85' lang='lat' dir='ltr'><strong>rabies,</strong></span> <span class='ocrx_word' id='word_1_218' title='bbox 826 2029 1031 2081; x_wconf 87' lang='lat' dir='ltr'><strong>eaedem</strong></span> <span class='ocrx_word' id='word_1_219' title='bbox 1062 2029 1322 2081; x_wconf 87' lang='lat' dir='ltr'><strong>scelerum</strong></span> <span class='ocrx_word' id='word_1_220' title='bbox 1346 2045 1550 2080; x_wconf 85' lang='lat' dir='ltr'><strong>caussae</strong></span> <span class='ocrx_word' id='word_1_221' title='bbox 1588 2028 1644 2079; x_wconf 90' lang='lat' dir='ltr'><strong>in</strong></span> <span class='ocrx_word' id='word_1_222' title='bbox 1682 2028 1889 2080; x_wconf 88' lang='lat' dir='ltr'><strong>discor-</strong></span> 
     </span>
     <span class='ocr_line' id='line_1_29' title="bbox 78 2097 1890 2168; baseline 0.002 -19"><span class='ocrx_word' id='word_1_223' title='bbox 78 2097 224 2152; x_wconf 83' lang='lat' dir='ltr'><strong>diam</strong></span> <span class='ocrx_word' id='word_1_224' title='bbox 271 2115 450 2168; x_wconf 83' lang='lat' dir='ltr'><strong>egere.</strong></span> <span class='ocrx_word' id='word_1_225' title='bbox 525 2099 690 2157; x_wconf 83' lang='lat' dir='ltr'><strong>Quod</strong></span> <span class='ocrx_word' id='word_1_226' title='bbox 740 2099 968 2168; x_wconf 83' lang='lat' dir='ltr'><strong>singulis</strong></span> <span class='ocrx_word' id='word_1_227' title='bbox 1011 2099 1157 2154; x_wconf 85' lang='lat' dir='ltr'><strong>velut</strong></span> <span class='ocrx_word' id='word_1_228' title='bbox 1197 2098 1396 2150; x_wconf 83' lang='lat' dir='ltr'><strong>ictibus</strong></span> <span class='ocrx_word' id='word_1_229' title='bbox 1446 2108 1716 2161; x_wconf 83' lang='lat' dir='ltr'><strong>transacta</strong></span> <span class='ocrx_word' id='word_1_230' title='bbox 1762 2110 1890 2153; x_wconf 86' lang='lat' dir='ltr'><strong>sunt</strong></span> 
     </span>
     <span class='ocr_line' id='line_1_30' title="bbox 76 2166 1888 2239; baseline 0.001 -20"><span class='ocrx_word' id='word_1_231' title='bbox 76 2166 235 2231; x_wconf 86' lang='lat' dir='ltr'><strong>bella,</strong></span> <span class='ocrx_word' id='word_1_232' title='bbox 262 2167 484 2238; x_wconf 81' lang='lat' dir='ltr'><strong>ignavia</strong></span> <span class='ocrx_word' id='word_1_233' title='bbox 511 2169 831 2239; x_wconf 88' lang='lat' dir='ltr'><strong>Principum</strong></span> <span class='ocrx_word' id='word_1_234' title='bbox 860 2169 1064 2221; x_wconf 86' lang='lat' dir='ltr'><strong>factum</strong></span> <span class='ocrx_word' id='word_1_235' title='bbox 1093 2179 1194 2221; x_wconf 90' lang='lat' dir='ltr'><strong>est.</strong></span> <span class='ocrx_word' id='word_1_236' title='bbox 1270 2168 1378 2229; x_wconf 81' lang='lat' dir='ltr'><strong>Sed</strong></span> <span class='ocrx_word' id='word_1_237' title='bbox 1405 2185 1492 2229; x_wconf 86' lang='lat' dir='ltr'><strong>me</strong></span> <span class='ocrx_word' id='word_1_238' title='bbox 1521 2181 1762 2228; x_wconf 82' lang='lat' dir='ltr'><strong>veterum</strong></span> <span class='ocrx_word' id='word_1_239' title='bbox 1790 2186 1888 2229; x_wconf 55' lang='lat' dir='ltr'><strong>no,</strong></span> 
     </span>
     <span class='ocr_line' id='line_1_31' title="bbox 79 2238 1889 2310; baseline 0.002 -22"><span class='ocrx_word' id='word_1_240' title='bbox 79 2255 378 2307; x_wconf 74' lang='lat' dir='ltr'><strong>verumque</strong></span> <span class='ocrx_word' id='word_1_241' title='bbox 416 2256 628 2291; x_wconf 86' lang='lat' dir='ltr'><strong>morum</strong></span> <span class='ocrx_word' id='word_1_242' title='bbox 669 2240 941 2310; x_wconf 86' lang='lat' dir='ltr'><strong>reputatio</strong></span> <span class='ocrx_word' id='word_1_243' title='bbox 983 2239 1197 2309; x_wconf 86' lang='lat' dir='ltr'><strong>longius</strong></span> <span class='ocrx_word' id='word_1_244' title='bbox 1237 2238 1398 2304; x_wconf 79' lang='lat' dir='ltr'><strong>tulit.-</strong></span> <span class='ocrx_word' id='word_1_245' title='bbox 1438 2256 1584 2289; x_wconf 89' lang='lat' dir='ltr'><strong>nunc</strong></span> <span class='ocrx_word' id='word_1_246' title='bbox 1613 2239 1680 2290; x_wconf 88' lang='lat' dir='ltr'><strong>ad</strong></span> <span class='ocrx_word' id='word_1_247' title='bbox 1711 2256 1889 2291; x_wconf 84' lang='lat' dir='ltr'><strong>rerum</strong></span> 
     </span>
     <span class='ocr_line' id='line_1_32' title="bbox 77 2306 1972 2379; baseline 0.003 -21"><span class='ocrx_word' id='word_1_248' title='bbox 77 2306 320 2359; x_wconf 87' lang='lat' dir='ltr'><strong>ordinem</strong></span> <span class='ocrx_word' id='word_1_249' title='bbox 352 2309 528 2362; x_wconf 85' lang='lat' dir='ltr'><strong>venio,</strong></span> <span class='ocrx_word' id='word_1_250' title='bbox 578 2309 835 2361; x_wconf 89' lang='lat' dir='ltr'><strong>Profecto</strong></span> <span class='ocrx_word' id='word_1_251' title='bbox 866 2309 1164 2362; x_wconf 80' lang='lat' dir='ltr'><strong>Brixellum</strong></span> <span class='ocrx_word' id='word_1_252' title='bbox 1195 2308 1438 2375; x_wconf 78' lang='lat' dir='ltr'><strong>Othone,</strong></span> <span class='ocrx_word' id='word_1_253' title='bbox 1462 2308 1636 2360; x_wconf 91' lang='lat' dir='ltr'><strong>honor</strong></span> <span class='ocrx_word' id='word_1_254' title='bbox 1664 2307 1972 2379; x_wconf 77' lang='lat' dir='ltr'><strong>Imperii39</strong></span> 
     </span>
     <span class='ocr_line' id='line_1_33' title="bbox 77 2376 1889 2449; baseline 0.002 -21"><span class='ocrx_word' id='word_1_255' title='bbox 77 2394 241 2446; x_wconf 89' lang='lat' dir='ltr'><strong>penes</strong></span> <span class='ocrx_word' id='word_1_256' title='bbox 280 2376 558 2430; x_wconf 90' lang='lat' dir='ltr'><strong>Titianum</strong></span> <span class='ocrx_word' id='word_1_257' title='bbox 601 2378 841 2445; x_wconf 87' lang='lat' dir='ltr'><strong>fratrem,</strong></span> <span class='ocrx_word' id='word_1_258' title='bbox 885 2379 964 2431; x_wconf 87' lang='lat' dir='ltr'><strong>vis</strong></span> <span class='ocrx_word' id='word_1_259' title='bbox 1009 2398 1072 2432; x_wconf 87' lang='lat' dir='ltr'><strong>ac</strong></span> <span class='ocrx_word' id='word_1_260' title='bbox 1110 2389 1349 2449; x_wconf 86' lang='lat' dir='ltr'><strong>potestas</strong></span> <span class='ocrx_word' id='word_1_261' title='bbox 1389 2395 1554 2449; x_wconf 83' lang='lat' dir='ltr'><strong>penes</strong></span> <span class='ocrx_word' id='word_1_262' title='bbox 1594 2378 1889 2432; x_wconf 89' lang='lat' dir='ltr'><strong>Proculum</strong></span> 
     </span>
     <span class='ocr_line' id='line_1_34' title="bbox 71 2446 1890 2520; baseline 0.002 -22"><span class='ocrx_word' id='word_1_263' title='bbox 71 2446 431 2499; x_wconf 81' lang='lat' dir='ltr'><strong>Praefectum.</strong></span> <span class='ocrx_word' id='word_1_264' title='bbox 511 2449 701 2501; x_wconf 89' lang='lat' dir='ltr'><strong>Celsus</strong></span> <span class='ocrx_word' id='word_1_265' title='bbox 748 2462 804 2501; x_wconf 82' lang='lat' dir='ltr'><strong>et</strong></span> <span class='ocrx_word' id='word_1_266' title='bbox 849 2449 1144 2513; x_wconf 78' lang='lat' dir='ltr'><strong>paullinus,</strong></span> <span class='ocrx_word' id='word_1_267' title='bbox 1191 2467 1315 2501; x_wconf 88' lang='lat' dir='ltr'><strong>cum</strong></span> <span class='ocrx_word' id='word_1_268' title='bbox 1370 2448 1659 2520; x_wconf 81' lang='lat' dir='ltr'><strong>prudentia</strong></span> <span class='ocrx_word' id='word_1_269' title='bbox 1700 2467 1890 2502; x_wconf 85' lang='lat' dir='ltr'><strong>eorum</strong></span> 
     </span>
     <span class='ocr_line' id='line_1_35' title="bbox 77 2518 1891 2588; baseline 0.001 -20"><span class='ocrx_word' id='word_1_270' title='bbox 77 2534 238 2569; x_wconf 88' lang='lat' dir='ltr'><strong>nemo</strong></span> <span class='ocrx_word' id='word_1_271' title='bbox 267 2528 522 2582; x_wconf 85' lang='lat' dir='ltr'><strong>uteretur,</strong></span> <span class='ocrx_word' id='word_1_272' title='bbox 554 2519 699 2571; x_wconf 86' lang='lat' dir='ltr'><strong>inani</strong></span> <span class='ocrx_word' id='word_1_273' title='bbox 730 2521 948 2573; x_wconf 85' lang='lat' dir='ltr'><strong>nomine</strong></span> <span class='ocrx_word' id='word_1_274' title='bbox 975 2520 1212 2586; x_wconf 80' lang='lat' dir='ltr'><strong>Ducum,</strong></span> <span class='ocrx_word' id='word_1_275' title='bbox 1235 2519 1425 2582; x_wconf 77' lang='lat' dir='ltr'><strong>alienae</strong></span> <span class='ocrx_word' id='word_1_276' title='bbox 1448 2518 1623 2588; x_wconf 79' lang='lat' dir='ltr'><strong>culpae</strong></span> <span class='ocrx_word' id='word_1_277' title='bbox 1654 2531 1891 2588; x_wconf 77' lang='lat' dir='ltr'><strong>praeten-</strong></span> 
     </span>
     <span class='ocr_line' id='line_1_36' title="bbox 75 2587 1887 2668; baseline 0.002 -29"><span class='ocrx_word' id='word_1_278' title='bbox 75 2587 364 2640; x_wconf 86' lang='lat' dir='ltr'><strong>debantur.</strong></span> <span class='ocrx_word' id='word_1_279' title='bbox 436 2588 664 2641; x_wconf 88' lang='lat' dir='ltr'><strong>Tribuni</strong></span> <span class='ocrx_word' id='word_1_280' title='bbox 703 2589 1172 2668; x_wconf 73' lang='lat' dir='ltr'><strong>Centurionesque</strong></span> <span class='ocrx_word' id='word_1_281' title='bbox 1199 2587 1475 2659; x_wconf 73' lang='lat' dir='ltr'><strong>ambigui,</strong></span> <span class='ocrx_word' id='word_1_282' title='bbox 1498 2589 1663 2658; x_wconf 88' lang='lat' dir='ltr'><strong>quod,</strong></span> <span class='ocrx_word' id='word_1_283' title='bbox 1693 2590 1887 2660; x_wconf 86' lang='lat' dir='ltr'><strong>spretis</strong></span> 
     </span>
    </p>
   </div>
   <div class='ocr_carea' id='block_1_4' title="bbox 1924 426 2015 495">
    <p class='ocr_par' dir='ltr' id='par_1_4' title="bbox 1924 426 2015 495">
     <span class='ocr_line' id='line_1_37' title="bbox 2004 426 2015 443; baseline 0 0"><span class='ocrx_word' id='word_1_284' title='bbox 2004 426 2015 443; x_wconf 67' lang='lat' dir='ltr'>Q</span> 
     </span>
     <span class='ocr_line' id='line_1_38' title="bbox 1924 457 1990 495; baseline -0.091 0"><span class='ocrx_word' id='word_1_285' title='bbox 1924 457 1990 495; x_wconf 75' lang='lat'><strong>70.</strong></span> 
     </span>
    </p>
   </div>
   <div class='ocr_carea' id='block_1_5' title="bbox 75 2727 1887 3046">
    <p class='ocr_par' dir='ltr' id='par_1_5' title="bbox 134 2727 1887 2780">
     <span class='ocr_line' id='line_1_39' title="bbox 134 2727 1887 2780; baseline 0.003 -17"><span class='ocrx_word' id='word_1_286' title='bbox 134 2727 185 2763; x_wconf 85' lang='lat' dir='ltr'><strong>Ut</strong></span> <span class='ocrx_word' id='word_1_287' title='bbox 205 2727 463 2778; x_wconf 74' lang='lat' dir='ltr'><strong>concesserim]</strong></span> <span class='ocrx_word' id='word_1_288' title='bbox 495 2729 593 2777; x_wconf 85' lang='lat' dir='ltr'><strong>Agr.</strong></span> <span class='ocrx_word' id='word_1_289' title='bbox 613 2736 658 2766; x_wconf 80' lang='lat' dir='ltr'><strong>uc</strong></span> <span class='ocrx_word' id='word_1_290' title='bbox 674 2732 935 2777; x_wconf 69' lang='lat' dir='ltr'><strong>consenserim,</strong></span> <span class='ocrx_word' id='word_1_291' title='bbox 1006 2731 1124 2776; x_wconf 79' lang='lat' dir='ltr'><strong>Harl.</strong></span> <span class='ocrx_word' id='word_1_292' title='bbox 1147 2727 1280 2780; x_wconf 76' lang='lat' dir='ltr'><strong>(Bud.)</strong></span> <span class='ocrx_word' id='word_1_293' title='bbox 1302 2731 1416 2768; x_wconf 89' lang='lat' dir='ltr'><strong>Bodl.</strong></span> <span class='ocrx_word' id='word_1_294' title='bbox 1443 2732 1483 2766; x_wconf 88' lang='lat' dir='ltr'><strong>et</strong></span> <span class='ocrx_word' id='word_1_295' title='bbox 1510 2729 1596 2765; x_wconf 87' lang='lat' dir='ltr'><strong>edd.</strong></span> <span class='ocrx_word' id='word_1_296' title='bbox 1625 2730 1801 2777; x_wconf 74' lang='lat' dir='ltr'><strong>(iuaedam</strong></span> <span class='ocrx_word' id='word_1_297' title='bbox 1827 2743 1887 2774; x_wconf 59' lang='lat' dir='ltr'><strong>ref</strong></span> 
     </span>
    </p>

    <p class='ocr_par' dir='ltr' id='par_1_6' title="bbox 75 2779 1887 3046">
     <span class='ocr_line' id='line_1_40' title="bbox 133 2779 1887 2834; baseline 0.003 -18"><span class='ocrx_word' id='word_1_298' title='bbox 133 2781 442 2830; x_wconf 69' lang='lat' dir='ltr'><strong>Obstrictumque</strong></span> <span class='ocrx_word' id='word_1_299' title='bbox 453 2783 603 2819; x_wconf 80' lang='lat' dir='ltr'><strong>meritis</strong></span> <span class='ocrx_word' id='word_1_300' title='bbox 610 2785 693 2819; x_wconf 72' lang='lat' dir='ltr'><strong>suis</strong></span> <span class='ocrx_word' id='word_1_301' title='bbox 706 2780 947 2834; x_wconf 66' lang='lat' dir='ltr'><strong>Principem]</strong></span> <span class='ocrx_word' id='word_1_302' title='bbox 1003 2779 1177 2832; x_wconf 70' lang='lat' dir='ltr'><strong>gibusve&#39;.</strong></span> <span class='ocrx_word' id='word_1_303' title='bbox 1206 2784 1321 2823; x_wconf 80' lang='lat' dir='ltr'><strong>male.</strong></span> <span class='ocrx_word' id='word_1_304' title='bbox 1351 2795 1443 2821; x_wconf 86' lang='lat' dir='ltr'><strong>nam</strong></span> <span class='ocrx_word' id='word_1_305' title='bbox 1461 2786 1501 2819; x_wconf 83' lang='lat' dir='ltr'><strong>et</strong></span> <span class='ocrx_word' id='word_1_306' title='bbox 1519 2781 1636 2819; x_wconf 84' lang='lat' dir='ltr'><strong>urbes</strong></span> <span class='ocrx_word' id='word_1_307' title='bbox 1657 2784 1805 2820; x_wconf 79' lang='lat' dir='ltr'><strong>aemulae</strong></span> <span class='ocrx_word' id='word_1_308' title='bbox 1823 2784 1887 2826; x_wconf 48' lang='lat' dir='ltr'><strong>fug·</strong></span> 
     </span>
     <span class='ocr_line' id='line_1_41' title="bbox 76 2831 1886 2883; baseline 0.002 -13"><span class='ocrx_word' id='word_1_309' title='bbox 76 2831 164 2881; x_wconf 79' lang='lat' dir='ltr'><strong>Ego</strong></span> <span class='ocrx_word' id='word_1_310' title='bbox 187 2834 268 2870; x_wconf 82' lang='lat' dir='ltr'><strong>fere</strong></span> <span class='ocrx_word' id='word_1_311' title='bbox 293 2833 336 2870; x_wconf 62' lang='grc' dir='ltr'><strong>τὸ</strong></span> <span class='ocrx_word' id='word_1_312' title='bbox 361 2834 528 2870; x_wconf 72' lang='lat' dir='ltr'><strong>moribus</strong></span> <span class='ocrx_word' id='word_1_313' title='bbox 556 2832 787 2882; x_wconf 60' lang='lat' dir='ltr'><strong>praefemmi</strong></span> <span class='ocrx_word' id='word_1_314' title='bbox 818 2841 866 2873; x_wconf 85' lang='lat' dir='ltr'><strong>ut</strong></span> <span class='ocrx_word' id='word_1_315' title='bbox 883 2837 950 2882; x_wconf 75' lang='lat' dir='ltr'><strong>sit,</strong></span> <span class='ocrx_word' id='word_1_316' title='bbox 1005 2848 1086 2881; x_wconf 88' lang='lat' dir='ltr'><strong>ere,</strong></span> <span class='ocrx_word' id='word_1_317' title='bbox 1103 2839 1150 2872; x_wconf 91' lang='lat' dir='ltr'><strong>ut</strong></span> <span class='ocrx_word' id='word_1_318' title='bbox 1168 2837 1380 2883; x_wconf 73' lang='lat' dir='ltr'><strong>Carthago,</strong></span> <span class='ocrx_word' id='word_1_319' title='bbox 1406 2839 1447 2872; x_wconf 84' lang='lat' dir='ltr'><strong>et</strong></span> <span class='ocrx_word' id='word_1_320' title='bbox 1473 2837 1615 2883; x_wconf 83' lang='lat' dir='ltr'><strong>Reges,</strong></span> <span class='ocrx_word' id='word_1_321' title='bbox 1636 2839 1683 2872; x_wconf 85' lang='lat' dir='ltr'><strong>ut</strong></span> <span class='ocrx_word' id='word_1_322' title='bbox 1705 2837 1886 2874; x_wconf 79' lang='lat' dir='ltr'><strong>Macedo-</strong></span> 
     </span>
     <span class='ocr_line' id='line_1_42' title="bbox 75 2881 1849 2942; baseline 0.002 -20"><span class='ocrx_word' id='word_1_323' title='bbox 75 2887 145 2934; x_wconf 85' lang='lat' dir='ltr'><strong>qui</strong></span> <span class='ocrx_word' id='word_1_324' title='bbox 170 2897 250 2923; x_wconf 86' lang='lat' dir='ltr'><strong>non</strong></span> <span class='ocrx_word' id='word_1_325' title='bbox 267 2888 438 2923; x_wconf 74' lang='lat' dir='ltr'><strong>venisset</strong></span> <span class='ocrx_word' id='word_1_326' title='bbox 460 2888 509 2922; x_wconf 85' lang='lat' dir='ltr'><strong>ad</strong></span> <span class='ocrx_word' id='word_1_327' title='bbox 531 2889 762 2942; x_wconf 70' lang='lat' dir='ltr'><strong>Imperium,</strong></span> <span class='ocrx_word' id='word_1_328' title='bbox 779 2881 855 2926; x_wconf 75' lang='lat' dir='ltr'><strong>nisi</strong></span> <span class='ocrx_word' id='word_1_329' title='bbox 880 2891 952 2926; x_wconf 66' lang='lat' dir='ltr'><strong>Le«</strong></span> <span class='ocrx_word' id='word_1_330' title='bbox 1007 2890 1105 2926; x_wconf 72' lang='lat' dir='ltr'><strong>nini,-</strong></span> <span class='ocrx_word' id='word_1_331' title='bbox 1136 2890 1312 2936; x_wconf 74' lang='lat' dir='ltr'><strong>praetulit</strong></span> <span class='ocrx_word' id='word_1_332' title='bbox 1327 2893 1460 2929; x_wconf 84' lang='lat' dir='ltr'><strong>tamen</strong></span> <span class='ocrx_word' id='word_1_333' title='bbox 1477 2888 1695 2934; x_wconf 84' lang='lat' dir='ltr'><strong>Broterius.</strong></span> <span class='ocrx_word' id='word_1_334' title='bbox 1740 2891 1849 2927; x_wconf 58' lang='lat' dir='ltr'><strong>Eme.</strong></span> 
     </span>
     <span class='ocr_line' id='line_1_43' title="bbox 76 2936 1884 2994; baseline 0.002 -17"><span class='ocrx_word' id='word_1_335' title='bbox 76 2942 258 2986; x_wconf 64' lang='lat' dir='ltr'><strong>gratorum</strong></span> <span class='ocrx_word' id='word_1_336' title='bbox 292 2944 346 2976; x_wconf 82' lang='lat' dir='ltr'><strong>et·</strong></span> <span class='ocrx_word' id='word_1_337' title='bbox 362 2941 518 2976; x_wconf 87' lang='lat' dir='ltr'><strong>Ducum</strong></span> <span class='ocrx_word' id='word_1_338' title='bbox 548 2941 589 2976; x_wconf 87' lang='lat' dir='ltr'><strong>hi</strong></span> <span class='ocrx_word' id='word_1_339' title='bbox 616 2938 742 2991; x_wconf 64' lang='lat' dir='ltr'><strong>mores</strong></span> <span class='ocrx_word' id='word_1_340' title='bbox 769 2943 950 2989; x_wconf 80' lang='lat' dir='ltr'><strong>fuissent,</strong></span> <span class='ocrx_word' id='word_1_341' title='bbox 1032 2939 1035 2941; x_wconf 79' lang='grc'><strong><em>’</em></strong></span> <span class='ocrx_word' id='word_1_342' title='bbox 1063 2936 1241 2979; x_wconf 76' lang='lat' dir='ltr'><strong>Vacuum</strong></span> <span class='ocrx_word' id='word_1_343' title='bbox 1254 2942 1362 2994; x_wconf 80' lang='lat' dir='ltr'><strong>fuit]</strong></span> <span class='ocrx_word' id='word_1_344' title='bbox 1396 2944 1421 2980; x_wconf 83' lang='lat' dir='ltr'><strong>i.</strong></span> <span class='ocrx_word' id='word_1_345' title='bbox 1448 2954 1483 2979; x_wconf 82' lang='lat' dir='ltr'><strong>e.</strong></span> <span class='ocrx_word' id='word_1_346' title='bbox 1511 2942 1606 2978; x_wconf 80' lang='lat' dir='ltr'><strong>satis</strong></span> <span class='ocrx_word' id='word_1_347' title='bbox 1632 2942 1704 2978; x_wconf 81' lang='lat' dir='ltr'><strong>otii</strong></span> <span class='ocrx_word' id='word_1_348' title='bbox 1729 2943 1807 2980; x_wconf 83' lang='lat' dir='ltr'><strong>fuit</strong></span> <span class='ocrx_word' id='word_1_349' title='bbox 1834 2943 1884 2980; x_wconf 82' lang='lat' dir='ltr'><strong>ab</strong></span> 
     </span>
     <span class='ocr_line' id='line_1_44' title="bbox 77 2993 1884 3046; baseline 0.003 -17"><span class='ocrx_word' id='word_1_350' title='bbox 77 2993 152 3029; x_wconf 79' lang='lat' dir='ltr'><strong>nisi</strong></span> <span class='ocrx_word' id='word_1_351' title='bbox 174 3004 281 3038; x_wconf 89' lang='lat' dir='ltr'><strong>eum,</strong></span> <span class='ocrx_word' id='word_1_352' title='bbox 300 2994 364 3028; x_wconf 81' lang='lat' dir='ltr'><strong>eui</strong></span> <span class='ocrx_word' id='word_1_353' title='bbox 382 2993 503 3030; x_wconf 78' lang='lat' dir='ltr'><strong>malos</strong></span> <span class='ocrx_word' id='word_1_354' title='bbox 520 3004 645 3046; x_wconf 55' lang='lat' dir='ltr'><strong>moyes</strong></span> <span class='ocrx_word' id='word_1_355' title='bbox 666 2999 706 3030; x_wconf 84' lang='lat' dir='ltr'><strong>et</strong></span> <span class='ocrx_word' id='word_1_356' title='bbox 723 2995 952 3046; x_wconf 59' lang='lat' dir='ltr'><strong>improbita-</strong></span> <span class='ocrx_word' id='word_1_357' title='bbox 1005 3000 1167 3032; x_wconf 73' lang='lat' dir='ltr'><strong>externa</strong></span> <span class='ocrx_word' id='word_1_358' title='bbox 1186 2997 1238 3040; x_wconf 82' lang='lat' dir='ltr'><strong>vi,</strong></span> <span class='ocrx_word' id='word_1_359' title='bbox 1259 2999 1303 3032; x_wconf 85' lang='lat' dir='ltr'><strong>ut</strong></span> <span class='ocrx_word' id='word_1_360' title='bbox 1319 2999 1478 3044; x_wconf 83' lang='lat' dir='ltr'><strong>possent</strong></span> <span class='ocrx_word' id='word_1_361' title='bbox 1497 2994 1670 3042; x_wconf 76' lang='lat' dir='ltr'><strong>cogitare</strong></span> <span class='ocrx_word' id='word_1_362' title='bbox 1683 2996 1730 3031; x_wconf 88' lang='lat' dir='ltr'><strong>de</strong></span> <span class='ocrx_word' id='word_1_363' title='bbox 1747 2999 1884 3044; x_wconf 79' lang='lat' dir='ltr'><strong>poten-</strong></span> 
     </span>
    </p>
   </div>
   <div class='ocr_carea' id='block_1_6' title="bbox 0 3046 1885 3096">
    <p class='ocr_par' dir='ltr' id='par_1_7' title="bbox 0 3046 1885 3096">
     <span class='ocr_line' id='line_1_45' title="bbox 0 3046 1885 3096; baseline 0.003 -14"><span class='ocrx_word' id='word_1_364' title='bbox 0 3091 7 3094; x_wconf 26' lang='lat'><em>*</em></span> <span class='ocrx_word' id='word_1_365' title='bbox 75 3049 157 3082; x_wconf 77' lang='lat' dir='ltr'><strong>tem</strong></span> <span class='ocrx_word' id='word_1_366' title='bbox 196 3057 308 3083; x_wconf 75' lang='lat' dir='ltr'><strong>suam</strong></span> <span class='ocrx_word' id='word_1_367' title='bbox 353 3047 549 3094; x_wconf 76' lang='lat' dir='ltr'><strong>imputare</strong></span> <span class='ocrx_word' id='word_1_368' title='bbox 589 3051 760 3095; x_wconf 80' lang='lat' dir='ltr'><strong>possent.</strong></span> <span class='ocrx_word' id='word_1_369' title='bbox 813 3050 950 3091; x_wconf 75' lang='lat' dir='ltr'><strong>GRQN.</strong></span> <span class='ocrx_word' id='word_1_370' title='bbox 1003 3049 1062 3084; x_wconf 80' lang='lat' dir='ltr'><strong>tia</strong></span> <span class='ocrx_word' id='word_1_371' title='bbox 1089 3050 1281 3096; x_wconf 85' lang='lat' dir='ltr'><strong>augenda.</strong></span> <span class='ocrx_word' id='word_1_372' title='bbox 1337 3049 1520 3086; x_wconf 84' lang='lat' dir='ltr'><strong>Imitatus</strong></span> <span class='ocrx_word' id='word_1_373' title='bbox 1555 3052 1615 3085; x_wconf 86' lang='lat' dir='ltr'><strong>est</strong></span> <span class='ocrx_word' id='word_1_374' title='bbox 1642 3046 1801 3087; x_wconf 79' lang='lat' dir='ltr'><strong>Sallust.</strong></span> <span class='ocrx_word' id='word_1_375' title='bbox 1836 3051 1885 3088; x_wconf 84' lang='lat' dir='ltr'><strong>fr.</strong></span> 
     </span>
    </p>
   </div>
   <div class='ocr_carea' id='block_1_7' title="bbox 58 3098 1886 3576">
    <p class='ocr_par' dir='ltr' id='par_1_8' title="bbox 58 3098 1886 3360">
     <span class='ocr_line' id='line_1_46' title="bbox 76 3098 1885 3154; baseline 0.003 -20"><span class='ocrx_word' id='word_1_376' title='bbox 76 3098 222 3135; x_wconf 81' lang='lat' dir='ltr'><strong>Verum</strong></span> <span class='ocrx_word' id='word_1_377' title='bbox 240 3099 380 3135; x_wconf 81' lang='lat' dir='ltr'><strong>vidisse</strong></span> <span class='ocrx_word' id='word_1_378' title='bbox 397 3100 638 3147; x_wconf 75' lang='lat' dir='ltr'><strong>Gronovium</strong></span> <span class='ocrx_word' id='word_1_379' title='bbox 665 3105 774 3148; x_wconf 83' lang='lat' dir='ltr'><strong>puto.</strong></span> <span class='ocrx_word' id='word_1_380' title='bbox 830 3102 950 3154; x_wconf 82' lang='lat' dir='ltr'><strong>quue</strong></span> <span class='ocrx_word' id='word_1_381' title='bbox 1006 3102 1114 3139; x_wconf 82' lang='lat' dir='ltr'><strong>Hist.</strong></span> <span class='ocrx_word' id='word_1_382' title='bbox 1144 3102 1234 3139; x_wconf 82' lang='lat' dir='ltr'><strong>init.</strong></span> <span class='ocrx_word' id='word_1_383' title='bbox 1263 3108 1470 3152; x_wconf 74' lang='lat' dir='ltr'><strong>postquam</strong></span> <span class='ocrx_word' id='word_1_384' title='bbox 1495 3107 1637 3139; x_wconf 79' lang='lat' dir='ltr'><strong>remoto</strong></span> <span class='ocrx_word' id='word_1_385' title='bbox 1663 3108 1767 3139; x_wconf 75' lang='lat' dir='ltr'><strong>metu</strong></span> <span class='ocrx_word' id='word_1_386' title='bbox 1800 3104 1885 3140; x_wconf 82' lang='lat' dir='ltr'><strong>Pu-</strong></span> 
     </span>
     <span class='ocr_line' id='line_1_47' title="bbox 76 3151 1883 3202; baseline 0.004 -15"><span class='ocrx_word' id='word_1_387' title='bbox 76 3151 224 3188; x_wconf 77' lang='lat' dir='ltr'><strong>habent</strong></span> <span class='ocrx_word' id='word_1_388' title='bbox 242 3152 372 3190; x_wconf 86' lang='lat' dir='ltr'><strong>Guelf.</strong></span> <span class='ocrx_word' id='word_1_389' title='bbox 390 3152 477 3190; x_wconf 82' lang='lat' dir='ltr'><strong>edd.</strong></span> <span class='ocrx_word' id='word_1_390' title='bbox 495 3154 647 3191; x_wconf 75' lang='lat' dir='ltr'><strong>Puteol.</strong></span> <span class='ocrx_word' id='word_1_391' title='bbox 667 3155 847 3196; x_wconf 63' lang='lat' dir='ltr'><strong>Beroald.</strong></span> <span class='ocrx_word' id='word_1_392' title='bbox 868 3155 952 3193; x_wconf 88' lang='lat' dir='ltr'><strong>Alc.</strong></span> <span class='ocrx_word' id='word_1_393' title='bbox 1006 3156 1105 3200; x_wconf 80' lang='lat' dir='ltr'><strong>nico,</strong></span> <span class='ocrx_word' id='word_1_394' title='bbox 1139 3157 1359 3192; x_wconf 70' lang='lat' dir='ltr'><strong>simultates</strong></span> <span class='ocrx_word' id='word_1_395' title='bbox 1389 3166 1561 3197; x_wconf 69' lang='lat' dir='ltr'><strong>exercere</strong></span> <span class='ocrx_word' id='word_1_396' title='bbox 1589 3167 1755 3192; x_wconf 78' lang='lat' dir='ltr'><strong>vacuum</strong></span> <span class='ocrx_word' id='word_1_397' title='bbox 1777 3156 1883 3202; x_wconf 80' lang='lat' dir='ltr'><strong>suit.</strong></span> 
     </span>
     <span class='ocr_line' id='line_1_48' title="bbox 58 3202 1886 3258; baseline 0.003 -17"><span class='ocrx_word' id='word_1_398' title='bbox 58 3205 236 3242; x_wconf 65' lang='lat' dir='ltr'><strong>&#39;Meritis</strong></span> <span class='ocrx_word' id='word_1_399' title='bbox 262 3205 367 3244; x_wconf 82' lang='lat' dir='ltr'><strong>Flor.</strong></span> <span class='ocrx_word' id='word_1_400' title='bbox 393 3206 496 3244; x_wconf 78' lang='lat' dir='ltr'><strong>Bud.</strong></span> <span class='ocrx_word' id='word_1_401' title='bbox 514 3206 611 3255; x_wconf 83' lang='lat' dir='ltr'><strong>Agr.</strong></span> <span class='ocrx_word' id='word_1_402' title='bbox 631 3202 729 3243; x_wconf 78' lang='lat' dir='ltr'><strong>edd.&#39;</strong></span> <span class='ocrx_word' id='word_1_403' title='bbox 747 3219 806 3258; x_wconf 66' lang='lat' dir='ltr'><strong>pr.</strong></span> <span class='ocrx_word' id='word_1_404' title='bbox 825 3208 952 3246; x_wconf 86' lang='lat' dir='ltr'><strong>Rhen.</strong></span> <span class='ocrx_word' id='word_1_405' title='bbox 1007 3207 1075 3244; x_wconf 82' lang='lat' dir='ltr'><strong>ubi</strong></span> <span class='ocrx_word' id='word_1_406' title='bbox 1103 3207 1181 3245; x_wconf 83' lang='lat' dir='ltr'><strong>vid.</strong></span> <span class='ocrx_word' id='word_1_407' title='bbox 1210 3209 1318 3244; x_wconf 84' lang='lat' dir='ltr'><strong>Cort.</strong></span> <span class='ocrx_word' id='word_1_408' title='bbox 1336 3208 1445 3244; x_wconf 85' lang='lat' dir='ltr'><strong>Vett.</strong></span> <span class='ocrx_word' id='word_1_409' title='bbox 1465 3208 1593 3244; x_wconf 83' lang='lat' dir='ltr'><strong>Gloss.</strong></span> <span class='ocrx_word' id='word_1_410' title='bbox 1620 3220 1799 3254; x_wconf 75' lang='lat' dir='ltr'><strong>vacuum,</strong></span> <span class='ocrx_word' id='word_1_411' title='bbox 1830 3208 1886 3246; x_wconf 69' lang='lat'><strong>‹17-</strong></span> 
     </span>
     <span class='ocr_line' id='line_1_49' title="bbox 77 3258 1885 3313; baseline 0.003 -20"><span class='ocrx_word' id='word_1_412' title='bbox 77 3269 183 3306; x_wconf 76' lang='lat' dir='ltr'><strong>⁸eqq.</strong></span> <span class='ocrx_word' id='word_1_413' title='bbox 201 3269 348 3295; x_wconf 79' lang='lat' dir='ltr'><strong>omnes.</strong></span> <span class='ocrx_word' id='word_1_414' title='bbox 394 3258 567 3295; x_wconf 72' lang='lat' dir='ltr'><strong>Verbum</strong></span> <span class='ocrx_word' id='word_1_415' title='bbox 586 3260 820 3309; x_wconf 52' lang='lat' dir='ltr'><strong>obstrictum,</strong></span> <span class='ocrx_word' id='word_1_416' title='bbox 849 3262 951 3309; x_wconf 81' lang='lat' dir='ltr'><strong>quod</strong></span> <span class='ocrx_word' id='word_1_417' title='bbox 1006 3275 1139 3313; x_wconf 63' lang='grc' dir='ltr'><strong>καιςον.</strong></span> <span class='ocrx_word' id='word_1_418' title='bbox 1166 3261 1273 3298; x_wconf 70' lang='lat' dir='ltr'><strong>ERN.</strong></span> <span class='ocrx_word' id='word_1_419' title='bbox 1328 3261 1391 3298; x_wconf 86' lang='lat' dir='ltr'><strong>Sic</strong></span> <span class='ocrx_word' id='word_1_420' title='bbox 1412 3266 1475 3306; x_wconf 83' lang='lat'><strong>13,</strong></span> <span class='ocrx_word' id='word_1_421' title='bbox 1493 3266 1533 3297; x_wconf 82' lang='lat'><strong>3.</strong></span> <span class='ocrx_word' id='word_1_422' title='bbox 1562 3261 1700 3310; x_wconf 74' lang='lat' dir='ltr'><strong>quibus</strong></span> <span class='ocrx_word' id='word_1_423' title='bbox 1722 3263 1885 3305; x_wconf 76' lang='lat' dir='ltr'><strong>otiosum</strong></span> 
     </span>
     <span class='ocr_line' id='line_1_50' title="bbox 78 3310 1563 3360; baseline 0.005 -14"><span class='ocrx_word' id='word_1_424' title='bbox 78 3310 237 3347; x_wconf 87' lang='lat' dir='ltr'><strong>solenne</strong></span> <span class='ocrx_word' id='word_1_425' title='bbox 253 3315 313 3347; x_wconf 78' lang='lat' dir='ltr'><strong>est</strong></span> <span class='ocrx_word' id='word_1_426' title='bbox 325 3312 367 3348; x_wconf 86' lang='lat' dir='ltr'><strong>iu</strong></span> <span class='ocrx_word' id='word_1_427' title='bbox 384 3311 584 3354; x_wconf 80' lang='lat' dir='ltr'><strong>benefieiis</strong></span> <span class='ocrx_word' id='word_1_428' title='bbox 601 3324 646 3360; x_wconf 79' lang='lat' dir='ltr'><strong>ac</strong></span> <span class='ocrx_word' id='word_1_429' title='bbox 664 3314 829 3359; x_wconf 86' lang='lat' dir='ltr'><strong>meritis,</strong></span> <span class='ocrx_word' id='word_1_430' title='bbox 849 3316 955 3351; x_wconf 84' lang='lat' dir='ltr'><strong>vide·</strong></span> <span class='ocrx_word' id='word_1_431' title='bbox 1008 3320 1076 3351; x_wconf 75' lang='lat' dir='ltr'><strong>est.</strong></span> <span class='ocrx_word' id='word_1_432' title='bbox 1561 3342 1563 3344; x_wconf 91' lang='lat'><em>-</em></span> 
     </span>
    </p>

    <p class='ocr_par' dir='ltr' id='par_1_9' title="bbox 77 3356 1881 3467">
     <span class='ocr_line' id='line_1_51' title="bbox 77 3356 1881 3422; baseline 0.004 -23"><span class='ocrx_word' id='word_1_433' title='bbox 77 3366 147 3399; x_wconf 80' lang='lat' dir='ltr'><strong>tur</strong></span> <span class='ocrx_word' id='word_1_434' title='bbox 171 3363 271 3402; x_wconf 75' lang='lat' dir='ltr'><strong>hano</strong></span> <span class='ocrx_word' id='word_1_435' title='bbox 289 3356 496 3412; x_wconf 75' lang='lat' dir='ltr'><strong>lectionem</strong></span> <span class='ocrx_word' id='word_1_436' title='bbox 526 3366 735 3414; x_wconf 78' lang='lat' dir='ltr'><strong>peperisse.</strong></span> <span class='ocrx_word' id='word_1_437' title='bbox 767 3369 952 3405; x_wconf 85' lang='lat' dir='ltr'><strong>.Utrum-</strong></span> <span class='ocrx_word' id='word_1_438' title='bbox 1066 3367 1229 3404; x_wconf 72' lang='lat' dir='ltr'><strong>Othonis</strong></span> <span class='ocrx_word' id='word_1_439' title='bbox 1255 3380 1302 3404; x_wconf 84' lang='lat' dir='ltr'><strong>ac</strong></span> <span class='ocrx_word' id='word_1_440' title='bbox 1333 3366 1433 3415; x_wconf 53' lang='lat' dir='ltr'><strong>Via]</strong></span> <span class='ocrx_word' id='word_1_441' title='bbox 1470 3366 1593 3422; x_wconf 70' lang='lat' dir='ltr'><strong>Ryck.</strong></span> <span class='ocrx_word' id='word_1_442' title='bbox 1621 3377 1643 3402; x_wconf 92' lang='lat' dir='ltr'><strong>e</strong></span> <span class='ocrx_word' id='word_1_443' title='bbox 1674 3366 1759 3406; x_wconf 72' lang='lat' dir='ltr'><strong>cod·</strong></span> <span class='ocrx_word' id='word_1_444' title='bbox 1786 3366 1881 3414; x_wconf 82' lang='lat' dir='ltr'><strong>Agr-</strong></span> 
     </span>
     <span class='ocr_line' id='line_1_52' title="bbox 79 3414 1297 3467; baseline 0.004 -16"><span class='ocrx_word' id='word_1_445' title='bbox 79 3426 156 3462; x_wconf 83' lang='lat' dir='ltr'><strong>que</strong></span> <span class='ocrx_word' id='word_1_446' title='bbox 171 3414 334 3454; x_wconf 74' lang='lat' dir='ltr'><strong>verbum</strong></span> <span class='ocrx_word' id='word_1_447' title='bbox 349 3417 492 3458; x_wconf 82' lang='lat' dir='ltr'><strong>bonam</strong></span> <span class='ocrx_word' id='word_1_448' title='bbox 509 3419 744 3457; x_wconf 84' lang='lat' dir='ltr'><strong>sententiam</strong></span> <span class='ocrx_word' id='word_1_449' title='bbox 763 3421 872 3467; x_wconf 77' lang='lat' dir='ltr'><strong>facit,</strong></span> <span class='ocrx_word' id='word_1_450' title='bbox 886 3422 953 3459; x_wconf 88' lang='lat' dir='ltr'><strong>sed</strong></span> <span class='ocrx_word' id='word_1_451' title='bbox 1011 3420 1100 3457; x_wconf 75' lang='lat' dir='ltr'><strong>oth.</strong></span> <span class='ocrx_word' id='word_1_452' title='bbox 1119 3427 1188 3457; x_wconf 81' lang='lat' dir='ltr'><strong>aut</strong></span> <span class='ocrx_word' id='word_1_453' title='bbox 1212 3421 1255 3457; x_wconf 88' lang='lat' dir='ltr'><em>V</em></span> <span class='ocrx_word' id='word_1_454' title='bbox 1250 3422 1297 3458; x_wconf 78' lang='lat' dir='ltr'><strong>it.</strong></span> 
     </span>
    </p>

    <p class='ocr_par' dir='ltr' id='par_1_10' title="bbox 78 3469 1883 3521">
     <span class='ocr_line' id='line_1_53' title="bbox 78 3469 1883 3521; baseline 0.003 -17"><span class='ocrx_word' id='word_1_455' title='bbox 78 3469 247 3505; x_wconf 68' lang='lat' dir='ltr'><strong>moribus</strong></span> <span class='ocrx_word' id='word_1_456' title='bbox 261 3471 541 3508; x_wconf 75' lang='lat' dir='ltr'><strong>venustiorem.</strong></span> <span class='ocrx_word' id='word_1_457' title='bbox 596 3473 705 3510; x_wconf 74' lang='lat' dir='ltr'><strong>ERN.</strong></span> <span class='ocrx_word' id='word_1_458' title='bbox 1059 3473 1215 3510; x_wconf 84' lang='lat' dir='ltr'><strong>Eadem</strong></span> <span class='ocrx_word' id='word_1_459' title='bbox 1255 3473 1345 3510; x_wconf 73' lang='lat' dir='ltr'><strong>illos</strong></span> <span class='ocrx_word' id='word_1_460' title='bbox 1378 3472 1512 3509; x_wconf 81' lang='lat' dir='ltr'><strong>Deum</strong></span> <span class='ocrx_word' id='word_1_461' title='bbox 1546 3471 1624 3521; x_wconf 65' lang='lat' dir='ltr'><strong>offra]</strong></span> <span class='ocrx_word' id='word_1_462' title='bbox 1675 3473 1883 3509; x_wconf 79' lang='lat' dir='ltr'><strong>Facessant</strong></span> 
     </span>
    </p>

    <p class='ocr_par' dir='ltr' id='par_1_11' title="bbox 138 3521 1834 3576">
     <span class='ocr_line' id='line_1_54' title="bbox 138 3521 1834 3576; baseline 0.001 -19"><span class='ocrx_word' id='word_1_463' title='bbox 138 3521 300 3570; x_wconf 63' lang='lat' dir='ltr'><strong>Urbibus</strong></span> <span class='ocrx_word' id='word_1_464' title='bbox 316 3523 577 3576; x_wconf 75' lang='lat' dir='ltr'><strong>Regibusque]</strong></span> <span class='ocrx_word' id='word_1_465' title='bbox 626 3526 737 3565; x_wconf 81' lang='lat' dir='ltr'><strong>MSS.</strong></span> <span class='ocrx_word' id='word_1_466' title='bbox 778 3526 952 3575; x_wconf 82' lang='lat' dir='ltr'><strong>quidam,</strong></span> <span class='ocrx_word' id='word_1_467' title='bbox 1006 3538 1116 3575; x_wconf 84' lang='lat' dir='ltr'><strong>ergo,</strong></span> <span class='ocrx_word' id='word_1_468' title='bbox 1132 3526 1398 3576; x_wconf 79' lang='lat' dir='ltr'><strong>quiTacitum</strong></span> <span class='ocrx_word' id='word_1_469' title='bbox 1418 3525 1620 3575; x_wconf 79' lang='lat' dir='ltr'><strong>inpietatis</strong></span> <span class='ocrx_word' id='word_1_470' title='bbox 1641 3525 1834 3573; x_wconf 62' lang='lat' dir='ltr'><strong>incusant,</strong></span> 
     </span>
    </p>
   </div>
  </div>
 </body>
</html>
