2190 3880
287 147 382 197 136
891 147 1518 202 HISTORIARUM

150 271 688 345 A.,U.insep'ultorum
715 273 919 329 civium
943 276 1248 331 exhorruit.
1274 277 1433 332 laetus
1464 280 1627 344 ultro,-
1663 289 1721 333 et
1743 288 1855 333 tam
1885 281 2110 352 propin·

160 331 264 426 {²⁵}
291 358 416 468 {um
455 345 618 399 sortis
665 345 906 416 ignarus,
952 349 1292 404 instaurabat
1334 368 1547 404 sacrum
1592 351 1715 403 Diis
1739 350 1884 417 ioci.
1961 350 2108 404 Exin

179 413 236 480 ›7‘0
268 412 279 424 ⁹
344 416 563 471 ononiae
589 433 623 470 a
649 415 822 471 Fabio
849 418 1081 474 Valente
1107 421 1473 490 gladiatorum
1515 422 1882 492 spectaculum
1911 422 2112 488 editur,

202 499 264 550 7¹
290 488 523 541 advecto
561 503 632 542 ex
676 489 811 542 urbe
846 488 1019 543 cultu.
1094 492 1432 563 Quantoque
1470 495 1645 564 magis
1686 493 2112 563 propinquabat,

289 566 447 612 tanto
483 560 806 630 conruptius
848 560 968 625 iter,
1022 561 1273 615 inmixtis
1312 563 1670 616 histrionibus
1708 574 1764 614 et
1803 563 2111 634 spadonum

287 629 550 702 gregibus
577 641 633 682 et
654 641 837 683 cetero
866 630 1198 687 Neronianae
1226 634 1364 686 aulae
1392 634 1635 704 ingenio,
1665 651 1897 704 namque
1925 647 1980 686 et
1998 633 2114 686 Ne-

287 715 478 754 ronem
497 702 677 771 ipsum
687 700 941 755 Vitellius
957 702 1318 758 admiratione
1333 705 1662 769 celebrabat,
1678 705 1869 757 sectari
1886 718 2112 757 cantau-

289 780 402 824 tem
430 770 640 836 solitus,
662 787 773 824 non
796 773 1138 840 necessitate,
1164 792 1274 847 qua
1299 775 1715 829 honestissimus
1743 776 1990 846 quisque,
2018 776 2113 829 sed

288 842 425 896 luxu
453 853 510 893 et
540 842 747 912 saginae
776 843 1119 915 mancipatus
1145 859 1490 917 emptusque.
1565 847 1644 900 Ut
1666 847 1883 899 Valenti
1906 861 1962 899 et
1986 846 2119 900 Cae-

290 914 430 966 cinae
461 927 660 965 vacuos
686 913 911 966 honoris
938 931 1150 969 menses
1172 919 1426 988 aperiret,
1452 918 1682 971 coartati
1703 918 1933 970 aliorum
1962 917 2113 970 Con-

291 983 905 1047 sulatuS,=dissimulatus
930 983 1124 1038 Martii
1144 987 1345 1052 Macri,
1374 1001 1647 1059 tamquam
1671 989 2112 1042 Othonianarum

289 1055 529 1125 partium
562 1054 769 1110 Ducis:
799 1068 856 1109 et
880 1056 1160 1110 Valerium
1190 1058 1491 1124 Marinum,
1515 1061 1844 1113 destinatum
1873 1081 1905 1112 a
1932 1059 2115 1113 Galba

292 1123 611 1191 Consulem,
636 1126 870 1192 distulit,
899 1128 1046 1180 nulla
1077 1129 1303 1195 offensa,
1332 1131 1423 1183 sed
1452 1132 1641 1184 mitem
1668 1142 1724 1183 et
1745 1131 2001 1202 injuriam
2030 1149 2115 1184 se-

290 1197 477 1268 gniter
501 1196 757 1252 laturum.
836 1198 1109 1252 Pedanius
1147 1197 1319 1255 Costa
1345 1202 1637 1268 omittitur,
1673 1203 1918 1273 ingratus
1953 1201 2117 1255 Prin-

292 1268 424 1338 cipi,
460 1277 522 1320 ut
548 1268 803 1322 adversus
832 1270 1107 1323 Neronem
1134 1290 1317 1338 ausus,
1343 1285 1398 1326 et
1426 1273 1674 1344 Verginii
1701 1272 2122 1328 exstimulatur:

294 1339 388 1392 sed
417 1338 546 1392 alias
577 1341 805 1410 protulit
830 1358 1068 1395 caussas,
1110 1354 1358 1414 actaeque
1391 1345 1613 1415 insuper
1638 1342 1860 1397 Vitelli-o
1901 1345 2115 1415 gratim,

210 1411 692 1473 72eonsuetudine
732 1412 959 1464 servitii.
1036 1414 1164 1467 Non
1200 1414 1338 1467 ultra
1374 1432 1575 1487 paucos
1607 1415 1741 1479 dies,
1782 1433 2118 1486 quamquam-

294 1480 511 1533 acribus
540 1482 712 1534 initiis
734 1495 1004 1553 coeptum,
1031 1486 1376 1538 mendacium
1400 1487 1584 1538 valuit.
1663 1485 1965 1539 Exstiterat
1992 1487 2114 1556 qui-

293 1552 440 1616 dam,
471 1551 870 1607 Scribonianum
893 1573 944 1607 se
971 1552 1300 1608 Camerinum
1318 1556 1519 1629 ferens,
1547 1555 1959 1622 Neronianorum
1983 1566 2111 1609 tem-

288 1631 476 1695 porum
511 1631 647 1676 metu
678 1624 735 1677 in
762 1624 924 1678 Istria
963 1626 1288 1692 occultatum,
1331 1627 1467 1698 quod
1501 1627 1611 1680 illic
1649 1626 1889 1681 clientelis
1922 1636 1971 1680 et
1996 1628 2116 1699 agri

293 1698 516 1748 veterum
547 1691 848 1748 Crassorum
875 1716 935 1749 ac
962 1698 1181 1750 nomin-is
1197 1696 1369 1772 favor
1398 1699 1657 1754 manebat.
1731 1698 1911 1771 Igitur
1937 1691 2115 1762 deter-

292 1767 436 1819 rimo
462 1782 682 1836 quoque
709 1768 764 1819 in
789 1780 1172 1838 argumentum
1203 1770 1401 1822 fabulae
1419 1771 1740 1841 adsumme,
1778 1769 1970 1840 vulgus
1998 1788 2116 1835 cre-,-

294 1835 485 1889 dulum
511 1843 567 1890 et
590 1838 812 1907 quidam
842 1840 1095 1906 militum,
1122 1859 1300 1894 errore
1327 1842 1458 1905 veri,
1488 1859 1578 1894 seu
1610 1843 1889 1894 turbarum
1913 1841 2115 1907 studiO,

293 1909 546 1961 certatim
573 1909 1046 1981 adgregabantur:
1075 1929 1198 1964 cum
1231 1924 1531 1982 pertractus
1553 1912 1619 1966 ad
1644 1912 1922 1965 Vitellium
1948 1913 2116 1972 interff

295 1990 650 2050 rogatusque,
689 1982 925 2053 quisnam
958 1982 1255 2036 mortalium
1290 1993 1423 2049 esset,
1464 1996 1750 2054 postquam
1781 1982 1926 2036 nulla
1952 1981 2115 2036 dictis

294 2050 450 2116 fideS,
477 2063 532 2103 et
559 2068 591 2103 a
617 2052 842 2106 domino
866 2055 1210 2118 noscebatur,
1238 2055 1554 2108 conditione
1581 2055 1868 2127 fugitivus,
1895 2056 2117 2109 nomine

296 2118 458 2187 Geta,
485 2135 766 2193 sumptum
792 2125 861 2180 de
886 2143 952 2178 eo
982 2125 1312 2198 supplicium
1341 2125 1587 2179 servilem
1619 2127 1672 2179 in
1703 2125 1945 2178 modum.

368 2193 480 2246 Vix
507 2194 773 2247 credibile
794 2210 1096 2250 memoratu
1118 2209 1219 2262 est,
1239 2211 1503 2268 quantum
1522 2197 1790 2268 superbiae
1818 2196 2114 2250 socordiae-

294 2280 402 2336 que
416 2263 638 2318 Vitellio
654 2265 969 2332 adoleverit,
984 2282 1102 2338 post
1149 2286 1269 2320 uam
1292 2269 1700 2339 speculatorese
1718 2269 1875 2338 Syria
1889 2267 1922 2321 J
1933 2268 2116 2320 udaea-

295 2353 422 2404 que,
443 2335 683 2389 adactum
709 2336 767 2390 z'n
791 2337 943 2392 verba
971 2338 1076 2411 ejus
1158 2340 1382 2404 rientem,
1411 2341 1747 2392 nuntiavere.
1824 2338 1987 2403 Nam,
2011 2338 2115 2391 etsi

295 2408 452 2479 vagis
478 2407 658 2460 adhuc
684 2419 740 2461 et
767 2410 988 2462 incertis
1015 2411 1350 2473 auctoribuS,
1388 2426 1503 2462 erat
1533 2422 1713 2463 tamen
1742 2411 1794 2461 in
1824 2427 1918 2462 ore
1944 2408 2118 2462 fama-

294 2489 403 2550 que
429 2478 814 2549 VespasianuS‚
841 2499 906 2534 ac
933 2481 1252 2553 plerumque
1278 2482 1345 2534 ad
1370 2499 1568 2534 nomen
1595 2481 1713 2552 ejus
1740 2480 1990 2532 Vitellius
2014 2498 2117 2533 ex·

295 2550 588 2602 citabatur.
660 2549 803 2604 Tum
837 2552 972 2622 ipse,
1000 2553 1399 2622 exercitusque,
1428 2564 1488 2605 ut
1514 2553 1661 2606 nullo
1702 2551 1920 2615 aemu10,
1955 2553 2116 2604 saevi-

213 2624 280 2673 74
300 2621 394 2686 tia,
443 2621 689 2687 libidine,
743 2635 923 2694 raptu,
966 2624 1022 2676 in
1062 2635 1319 2683 externos
1365 2642 1541 2676 mores
1587 2633 1963 2694 proruperant.
2036 2622 2116 2676 At

294 2693 660 2763 Vespasianus
690 2693 889 2748 bellum
917 2711 1193 2765 armaque,
1221 2707 1274 2748 et
1301 2695 1488 2763 procul
1509 2695 1590 2748 vel
1610 2696 1780 2764 juxta
1802 2695 1932 2746 sitas
1955 2693 2115 2758 vires,

292 2764 809 2835 circumspectabat.
886 2765 1053 2820 Miles
1099 2767 1203 2839 ipsi
1247 2767 1383 2819 adeo
1415 2778 1657 2839 ,paratum
1693 2776 1754 2818 ut
1781 2774 2120 2837 praeeuntem

211 2207 281 2261 73

349 2909 584 2957 Quantoque
595 2908 744 2959 magis]
784 2909 907 2948 Refer
923 2910 973 2947 ad
992 2911 1178 2948 inhuma-
1230 2912 1348 2959 putat
1367 2921 1388 2945 e
1404 2908 1558 2947 duobus
1585 2909 1666 2948 illis
1692 2909 1957 2949 Scribonianis
1981 2907 2118 2946 fratri-

292 2969 388 2998 mm
404 2962 478 2998 iter
494 2972 617 3011 supra
630 2973 664 2999 c.
682 2969 748 3002 70.
778 2964 886 3002 Ean.

348 3014 545 3065 Coartatt']
583 3016 645 3052 Sic
674 3018 803 3054 Rhea.
836 3029 858 3054 e
887 3018 990 3055 Bud.
1023 3017 1176 3055 Puteol.

292 3067 502 3112 cohortati.
535 3069 623 3108 Alc.
649 3071 855 3109 cohortari.
888 3072 950 3109 De
970 3083 1012 3109 re
1037 3072 1124 3122 ipsa
1141 3083 1179 3109 v.

295 3120 484 3169 Ryckius.

343 3175 637 3212 Dissimutmns
652 3177 716 3213 M.
740 3178 892 3227 Macri]
915 3178 1173 3217 scribendum

290 3228 450 3266 videtur
480 3230 629 3267 Martii
655 3230 807 3269 Mauri.
858 3233 962 3271 Nam
995 3233 1052 3269 ita
1083 3244 1173 3269 enm

292 3294 413 3330 supra
451 3283 589 3319 crebro
628 3284 823 3331 nominat,
861 3287 928 3336 qui
962 3287 1175 3323 Praefectus

289 3336 579 3386 gladiatoribus
597 3336 688 3374 fuit.
743 3337 857 3377 Lu’s.
910 3339 965 3377 Et
981 3340 1036 3376 sic
1052 3340 1177 3377 edidit

292 3390 477 3429 Picum.
526 3389 638 3428 MSS.
665 3394 708 3428 et
741 3392 830 3431 edd.
861 3397 997 3431 omnes
1024 3392 1174 3430 Marci.

292 3445 402 3484 BRN.
459 3445 521 3484 Cf.
539 3443 661 3493 'supra
676 3456 711 3481 e.
732 3450 798 3483 23.

342 3499 522 3538 &nbat
544 3504 590 3537 π
620 3500 771 3537 Cmr.
785 3496 938 3549 fierent]
971 3498 1175 3547 Rupe-tus

292 3552 342 3589 ad
369 3550 528 3592 netues.
555 3559 622 3603 tp.
642 3550 710 3592 ⁵38.
741 3550 783 3603 ᾗ).
802 3557 900 3592 192.
934 3561 1061 3592 unum
1088 3564 1174 3591 esse

1232 2965 1322 3009 bus,
1342 2963 1390 2999 de
1407 2963 1553 3013 quibus
1571 2964 1629 3002 Η.
1645 2970 1686 3011 4,
1705 2970 1772 3002 41.

1286 3018 1655 3069 Interrogatus-qne]
1690 3016 1844 3066 Copula
1859 3016 1961 3052 bene
1980 3014 2119 3053 addita

1233 3083 1258 3107 a
1274 3072 1467 3109 Rhenano
1488 3069 1525 3119 (e
1544 3071 1666 3121 Bud.)
1687 3070 1886 3109 consentit
1902 3070 2035 3107 Guelf.
2055 3069 2119 3108 ed.

1233 3138 1295 3174 pr.
1344 3125 1441 3163 Mox
1458 3139 1478 3162 e
1494 3126 1615 3174 Syria
1638 3125 1750 3162 MSS.
1769 3124 1855 3160 edd.
1873 3128 1966 3160 ante
1985 3123 2116 3162 Rheu-

1228 3190 1376 3216 omnes.
1431 3178 1614 3216 Deletam
1642 3179 1694 3215 ab
1722 3180 1808 3227 ipso
1844 3177 1957 3227 (duee
1987 3174 2111 3226 Bud.)

1228 3233 1563 3283 praepositionem,
1585 3244 1670 3281 qnoe
1690 3242 1784 3269 sane
1803 3232 1939 3268 abesse
1963 3233 2112 3278 posset,

1230 3288 1263 3324 si
1274 3286 1367 3322 libri
1385 3287 1670 3333 consentirent,
1686 3286 1866 3323 restituit
1883 3284 2060 3322 Pichena
2073 3284 2114 3335 (e

1229 3337 1367 3388 Flor.).
1423 3340 1531 3377 ERN.

1279 3394 1470 3431 ⁴servilem
1485 3395 1529 3431 in
1545 3393 1718 3444 metum]
1755 3393 1817 3431 Sic
1842 3391 2019 3440 Ryekius
2038 3401 2063 3429 c
2075 3401 2113 3431 c.

1228 3447 1328 3495 Agr.

1282 3500 1342 3538 Et
1363 3500 1521 3550 prome]
1555 3501 1766 3548 copulam,
1801 3511 1827 3536 a
1855 3499 1985 3538 Rhea.
2014 3497 2115 3538 duee

1229 3554 1333 3593 Emi.
1349 3555 1550 3601 omissam,
1566 3555 1745 3593 restituit
1761 3554 1871 3594 Pich.
1886 3565 1908 3591 e
1927 3552 2033 3592 Flor.
2095 3563 2098 3567 ’
