2190 3880
320 134 391 176 90

189 271 241 313 Α.
258 270 309 309 U.
327 247 726 323 Profligaverat
748 248 950 304 bellum
975 251 1012 306 J
1019 253 1270 308 udaicum
1296 254 1691 334 Vespasianum
1728 223 2157 328 'oppugna-tion}

191 327 296 421 3293
327 321 835 394 Hierosolymorum
860 323 1088 395 reliqua,
1115 326 1250 379 duro
1278 329 1452 398 magis
1479 337 1535 379 et
1562 327 1738 380 arduo
1757 346 1939 399 opere,
1961 329 2034 381 ob
2058 328 2143 382 mu

210 438 278 477 ἴθ’
325 437 403 531 iis-
443 467 642 528 virium
693 468 925 520 obsessis
973 469 1042 521 ad
1089 470 1391 523 tolerandas
1433 472 1780 524 necessitates
1820 468 2167 544 superesset:¹

323 538 476 606 Tres,
526 550 589 592 ut
641 546 805 621 supra
848 543 1304 607 >memoravimus,
1358 542 1462 624 ipsi
1513 542 1848 614 Vespasiano
1899 543 2143 615 legiones
2164 559 2177 602 -ζ

280 640 290 650 ν
322 626 498 677 erant,
518 611 943 664 exermtae‘bello
964 633 989 693 :⁶
1015 621 1248 684 quatuor
1273 613 1566 667 Mucianus
1587 611 1873 668 obtinebat
1891 615 1949 668 in
1975 633 2140 687 pace-3

925 107 1546 178 msToRI'ARUM‘

328 395 556 448 ‹renium-
574 396 777 449 monti's
804 406 860 447 et
889 397 1247 466 pervicaciam
1276 399 1696 470 superstitioniS,
1724 405 1891 469 quam
1918 417 2030 472 quo
2057 402 2167 452 sir&

325 685 420 739 sed
447 683 724 737 aemulatio
750 692 807 734 'et
832 686 1084 754 proximi·
1116 686 1388 740 exercitus
1431 686 1606 758 gloria
1646 686 1916 759 repulerat
1961 688 2143 759 segni·
2183 674 2190 726 ἶ

321 757 499 810 tiam:
537 763 912 826 quantumque
938 755 1041 809 illis
1073 759 1281 811 roboris
1310 758 1622 812 discrimina
1647 771 1703 811 et
1729 759 1899 824 labor,
1927 768 2142 814 tantum
2184 763 2190 793 ⁶

326 828 413 882 his
442 827 644 899 vigoris
673 827 952 880 addiderat
979 828 1192 901 integra
1211 831 1362 902 quies
1389 842 1444 884 et
1471 833 1787 903 inexpertus
1816 830 1942 884 belli
1968 831 2140 885 labor:

323 900 532 954 auxilia
559 899 774 969 utrique
813 899 1124 953 cohortium
1153 902 1482 972 ala-rumque,
1511 915 1565 956 et
1598 904 1793 956 classes
1829 903 2141 976 Regesque,

278 983 394 1030 5'ac
421 990 620 1024 nomen
647 971 850 1044 dispari
875 971 1023 1025 fama
1047 974 1293 1027 celebre.
1350 975 1733 1046 VespasianuS,
1760 993 1884 1029 acer
1908 975 2142 1042 militiae,

329 1044 534 1097 anteire
561 1062 776 1116 agmen,
803 1044 984 1097 locum
1014 1046 1202 1099 castris
1229 1064 1440 1118 capere,
1460 1056 1633 1101 'noctu
1662 1048 1866 1120 'diuque
1891 1046 2143 1114 consiliu,

326 1135 411 1181 ac,
439 1116 483 1168 si
512 1134 593 1168 res
623 1129 885 1187 posceret,
914 1137 1076 1171 manu
1109 1119 1357 1171 hostibus
1384 1119 1582 1172 obniti.
1614 1119 2023 1186 ‘cibossfo'rtuitQ
2050 1126 2142 1174 xre-¹

326 1200 410 1241 ste
451 1188 753 1260 habituque
782 1190 876 1242 vix
904 1209 936 1242 a
962 1192 1213 1263 gregario
1239 1191 1413 1244 milite
1446 1192 1789 1262 discrepans:
1812 1195 2068 1265 “prorsuS,
2094 1192 2141 1244 si

318 1261 556 1314 avaritia
594 1263 824 1327 abesset,
852 1262 1090 1335 antiquis
1131 1263 1380 1317 Ducibus
1411 1283 1524 1336 par.
1599 1263 1925 1317 Mucianum
1951 1263 2144 1317 e'cona'

327 1333 494 1386 trario
521 1333 931 1404 magnificentia
955 1351 1010 1388 et
1037 1354 1166 1408 opes
1193 1352 1248 1389 et
1274 1350 1472 1390 cuncta
1501 1337 1775 1409 privatum
1804 1336 2027 1389 modum
2055 1353 2143 1388 su-

326 1423 608 1478 pergressa
633 1405 990 1460 extollebant.
1029 1409 1208 1480 aptior
1234 1410 1487 1476 sermoni,
1516 1409 1785 1482 dispositu
1813 1408 2143 1481 provisuque

324 1593 412 1619 ram
430 1581 837 1631 Pichenae,etfidncioe
853 1581 1095 1620 nominativo
1114 1594 1206 1620 casu

320 1637 503 1685 positum
522 1637 676 1673 statuit.
734 1638 835 1674 Cum
853 1637 925 1674 hoc
944 1638 1066 1674 sentit
1083 1639 1206 1675 Gron.

323 1695 370 1727 et
405 1691 448 1727 in
484 1688 701 1728 subsidium
729 1692 879 1728 Justini
907 1692 1037 1729 locum
1066 1693 1206 1730 adfert.

328 1746 532 1783 Acidalius
550 1745 710 1796 Lipsi03
739 1747 922 1783 Muretus
944 1747 1213 1785 Freinshemio

306 1827 309 1830 -
327 1801 447 1838 favet.
775 1824 777 1826 -

383 1855 674 1904 Profligaverat
703 1854 859 1905 bellum]
925 1854 1064 1892 Paullo
1097 1854 1212 1891 aliter

319 1910 568 1962 profliganda·
603 1909 722 1945 verbo
761 1916 870 1956 usus,
905 1922 1029 1958 quam
1071 1909 1202 1958 plauit

327 1964 482 2011 Agellio
503 1968 566 2010 15,
588 1967 626 2001 5.
659 1964 727 2012 qui
747 1964 789 2000 in
819 1968 904 2001 tota
930 1976 978 2000 ea
999 1975 1042 2001 re
1071 1975 1207 2001 vereor

323 2023 375 2055 -ut
391 2019 559 2067 caliget.
612 2019 667 2056 Ni
693 2019 752 2055 ita
779 2022 863 2066 est;
893 2018 1060 2055 barbare
1086 2018 1207 2055 etiam

326 2073 482 2111 locutus
501 2074 554 2110 sit
582 2072 788 2122 Augustus
808 2074 849 2110 in
881 2074 1090 2123 Ancyrano
1109 2073 1208 2123 lapi-

324 2128 400 2164 de:
430 2138 573 2166 carm.
603 2138 967 2173 PROFIAGATAQUE.
993 2138 1140 2166 OPERA.
1168 2139 1207 2165 A.

326 2193 476 2221 urar..
500 2193 606 2221 Μεο.
634 2193 821 2220 esai-scr.
853 2184 956 2232 quod
985 2182 1208 2231 exemplum

326 2238 454 2286 rigide
472 2242 513 2274 et
541 2249 590 2275 ex
621 2238 813 2274 diametro
831 2249 920 2274 cum
950 2238 1096 2286 Agellii
1113 2241 1209 2276 nota

327 2296 495 2342 pugnat.
532 2293 645 2330 L1Ps.
674 2293 735 2330 Cf.
771 2292 922 2331 Tollius
956 2293 1007 2329 ad
1042 2292 1209 2330 Ausonii

329 2347 538 2384 Mosellam
555 2359 592 2384 v.
610 2351 704 2386 425.

386 2402 443 2439 Ob
462 2402 666 2451 ingenium
681 2401 831 2453 gentis]
864 2402 968 2439 Nam
987 2402 1209 2452 pervicaces

323 2456 478 2494 scilicet
497 2462 538 2493 et
562 2457 697 2493 cedere
724 2458 845 2493 nescii
863 2458 1005 2494 Judaei.
1059 2458 1211 2495 Tamen

319 2511 371 2548 -in
389 2511 492 2548 Flor.
505 2514 577 2555 est,
591 2513 795 2561 ingenium
811 2512 954 2549 montis
966 2525 978 2548 .·
998 2514 1038 2548 et
1051 2512 1209 2558 scimus,

326 2566 602 2615 Hierosolyma
632 2567 674 2602 in
703 2566 826 2603 arduo
855 2566 937 2603 fere
968 2566 1058 2605 sita.
1094 2567 1206 2604 Luvs.

325 2621 480 2659 Montis
498 2620 616 2658 etiam
647 2621 779 2658 Guelf.
799 2633 825 2657 a
840 2633 893 2657 m.
911 2632 971 2669 pr.
991 2625 1033 2657 at
1061 2632 1136 2658 sec.
1156 2632 1208 2657 m.

322 2676 497 2713 correxit
515 2675 636 2714 stulte
664 2678 818 2722 mentis,
848 2676 951 2725 quod
974 2687 1046 2725 pro
1067 2676 1210 2713 montis

324 2731 478 2768 editum
497 2734 557 2767 est
582 2730 623 2766 in
642 2730 703 2768 ed.
737 2742 798 2778 pr.
841 2731 902 2768 Ex
920 2742 966 2767 eo
987 2732 1120 2779 gentis
1150 2730 1208 2766 fa-

326 2792 450 2823 ctum.
506 2785 659 2822 Montis
690 2784 791 2822 bene
842 2785 992 2834 recepit
1023 2785 1208 2822 Pichena.

326 2840 424 2878 Mox
440 2839 525 2877 MS.
546 2840 651 2877 Flor.
671 2852 789 2890 quam
806 2853 893 2890 quo.
930 2840 992 2878 Sic
1012 2842 1052 2877 et
1078 2839 1208 2877 Guelf-

329 2891 466 2943 (Bud.)
487 2894 548 2932 ed.
569 2906 630 2943 pr.
651 2895 756 2932 unde
774 2895 916 2943 recepi.
944 2894 1074 2943 Vulgo
1091 2888 1205 2945 quod.

325 2949 434 2987 ERN.
462 2949 524 2986 Ex
557 2949 661 2986 Bud.
697 2950 836 2987 mentis
864 2950 1082 2986 Rhenanus
1113 2949 1209 2986 fecit

323 3004 467 3051 gentis.
505 3003 644 3040 Paullo
675 3006 769 3040 ante
803 3004 1018 3042 Rhenanus
1051 3002 1208 3041 sublata

326 3061 416 3106 post
438 3057 797 3108 Hierosolymorum
831 3058 1085 3096 distinctione
1121 3069 1208 3095 sen-

323 3122 417 3149 sum
436 3110 637 3148 meliorem
653 3112 774 3149 dedit.

386 3166 438 3215 Ut
455 3177 579 3214 supra
596 3164 910 3216 memoravinms]
941 3165 1033 3205 Vid.
1054 3172 1091 3212 1,
1112 3172 1174 3204 10.

381 3218 612 3271 Mucianus]
635 3221 697 3257 lta
710 3220 857 3268 ubique
870 3222 1123 3271 praepotentis
1136 3223 1209 3258 hu-

321 3274 390 3324 jus
419 3275 586 3311 hominis
607 3286 748 3311 nomen
767 3275 917 3324 scripsi.
973 3276 1097 3313 Graeci
1119 3287 1209 3312 sua-

325 3329 438 3375 dent,
457 3330 525 3377 qui
540 3327 735 3367 Μαυκιανόν
746 3329 966 3377 appellant:
987 3333 1027 3366 et
1045 3330 1208 3378 lapides,

327 3384 371 3421 in
389 3383 533 3432 quibus
548 3385 592 3421 C.
605 3384 748 3429 media,
767 3395 847 3420 non
864 3384 913 3422 T.
935 3395 1089 3433 semper
1106 3384 1207 3421 scul-

326 3442 455 3487 ptum.
482 3442 530 3476 ut
549 3438 591 3475 in
609 3438 677 3475 illo
693 3440 825 3475 Romae
846 3436 926 3489 (ap.
945 3439 1062 3476 Grut.
1077 3450 1118 3487 p.
1137 3444 1207 3483 32,

327 3491 383 3541 6.)
418 3503 454 3531 1..
472 3504 623 3531 ΑΝΝιο.
652 3504 848 3530 mammo.
880 3503 927 3530 Μ.
950 3503 1099 3530 ΝοΝιο.
1119 3503 1206 3530 Μυ-

328 3558 471 3591 οιΑΝο.
500 3559 588 3587 cos.
618 3548 749 3587 Multa
767 3548 887 3587 etiam
917 3548 1035 3596 hujus
1059 3548 1207 3586 mentio

1261 1582 1303 1620 in
1331 1582 1473 1628 Plinio,
1508 1582 1576 1633 qui
1610 1587 1676 1630 12,
1712 1588 1747 1621 1.
1781 1579 1857 1634 (5.)
1886 1582 2083 1621 Licinium
2105 1583 2144 1621 ei

1261 1649 1404 1675 nomen
1422 1637 1545 1684 addit,
1565 1641 1605 1674 et
1622 1635 1786 1681 titulum
1809 1638 1892 1675 fere
1907 1642 1971 1675 ter
1989 1639 2142 1676 Consu-

1259 1693 1322 1730 lis.
1376 1693 1557 1730 Licinias
1573 1692 1789 1730 Mucianus
1817 1698 1876 1731 ter
1901 1692 1986 1732 Cos.
2015 1698 2055 1731 et
2070 1701 2144 1730 mt-

1259 1760 1333 1798 per
1365 1749 1502 1798 Lycioe
1538 1747 1748 1796 provincie
1770 1747 1965 1796 Legata-⁹.
2023 1746 2145 1785 Libro

1265 1809 1333 1848 32,
1366 1806 1402 1838 6.
1438 1799 1536 1852 (21.)
1567 1802 1614 1838 de
1642 1805 1860 1839 ostrearum
1888 1796 2141 1851 praestantia}

1266 1858 1469 1901 Diccmzus,
1489 1856 1634 1905 inquit,
1652 1857 1782 1894 aliena
1810 1857 1967 1906 ling-ua,
1986 1868 2146 1908 queque

1253 1912 1496 1961 peritissima
1524 1911 1641 1960 hujus
1665 1922 1834 1949 censum·
1854 1911 1896 1948 in
1915 1917 2045 1948 nostro
2061 1922 2144 1948 aevo

1249 1965 1359 2015 suit.
1414 1966 1519 2015 Sunt
1550 1977 1645 2015 ergo
1684 1966 1871 2003 Muciam:
1897 1964 2031 2011 verba,
2057 1975 2145 2016 quae

1260 2020 1481 2070 subjiciam.
1536 2019 1592 2056 Et
1617 2031 1718 2069 saepe
1742 2019 1864 2057 alias:
1893 2019 2144 2069 ostenditque

1262 2075 1422 2112 doctum
1450 2076 1495 2110 vet
1523 2073 1693 2112 alterum
1725 2074 1837 2112 velut
1872 2075 2146 2112 Maecenatem.

1260 2130 1375 2166 Lms.
1403 2127 1499 2167 Mox
1515 2139 1586 2177 pro
1602 2129 1798 2178 repulerat
1814 2128 1875 2166 ed.
1903 2140 1965 2178 pr.
1995 2132 2037 2166 et
2053 2127 2143 2166 MS.

1262 2195 1328 2231 ap.
1358 2184 1586 2222 Broterium
1611 2184 1824 2233 depulerat.
1853 2183 2008 2221 melius-
2034 2183 2145 2222 ERN.

1262 2239 1366 2276 Bud.
1385 2238 1594 2287 repulerat.
2048 2252 2052 2258 ·

1316 2293 1378 2330 Et
1395 2293 1619 2341 inexpertus
1637 2290 1725 2328 belli
1749 2290 1874 2342 labor]
1905 2290 2143 2329 Redundaro

1260 2359 1336 2385 vox
1365 2347 1474 2384 labor
1507 2346 1682 2392 videtur,
1717 2349 1760 2382 et
1782 2345 1980 2384 inculcata
2012 2345 2090 2384 huc
2119 2353 2142 2381 e

1261 2403 1393 2452 priore
1410 2412 1538 2438 versu.
1565 2402 1726 2450 Legam,
1742 2405 1779 2437 et
1798 2401 2010 2450 inexpertis
2038 2401 2142 2439 beai.

1259 2459 1328 2496 Ita
1349 2466 1492 2506 supra:
1518 2457 1632 2506 pacis¹
1656 2454 1830 2499 artibus,
1847 2454 1938 2492 belli
1965 2457 2144 2504 inexpers

1260 2519 1341 2550 tus.
1369 2513 1482 2550 Lus.
1509 2511 1640 2547 Labor
1661 2513 1723 2546 est
1752 2508 1923 2546 inlibris
1941 2508 2140 2549 omnibus.

1260 2568 1310 2605 In
1329 2566 1391 2605 ed.
1412 2577 1473 2615 pr.
1490 2564 1551 2602 bis
1577 2563 1708 2614 posita
1733 2575 1808 2602 vox
1835 2563 1944 2601 tabor
1969 2562 2077 2610 fecit,
2093 2566 2142 2602 ut

1261 2620 1495 2659 intermedia
1513 2619 1646 2656 omnia
1657 2618 1948 2657 omitterentur.
1988 2618 2036 2656 In
2054 2611 2143 2657 MS.

1262 2676 1395 2715 Guelf.
1419 2673 1476 2726 (et
1503 2671 1623 2725 Bud.)
1653 2677 1714 2710 est
1742 2674 1950 2723 inexperti,
1967 2677 2014 2711 ut
2034 2673 2142 2713 Flor-

1262 2735 1304 2768 et
1319 2731 1406 2768 edd.
1424 2733 1521 2767 vett.
1535 2733 1628 2766 ante
1647 2729 1775 2767 Rhen.
1793 2728 1902 2766 Ean.
1931 2727 2027 2766 cod.
2045 2725 2143 2776 Agr.

1261 2792 1299 2824 et
1333 2785 1528 2835 inexperti
1560 2784 1650 2822 belli
1685 2783 1844 2828 labores,
1881 2781 1984 2831 quod
2017 2781 2140 2830 Ryck.

1261 2839 1418 2891 probat.
1436 2839 1563 2877 Rhen.
1593 2837 1793 2888 prolabor
1824 2836 1980 2874 volebat
2008 2836 2139 2886 ardor.

1259 2896 1350 2944 Bip.
1385 2894 1526 2943 legunt
1544 2893 1626 2944 *sed
1656 2891 1848 2941 inexperti
1881 2890 1971 2928 belli
2000 2890 2142 2928 labore,

1258 2950 1365 3000 >quod
1384 2949 1543 2998 vulgato
1561 2958 1640 3000 non
1659 2948 1835 2996 praestat.

1314 3006 1391 3050 Ac,
1408 3004 1445 3041 si
1460 3015 1520 3040 res
1538 3001 1599 3052 μ]
1632 2998 1875 3047 conjunctio
1901 3011 1950 3037 ac
1975 3010 2056 3039 non
2081 3002 2143 3036 est

1259 3060 1305 3097 in
1320 3058 1426 3096 Bud.
1444 3061 1486 3094 et
1501 3057 1605 3095 delet
1620 3055 1747 3092 Rhen.

1316 3113 1526 3162 Dispositu
1553 3107 1804 3160 pravamque]
1853 3107 1944 3147 Nou
1979 3119 2139 3158 possum

1262 3168 1326 3206 hic
1354 3162 1499 3210 videre,
1527 3163 1630 3213 quod
1656 3164 1846 3201 Sat-ilius:
1886 3175 1978 3214 very
2006 3168 2142 3212 expert

1263 3224 1307 3260 in
1338 3221 1402 3258 tlte
1436 3220 1621 3258 direction
1646 3218 1728 3256 and
1747 3217 1949 3268 soresiglte
1978 3217 2029 3266 qs
2047 3217 2145 3254 civil

1262 3275 1427 3325 affairs:
1456 3274 1566 3323 quasi
1586 3285 1665 3310 uno
1696 3272 1853 3322 spiritu'
1863 3272 2051 3320 jungeret
2069 3282 2141 3308 au-

1262 3335 1370 3367 ctor:
1408 3329 1596 3377 doeposicu
1617 3329 1850 3378 provisuque
1878 3326 2055 3363 civilium
2081 3338 2141 3364 re·-

1260 3397 1347 3422 rum
1358 3385 1510 3432 peritus
1526 3397 1537 3418 .·
1567 3393 1687 3431 quum
1700 3381 1767 3419 ille
1783 3381 1953 3418 voluerit
1968 3393 1980 3427 ;
2010 3381 2141 3430 aptior

1258 3450 1443 3484 sermone,
1468 3438 1658 3487 dispositu
1687 3436 1932 3486 provisuque,
1964 3435 2136 3484 junctim

1259 3493 1401 3541 accipi,
1437 3504 1523 3541 quae
1567 3502 1725 3545 sensum
1765 3491 1957 3538 impleant
1990 3489 2138 3539 absque

1261 3548 1351 3585 illo:
1379 3548 1559 3584 civilium
1576 3557 1705 3583 rerum
1716 3547 1882 3595 peritus.
1938 3545 2139 3595 Significat
