2190 3880
290 151 390 198 242
889 152 1492 202 HISTORIARUM

159 293 213 334 Α.
230 292 284 332 U.
297 294 427 348 erga
458 275 876 350 Rempublicam
917 282 1230 354 superbum,
1252 281 1725 354 ergaPrincipem
1753 280 2116 336 contumelio·

176 350 269 387 823·
298 357 437 414 sum,
459 350 624 422 quod,
657 350 713 403 in
736 370 894 406 manu
926 372 1019 406 sua
1040 352 1211 427 sitisse
1236 353 1518 424 Imperium
1549 353 1889 426 donatumque
1924 352 1975 405 V
1969 372 2114 425 espa-

165 402 456 498 Αᾶοῗείιιηο,
486 422 754 492 jactabat.
833 424 1088 477 Ceterum
1134 425 1342 478 invidia
1378 425 1434 476 in
1480 426 1725 491 occulto;
1773 426 2012 479 adulatio
2053 425 2112 480 in

297 511 328 545 a
371 506 487 546 erto
514 507 685 547 erant.
737 496 909 549 multo
936 515 1060 550 cum
1087 497 1296 549 honore
1321 496 1611 548 verborum
1639 497 1892 549 Iunciano
1927 497 2115 550 trium-

283 512 472 636 pificina
501 567 569 618 de
592 567 732 619 bello
761 568 907 620 civili
932 568 1090 620 data:
1130 568 1222 620 sed
1259 568 1316 620 in
1357 565 1628 620 Sarmatas
1663 568 1912 637 expeditio
1940 569 2114 641 finge-

300 639 475 690 batur.
516 637 810 691 Adduntur
838 637 1023 691 Primo
1053 639 1285 691 Antonio
1318 637 1646 703 Consularia‚
1673 638 1903 692 Cornelio
1931 639 2113 706 Fusco,

292 717 341 762 et
379 709 542 762 Arrio
588 708 743 774 Varo,
785 709 1047 763 Praetoria
1094 711 1335 783 insignia.
1411 710 1556 764 Mox
1611 710 1761 763 Deos
1807 728 2114 783 respexere.

290 781 493 834 restitui
521 781 723 853 placuit
750 781 1064 851 capitolium.
1114 801 1285 854 eaque
1311 784 1496 836 omnia
1535 781 1780 835 Valerius
1817 781 2114 849 Asiaticae,

293 852 503 905 Consul
540 853 874 924 designatuS,
909 854 1145 907 censuit:
1192 855 1358 907 ceteri
1400 855 1550 908 vultu
1591 872 1890 925 manuque:
1929 855 2112 927 pauci,

290 924 490 994 quibus
518 926 816 996 conspicua
851 925 1110 996 dignitaS,
1137 938 1232 979 aut
1258 927 1540 998 ingenium
1563 927 1875 980 adulatione
1901 927 2113 980 exerci-

289 1007 428 1061 tum,
459 998 780 1067 compositis
820 993 1161 1051 orationibus
1199 999 1662 1052 adsentiebantur.
1737 998 1850 1052 Ubi
1873 999 1944 1052 ad
1971 999 2111 1052 Hel-

288 1067 498 1122 vidium
538 1069 806 1136 Priscum,
835 1069 1136 1124 Praetorem
1174 1071 1553 1142 designatum,·-
1567 1079 1810 1140 ventum,
1839 1071 2110 1145 prompsit

1228 1269 1303 1295 nus
1327 1269 1416 1296 cum
1436 1269 1542 1308 seqq.
1559 1256 1756 1296 omnibus.
1809 1257 1867 1296 At
1893 1256 1955 1297 ed.
1982 1257 2113 1308 prima

1227 1317 1441 1362 ceteraeque
1470 1317 1564 1350 ante
1594 1313 1723 1350 Rhen.
1753 1312 1838 1350 MS.
1864 1312 1962 1361 Agr.
1989 1314 2112 1363 ras-pi·

1226 1379 1308 1406 cere
1323 1369 1564 1417 restituique.
1618 1368 1727 1404 ERN.

1226 1421 1278 1485 id·
1295 1433 1374 1485 non
1401 1422 1520 1461 valet.
1577 1421 1616 1459 Is
1644 1421 1776 1459 dedit:
1804 1433 2014 1472 respexere.
2031 1420 2111 1460 Re·

1224 1481 1421 1576 stifft-eri,
1437 1531 1550 1567 vultu
1565 1528 1772 1581 nutritaque]
1803 1528 1923 1568 Ratio
1942 1529 2111 1568 assenti-

283 1259 395 1295 recta
411 1258 557 1303 essent,
572 1267 734 1306 quaeque
753 1254 933 1303 sentiret,
951 1255 1070 1295 etiam
1083 1269 1173 1295 culn

283 1311 463 1362 periculo
479 1311 631 1348 dicere:
661 1323 751 1348 cum
773 1312 858 1359 jam
886 1312 1039 1349 nullum
1065 1323 1089 1349 a
1107 1313 1174 1349 Vi-

282 1367 396 1405 tellio
430 1366 648 1415 periculum
686 1369 801 1404 esset.
855 1367 962 1403 Ante
1002 1367 1174 1404 Pichena

282 1421 386 1459 bene
417 1421 539 1458 edidit
572 1421 777 1459 Vitellium
806 1431 827 1457 e
856 1421 943 1458 MS.
976 1420 1079 1459 Flor.
1108 1422 1172 1459 cui

282 1476 483 1513 consentit
501 1475 563 1512 ed.
583 1487 646 1524 pr.
694 1476 828 1513 Ceteri
850 1475 958 1521 libri,
978 1487 1074 1524 quos
1094 1477 1171 1514 vidi

283 1533 378 1568 ante
421 1530 528 1569 Pich.
571 1531 819 1568 Vitellianos.
864 1530 974 1569 ERN.
1021 1530 1086 1567 Sic
1131 1534 1172 1570 et

1780 1367 1842 1406 De
1863 1366 2018 1404 Puteol.
2045 1367 2110 1406 ed.
2177 1374 2180 1383 ¹

281 1584 405 1677 Euge
434 1639 530 1678 bello
557 1639 666 1677 civili
691 1638 804 1690 data]
839 1639 926 1677 MS.
952 1638 1056 1677 Flor.
1077 1640 1171 1678 civi-

281 1696 397 1740 lium,
414 1698 461 1730 ut
480 1697 522 1730 et
538 1694 598 1732 ed.
618 1706 678 1742 pr.
697 1695 800 1742 quod
816 1698 1045 1743 corruptum
1063 1695 1170 1733 vide-

280 1755 350 1787 tur
378 1749 572 1787 Pichenae.
622 1750 663 1786 J.
689 1749 911 1786 Gronovius
937 1753 1053 1798 putat
1079 1762 1166 1787 cor-

277 1805 355 1855 rigi
375 1814 489 1854 posse
505 1805 664 1842 civium.
705 1804 864 1842 Bellum
882 1805 1027 1841 citium
1044 1805 1164 1842 etiam

275 1870 313 1896 c.
334 1865 399 1899 ⁶72.
429 1858 568 1896 Tacito
590 1858 842 1896 reddidimus.
888 1858 963 1896 Sed
983 1860 1160 1896 mavult:

274 1914 323 1951 de
340 1914 435 1951 betto
451 1914 560 1951 civili
575 1925 652 1950 non
677 1913 783 1950 data.
801 1913 904 1963 quod
921 1913 1030 1950 nullo
1048 1914 1163 1951 modo

272 1967 436 2016 probari
473 1970 615 2016 potest.
670 1967 791 2013 Nam,
823 1968 905 2005 sive
939 1968 1085 2017 capias,
1115 1969 1163 2006 de

271 2022 379 2060 bello
395 2022 503 2060 civili
520 2034 599 2059 non
619 2022 736 2059 solita
763 2023 864 2069 dari,
882 2024 986 2071 quod
1013 2024 1070 2060 ita
1087 2027 1161 2070 est,

272 2088 398 2127 eoque
415 2077 521 2114 haud
537 2076 654 2114 dubie
682 2078 855 2126 respexit
880 2078 1066 2116 Tacitus:
1095 2078 1162 2115 de-

272 2133 351 2170 erit
377 2131 557 2177 verbum,
576 2132 625 2168 ad
644 2133 747 2180 quod
774 2132 1001 2170 referantur
1020 2134 1162 2170 trium-

265 2187 424 2238 phalia.
478 2187 549 2224 Sin
577 2187 648 2232 sic,
677 2190 726 2223 ut
755 2188 878 2225 Gron.
906 2187 1010 2225 haud
1042 2187 1162 2225 dubie

270 2240 413 2287 voluit,
431 2241 524 2278 data
545 2241 736 2290 triumph.
755 2253 832 2278 non
852 2242 899 2279 de
916 2241 1020 2279 bello
1038 2242 1159 2289 civili,

270 2295 340 2333 sed
358 2295 405 2332 de
427 2295 630 2341 Sarmatis,
648 2299 849 2332 structura
867 2295 1075 2333 verborum
1099 2302 1161 2334 est

269 2349 481 2388 durissima
507 2354 547 2387 et
575 2361 601 2386 a
626 2361 734 2387 more
761 2350 992 2388 Latinorum
1015 2350 1159 2388 abhor-

267 2415 376 2444 rens.
434 2404 578 2442 Sensus
598 2408 681 2441 est:
711 2416 754 2442 re
786 2416 875 2443 vera
902 2405 950 2442 de
977 2404 1082 2442 bello
1102 2406 1158 2442 ci-

268 2459 342 2496 vili
374 2459 467 2495 data
502 2465 610 2505 sunt,
637 2459 704 2496 sed
732 2459 804 2497 sub
833 2462 1028 2508 praetextu
1061 2459 1156 2499 belli

270 2513 480 2552 Sarmatici
507 2514 675 2553 feliciter
700 2514 817 2563 gesti,
834 2517 882 2552 ut
910 2525 962 2552 sc.
984 2515 1069 2552 sine
1097 2527 1159 2551 re-

269 2568 530 2619 prehensione
549 2570 751 2607 darentur.
805 2569 914 2608 ERN.
970 2570 996 2607 J
1004 2596 1013 2606 .
1035 2570 1159 2608 Gron-

269 2624 499 2672 conjectura
529 2624 674 2661 nititur
702 2623 871 2661 lectione
889 2623 972 2662 cod.
992 2623 1096 2662 Flor.
1115 2624 1159 2663 in

269 2689 350 2728 quo
369 2680 429 2715 est
447 2679 636 2716 civilium.

327 2734 379 2770 In
413 2733 620 2771 Sarmatas
645 2732 856 2784 expeditio]
893 2733 994 2775 Quae
1020 2733 1157 2781 fuerit,

269 2799 351 2825 non
377 2787 498 2824 dixit:
527 2799 656 2836 neque
684 2788 835 2826 debuit.
862 2799 953 2826 nam
976 2792 1157 2838 apparet,

270 2843 458 2891 exiguum
487 2842 635 2891 aliquid
663 2842 798 2880 fuisse.
853 2841 986 2893 Atque
1009 2844 1082 2881 hoc
1100 2843 1158 2880 fa-

269 2899 378 2934 ctum
406 2896 560 2946 opinari
587 2897 679 2934 licet
702 2897 788 2945 ipso
815 2896 922 2935 civili
941 2897 1020 2935 isto
1038 2896 1157 2945 bello,

269 2962 359 2987 cum
379 2951 711 2989 Mucianuslento
725 2952 865 2989 itinere
887 2952 931 2989 in
946 2952 1156 2990 Thraciam

269 3008 312 3042 et
329 3005 513 3042 Moesiam
530 3008 651 3044 venit.
699 3007 812 3045 ers.
862 3005 938 3043 Per
957 3006 1155 3046 Sarmatas

268 3059 438 3108 intelligi
453 3061 580 3098 Dacos
597 3061 712 3098 credo
724 3072 813 3099 cum
833 3061 986 3106 Colero,
1002 3061 1156 3099 Grono-

266 3113 347 3159 vio,
365 3114 527 3162 Ryckio,
546 3127 568 3151 e
596 3121 637 3161 3,
656 3119 724 3155 46.
775 3115 1059 3162 Sarmatarum,
1077 3117 1154 3153 Ge-

266 3173 416 3213 tarum,
433 3169 631 3206 Dacorum
649 3170 810 3207 nomina
834 3170 1044 3220 saepissime
1062 3181 1154 3208 con-

266 3222 491 3260 funduntur
525 3225 630 3271 apud
665 3228 829 3270 veteres,
865 3228 1027 3273 propter
1060 3225 1152 3261 vici-

265 3277 388 3315 niam.
443 3277 689 3325 Fingebatur
725 3278 902 3326 intelligo
935 3279 1152 3327 praetende·

264 3331 399 3377 batur,
427 3341 565 3368 caussa
599 3331 899 3369 tribuendorum
929 3333 1150 3382 triumpha-

262 3385 363 3427 lium
381 3385 596 3424 ferebatur.
634 3387 743 3424 ERN.
778 3387 1013 3435 Junguntur
1030 3387 1150 3424 etiam

265 3441 451 3489 Sarmatae
468 3441 646 3490 Dacique
663 3453 698 3479 c.
716 3445 782 3478 54.

317 3495 420 3546 Mos
443 3495 551 3540 Deos·
571 3494 785 3546 respexere]
816 3494 879 3534 Sic
906 3494 1017 3534 MSS.
1045 3494 1150 3533 Flor-

263 3549 367 3591 Eud.
383 3548 515 3591 Guelf.
533 3552 574 3589 et
593 3551 648 3591 sic
661 3550 814 3601 primus
841 3549 962 3590 edidit
989 3547 1150 3592 Rhena-

1225 1584 1316 1621 endi
1339 1585 1380 1621 in
1407 1583 1571 1630 Senatu,
1587 1596 1679 1622 voce
1706 1590 1780 1622 aut
1805 1584 1930 1633 signo.
1987 1584 2109 1635 Signo

1224 1638 1450 1688 dupliciter,
1479 1638 1645 1689 pedibus
1671 1643 1748 1685 aut,
1769 1650 1903 1677 manu.
1957 1639 2106 1679 Pedum

1223 1694 1265 1732 in
1301 1693 1534 1731 discessione
1568 1705 1676 1732 usus.
1731 1694 1876 1732 Manus
1908 1693 2028 1732 etiam
2061 1693 2108 1733 in

1221 1749 1391 1786 sessione
1410 1751 1482 1785 aut
1498 1748 1684 1795 statione,
1701 1760 1792 1786 cum
1809 1760 1857 1786 ea
1874 1750 2106 1798 exporrecta

1219 1803 1487 1852 significarent
1502 1804 1624 1841 talem
1642 1804 1880 1841 sententiam
1903 1814 1944 1840 se
1961 1814 2105 1854 appro-

1216 1856 1324 1897 bare.
1377 1858 1567 1906 Vopiscus
1593 1859 1635 1896 in
1662 1857 1801 1896 Aurel.
1829 1862 1894 1895 20.
1946 1857 2107 1896 Deinde

1216 1913 1309 1950 aliis
1333 1925 1472 1950 manus
1495 1913 1804 1963 porrigentibus,
1823 1913 1917 1951 aliis
1937 1912 2102 1963 pedibus

1216 1967 1257 2004 in
1285 1969 1515 2005 sententiam
1546 1967 1737 2014 carnibus,
1761 1967 1958 2018 plerisque
1991 1967 2101 2006 verbo

1215 2021 1535 2060 consentientibus
1553 2022 1751 2060 conditum
1767 2027 1823 2059 est
1841 2022 1921 2060 Sc.
1955 2020 2104 2060 Seneca.

1215 2087 1280 2125 ep.
1311 2082 1350 2115 8.
1408 2077 1506 2113 Non*
1531 2076 1662 2113 videor
1692 2076 1766 2114 tibi
1789 2077 1884 2126 plus
1906 2076 2102 2127 prodes-se,

1217 2144 1334 2181 quam
1355 2132 1392 2168 si
1421 2131 1464 2168 in
1495 2130 1642 2168 Senatu
1673 2131 1881 2170 candidato
1910 2142 2038 2168 vocem
2061 2136 2102 2168 et

1214 2198 1376 2224 manum
1393 2185 1671 2224 commodarem
1687 2184 1709 2222 ?
1726 2185 1899 2223 Isidorus
1918 2185 2018 2222 hanc
2031 2195 2104 2222 no-

1213 2243 1298 2277 tam
1330 2240 1380 2277 ad
1411 2239 1628 2277 exercitum
1657 2250 1813 2289 quoque
1840 2239 2032 2278 transfert
2062 2243 2102 2286 1,

1215 2299 1281 2332 25.
1325 2295 1418 2332 Mos
1444 2300 1500 2331 est
1525 2295 1727 2340 militaris,
1754 2299 1815 2341 ut,
1838 2295 1986 2346 quoties
2011 2305 2102 2332 con·

1211 2350 1357 2386 sentiat
1384 2349 1589 2392 exercitus,
1617 2348 1710 2399 quia
1737 2360 1824 2387 voce
1852 2361 1930 2387 non
1950 2353 2098 2400 potest,

1210 2415 1331 2449 manu
1342 2404 1564 2453 promittat.
1618 2403 1732 2441 Ln‘s.

1263 2447 1465 2507 Pi·ompsit
1481 2457 1725 2503 sententiam,
1732 2453 1867 2507 salsa]
1895 2455 1983 2495 Aut
1997 2455 2099 2496 mihi

1211 2522 1338 2559 mens,
1355 2515 1428 2549 aut
1444 2511 1536 2548 huic
1551 2510 1637 2549 loco
1655 2509 1806 2560 aliquid
1823 2510 1937 2548 desit.
1985 2510 2098 2558 Quid

1212 2566 1318 2604 enim
1345 2567 1424 2612 hic,
1442 2566 1482 2603 in
1511 2577 1590 2616 quo
1616 2565 1827 2604 Helvidius
1854 2563 2096 2603 offenderit?

1213 2621 1288 2659 Sed
1314 2633 1387 2659 nec
1417 2622 1495 2659 ista
1523 2621 1612 2670 ipsa
1644 2619 1882 2658 sententiola
1914 2619 2094 2670 integra:

1212 2676 1488 2725 scripseritque
1513 2674 1695 2721 Tacitus,
1713 2680 1759 2712 ut
1785 2674 2036 2724 honorificam
2053 2675 2098 2712 in

1212 2730 1352 2770 bonum
1369 2732 1610 2780 Principem,
1633 2731 1693 2767 ita
1709 2729 1947 2767 adutationis
1961 2741 2097 2780 eaper-

1210 2791 1300 2823 tem.
1348 2787 1466 2824 Certe
1489 2783 1711 2822 membrum
1738 2784 1820 2821 tale
1844 2783 2005 2834 aliquod
2033 2794 2096 2822 re-

1210 2841 1336 2888 quiro.
1391 2839 1619 2889 Rodolphus
1636 2839 1742 2877 enim
1764 2849 1844 2876 non
1863 2836 2007 2887 explet,
2027 2838 2097 2887 qui

1209 2895 1328 2944 legit=
1357 2901 1402 2933 ut
1417 2894 1584 2943 honoris.
1602 2894 1644 2931 in
1669 2893 1754 2931 hon.
1778 2893 2016 2942 Principem,
2033 2892 2095 2930 ita

1197 2949 1314 2997 salsa
1332 2950 1502 2988 aberant.
1520 2948 1589 2998 qui
1606 2947 1844 2985 sententiam
1862 2949 2092 2995 sequentem

1209 3004 1391 3042 debilitat
1407 3008 1449 3042 et
1471 3007 1644 3041 enervat.
1701 3003 1812 3041 ers.
1866 3000 2092 3047 Iaeetionem

1208 3058 1296 3097 MS.
1314 3060 1411 3108 Agr.
1430 3056 1602 3107 probant
1618 3057 1779 3095 Grotius
1793 3058 1835 3092 et
1850 3054 2030 3093 Freinsh.
2049 3056 2092 3093 in

1205 3117 1359 3151 textum
1377 3114 1525 3162 recepit
1543 3112 1727 3160 Ryckius.
1781 3109 1903 3159 Lipsii
1932 3109 2092 3159 supple·

1206 3171 1384 3205 mentum
1417 3166 1578 3218 probari
1605 3177 1685 3203 non
1713 3167 1866 3214 potest:
1902 3163 2092 3200 existeret

1206 3223 1310 3260 enim
1330 3218 1565 3270 ταυὰολογία
1581 3232 1590 3258 :
1619 3220 1764 3268 quippe
1773 3218 1891 3268 salsa
1912 3218 2089 3264 aberant,

1205 3277 1305 3317 nihil
1322 3275 1430 3313 aliud
1456 3279 1531 3320 est,
1548 3284 1664 3326 quam
1684 3284 1822 3324 expers
1848 3271 2089 3310 adulationis

1205 3335 1292 3368 erat
1319 3330 1527 3367 sententia.
1581 3329 1683 3366 Nam
1706 3328 1823 3377 falsa
1857 3332 1952 3364 sunt
1980 3326 2088 3374 ficta,

1204 3385 1403 3430 simulata,
1420 3387 1465 3421 ut
1494 3395 1595 3432 saepe
1624 3383 1730 3432 apud
1755 3382 1870 3428 alios,
1891 3393 1979 3431 quoe
2004 3391 2090 3419 ma·

1204 3439 1308 3476 xime
1327 3442 1422 3476 sunt
1438 3438 1481 3476 in
1499 3437 1741 3482 adulatione,
1763 3440 1804 3474 et
1828 3437 1876 3473 de
1892 3435 2088 3474 adulatio·

1204 3492 1322 3531 nibus
1349 3493 1549 3540 dicuntur,
1570 3496 1614 3530 ut
1639 3491 1864 3530 adulatores
1888 3491 1963 3540 ipsi
1979 3489 2088 3539 sal-5⁸⁶

1203 3547 1458 3600 appellantur
1485 3548 1538 3588 A.
1573 3552 1610 3595 l,
1638 3552 1678 3591 7.
1709 3553 1751 3596 3,
1780 3551 1821 3587 3.
1863 3551 1938 3586 etc.
1979 3543 2083 3588 Add.
