2190 3880
334 103 429 147 146
878 90 1540 159 'HISTORIARUM

192 238 245 278 A.
266 220 652 288 U.MucianuS,
678 238 786 276 nou
824 223 919 293 jus
945 235 1039 276 aut
1076 243 1260 277 verum
1307 225 1363 288 *in
1393 226 1823 296 cognitionibUS,
1850 222 1942 276 setl
1972 222 2141 291 solam

199 291 304 381 ³2}
338 291 769 363 magnitudinem
797 312 966 364 opum
993 296 1295 366 spectabat.
1337 299 1534 366 passim
1557 297 1887 350 delationes:
1914 305 1971 346 et
1995 293 2146 347 locu-

225 367 320 436 7ὀ.’
338 363 926 444 Ρίεῐίεείωιιε,ςυίεε]υε
956 365 1011 420 in
1040 365 1279 436 praedam
1309 368 1576 438 conrepti.
1615 387 1739 438 quae
1767 366 1958 441 gravia
1981 376 2146 433 atque

336 433 537 503 intoler
603 444 605 446 ’
703 435 832 491 ,sed
879 436 1201 491 necessitate
1249 454 1520 491 armorum
1565 451 1844 501 excusata,
1883 436 2047 489 etiam
2093 434 2164 484 in-

336 524 477 576 pace
500 524 551 561 m
579 516 583 521 ’
607 518 628 574 J
713 523 775 558 e:
815 506 934 575 ipso
964 506 1318 577 VespasianO,
1345 507 1483 560 inter
1512 509 1668 561 initia
1695 507 1939 578 Imperii„
1961 505 2027 561 ad
2043 506 2150 556 ob-

337 576 587 644 tinendas
615 575 932 646 iniquitates
958 575 1103 630 haud
1133 578 1356 648 perinde
1383 579 1694 631 obstinante
1717 601 1732 634 ς
1771 579 1946 638 donec
1972 574 2151 628 indul-

330 646 804 718 gentiavfortunae
845 657 901 697 et
948 647 1127 716 pravis
1176 648 1450 718 magistris
1494 650 1688 703 didicit
1734 663 2003 717 aususque
2047 657 2149 698 est.

341 718 586 788 Propriis
614 733 833 786 quoque
861 716 1059 786 opibus
1095 716 1390 771 Mucianus
1419 719 1614 772 bellum
1639 720 1810 789 juvit,
1838 715 2016 787 largus
2044 717 2154 786 pri-

340 789 531 852 vatim,
559 787 704 857 quod
753 786 965 840 avidius
994 788 1062 840 de
1089 787 1397 859 Republica
1424 805 1678 843 sumeret.
1756 790 1938 846 Ceteri
1966 785 2153 850 confe-

344 859 630 916 rendarum
675 857 1028 931 pecuniarum
1066 859 1378 930 exemplum
1425 863 1627 915 secuti:
1658 861 1968 922 ,rarissimus
2008 858 2155 928 quis-

262 936 330 984 85
348 948 453 1001 que
478 929 704 986 eandem
736 929 788 980 in
822 929 1175 999 reciperando
1214 929 1488 983 licentiam
1533 932 1860 986 habuerunt.
1931 927 2157 981 Accele-

345 1014 464 1055 rata
515 1000 734 1057 interim
783 999 1104 1071 Vespasiani
1146 1013 1352 1071 coepta,
1394 1001 1599 1072 Illyrici
1642 1003 1915 1056 exercitus
1956 999 2158 1063 studi0,

346 1071 666 1142 transgressi
696 1071 749 1122 in
782 1083 980 1141 partes,
1049 1069 1242 1141 ‘Tertia
1270 1071 1411 1142 legio
1446 1074 1759 1145 exemplum
1784 1071 1976 1134 ceteris
2009 1070 2160 1122 Moe-

340 1144 442 1199 siae
470 1142 778 1213 legionibus
817 1142 1071 1214 praebuit.
1149 1141 1362 1195 Octava
1385 1157 1502 1196 erat
1537 1163 1600 1199 ac
1649 1144 1880 1216 septima
1905 1140 2162 1195 Claudia-

346 1233 437 1278 na,
463 1214 671 1266 inbutae
714 1211 901 1265 favore
940 1211 1198 1277 OthoniS,
1228 1215 1475 1283 quamvis
1507 1214 1703 1285 proelio
1744 1233 1852 1267 non
1882 1211 2160 1274 interfuis-

351 1295 490 1336 sent.
563 1282 875 1353 Aquileiam
924 1301 1244 1354 progressae,
1297 1287 1648 1355 proturbatiS,
1695 1286 1787 1355 qui
1830 1282 2163 1339 defOthone

350 1355 700 1422 nuntiabant,
723 1354 1078 1425 laceratisque
1107 1355 1338 1420 vexillis„
1367 1375 1564 1413 nomen
1599 1355 1797 1413 Vitellii
1825 1353 2161 1426 praeferenti-

349 1428 474 1491 buS,
516 1438 674 1496 rapta
714 1437 989 1495 postremo
1033 1427 1261 1495 pecunia
1297 1439 1354 1478 et
1388 1427 1531 1480 inter
1575 1446 1631 1479 se
1672 1427 1865 1491 divisa,
1893 1423 2165 1486 hostiliter

350 1507 596 1570 egerant.

342 1638 346 1640 ⁷
403 1642 476 1679 Ad
489 1640 711 1678 obtinendas
722 1632 947 1690 iniquitates
958 1639 1067 1678 haud
1070 1640 1233 1690 perinde

350 1694 555 1744 obstinato]
588 1695 720 1731 Placet
748 1695 842 1730 satis
870 1694 1142 1731 Florentinum
1171 1694 1233 1731 ob-

348 1751 532 1787 stinante.
589 1748 652 1786 Sic
670 1748 776 1784 enim
794 1748 958 1784 Plautus
975 1747 1112 1786 Aulul.
1131 1753 1171 1793 2,
1188 1754 1230 1794 2,

353 1809 419 1843 89.
449 1804 503 1840 Id
519 1803 661 1848 inhiat,
681 1814 726 1838 ea
744 1800 972 1849 affinitatem
1000 1802 1101 1839 lianc
1117 1803 1234 1839 obsti·

351 1859 461 1897 navit
475 1858 628 1907 gratia.
649 1855 848 1892 Caeterum
866 1855 1031 1892 obtinere
1050 1857 1237 1906 iniquita-

352 1916 443 1956 tem,
462 1915 510 1946 ut
531 1909 713 1948 Ciceroni
741 1920 813 1957 pro
842 1908 1034 1949 Quinctio
1063 1914 1132 1956 23,
1162 1922 1237 1946 nou

351 1965 408 2000 ad
423 1964 666 2002 obtinendum
683 1963 939 2008 mendacium,
952 1964 1022 1999 sed
1035 1963 1090 2000 ad
1106 1975 1238 2001 verum

347 2018 609 2067 probandum,
639 2017 912 2058 auctoritatem
937 2016 1137 2064 aeifjuvoee.
1181 2018 1237 2055 Et

353 2072 525 2120 Philipp.
567 2071 752 2116 secunda,
790 2075 828 2108 2.
865 2076 997 2108 contra
1034 2071 1238 2119 injuriam,

352 2138 472 2178 quam
490 2126 562 2163 iste
590 2125 850 2162 intercessoris
879 2125 1116 2174 iniquissimi
1133 2125 1240 2164 bene·

342 2180 445 2230 ficio
479 2180 657 2216 obtinuit.
687 2179 824 2215 GRON.
857 2177 1082 2216 Obstinante
1116 2179 1237 2216 etiam

353 2233 445 2272 MS.
466 2234 565 2281 Reg.
594 2231 690 2280 Agr.
725 2230 838 2281 (Reg.
869 2229 984 2281 Lau.)
1015 2236 1056 2268 et
1089 2233 1148 2270 ed.
1175 2244 1236 2282 pr.

354 2286 482 2324 intell.
498 2299 551 2326 Se·
590 2287 790 2334 Recepere
809 2284 980 2333 Ryckius
999 2289 1040 2321 et
1055 2286 1095 2323 J.
1115 2287 1238 2324 Gron.

344 2351 453 2388 ⁴quos
490 2340 669 2377 imitatus
703 2350 803 2378 sum.
873 2338 1016 2386 Vulgg.
1052 2342 1093 2376 et
1126 2339 1239 2381 MSS.

354 2393 472 2432 Harl.
490 2393 603 2430 Bodl.
622 2397 664 2430 et
682 2393 784 2429 alius
804 2393 1008 2438 obstinato,
1020 2393 1123 2441 quod
1142 2405 1236 2430 sane

354 2448 559 2494 usitatius,
578 2458 743 2495 eamque
771 2446 820 2483 ob
839 2457 1017 2482 caussam
1036 2452 1235 2484 servatum

353 2502 551 2540 Broterio.
587 2502 695 2541 ERN.
739 2501 795 2541 Et
809 2500 1004 2543 Pichenae.
1044 2501 1149 2539 Bud.
1166 2507 1237 2541 aut

350 2569 423 2606 per
439 2557 519 2595 vim
536 2555 737 2593 obstinate.

410 2610 609 2658 Largitur-⁵·
631 2610 837 2658 priuatim,
866 2608 971 2657 quod
1003 2607 1158 2646 avidius
1192 2608 1238 2646 de

356 2664 456 2713 Rep.
485 2663 666 2712 sumeret]
699 2664 774 2699 Pro
801 2662 977 2710 largitu-5
1005 2662 1109 2703 Flor.
1138 2662 1236 2710 Agr.

358 2717 482 2767 (Bud.
502 2719 602 2765 Reg.
622 2715 739 2766 Lau.)
761 2714 892 2753 Guelf.
914 2715 1000 2752 edd.
1019 2726 1154 2753 omnes
1172 2728 1243 2754 an·

355 2775 397 2812 te
415 2771 599 2809 Rhenani
617 2771 843 2816 secundam,
861 2771 1003 2818 largus
1015 2783 1029 2806 .·
1057 2780 1130 2807 nec
1147 2771 1242 2817 scio,

355 2826 462 2863 unde
488 2826 664 2873 largitus
689 2825 852 2862 ductum
882 2823 947 2860 sit.
1002 2824 1164 2871 Vereor,
1189 2836 1238 2861 ne

356 2880 407 2916 sit
439 2890 646 2930 operarum
677 2877 925 2927 depravatio:
957 2889 1075 2926 quam
1103 2882 1238 2921 tamen

355 2945 490 2971 omnes
509 2936 647 2981 postea
674 2933 798 2969 secuti
818 2935 929 2969 sunt.
987 2933 1126 2980 Itaque
1155 2933 1236 2970 lar-

353 3000 435 3036 gas
464 2999 554 3024 cum
580 2989 620 3024 J.
654 2986 853 3024 Gronovio
879 2986 1051 3023 restitui.
1108 2986 1237 3023 Hein-

355 3041 438 3077 sius
464 3041 632 3089 putabat
657 3041 865 3088 legendum
893 3040 1035 3087 largus
1054 3041 1236 3087 privati:

354 3095 458 3142 quod
492 3094 621 3141 placet
648 3094 809 3142 Ryckio.
863 3093 935 3130 Vir
952 3094 1088 3130 doctus
1118 3095 1159 3131 in
1178 3095 1239 3131 ed.

352 3148 507 3195 Gryph.
546 3148 657 3197 (item
700 3145 901 3196 Muretus)
936 3148 1099 3195 corrigit
1137 3160 1235 3197 quo.-

357 3202 461 3250 quod
479 3202 575 3238 mihi
605 3203 732 3250 magis
751 3203 894 3250 placet.
951 3202 1150 3242 Privatim
1177 3207 1237 3238 est

355 3256 404 3292 de
423 3267 514 3292 suo:
546 3256 609 3292 cui
627 3255 726 3292 bene
747 3255 962 3303 opponitur
978 3268 998 3291 e
1017 3255 1116 3304 Rep.
1163 3256 1237 3301 Sed

355 3309 454 3347 illud
475 3309 620 3357 ipsum,
648 3310 749 3356 quod
785 3310 831 3344 de
863 3320 934 3344 suo
961 3308 1136 3354 dederat,
1156 3321 1237 3349 nou

355 3363 496 3401 sumsit
527 3363 679 3399 avidius
705 3363 751 3399 de
782 3363 881 3408 Rep.
929 3363 1054 3398 Immo
1083 3367 1171 3410 post
1189 3364 1236 3399 de

354 3416 514 3469 publico
534 3417 590 3454 {ta
605 3417 716 3454 avide
735 3416 891 3463 sumsit,
903 3419 951 3453 ut
968 3416 1042 3453 hac
1060 3415 1107 3461 de
1125 3428 1237 3453 caus·

671 1495 833 1551 Unde
861 1507 1057 1562 metuS,
1085 1507 1141 1549 et
1185 1514 1254 1549 ex
1284 1509 1433 1550 metu
1472 1498 1792 1553 consilium:
1832 1515 1982 1568 posse
2015 1496 2178 1573 inpu-¹

1287 1653 1331 1678 sa
1361 1642 1407 1678 de
1433 1654 1505 1680 suo
1533 1643 1668 1690 largus
1697 1641 1819 1680 fuisse
1843 1639 2060 1683 videretur,
2089 1648 2167 1685 quo

1286 1700 1432 1744 posset,
1451 1708 1539 1733 cum
1560 1695 1688 1746 specie
1704 1696 1852 1744 aliqua,
1877 1697 1992 1730 tanto
2013 1689 2167 1728 avidius

1285 1751 1332 1786 de
1361 1751 1468 1800 Rep.
1487 1761 1655 1787 sumere.
1698 1747 1808 1788 ERN.
1849 1747 2013 1786 Manem
2047 1745 2168 1797 etiam

1287 1817 1362 1854 quo
1383 1815 1472 1841 cum
1493 1804 1656 1842 Lallem.

1345 1859 1591 1895 lem-issimus
1600 1856 1775 1909 quisque]
1797 1856 1906 1894 Male
1922 1853 2036 1892 MSS.
2050 1851 2169 1890 Harl.

1289 1907 1567 1949 Bodl.'Guelf.
1595 1912 1681 1949 edd.
1709 1909 1863 1948 Puteol.
1881 1909 1974 1948 Ber.
2003 1906 2171 1944 Alc.·ca-

1289 1966 1480 2016 rissimns.
1537 1967 1646 2004 ERN.
1691 1963 1929 2003 Emendavit
1971 1961 2101 2000 Rhea.
2146 1970 2169 1995 e

1289 2019 1392 2056 Bud.

1351 2072 1605 2121 Transgressi
1660 2072 1703 2108 in
1743 2067 1894 2122 pernes]
1956 2069 2175 2109 Rhenanus

1298 2125 1412 2177 (duce
1428 2126 1550 2176 Bud.)
1573 2125 1718 2163 delevit
1732 2124 1981 2174 transgressi.
2023 2121 2173 2171 Abesse

1291 2191 1404 2230 posse
1422 2180 1551 2218 credo.
1580 2180 1647 2216 sed
1675 2178 1768 2227 quia
1783 2189 1918 2216 omnes
1935 2188 2010 2214 scr.
2026 2180 2068 2213 et
2085 2175 2174 2212 edd.

1291 2238 1384 2272 ante
1397 2233 1560 2279 habent,
1572 2233 1823 2271 retinendum
1842 2235 1960 2281 puto:
1981 2230 2178 2268 restituit-

1293 2300 1370 2336 que
1388 2288 1572 2326 Pichena.
1589 2289 1710 2338 ,Erum
1733 2287 1790 2324 Et
1801 2287 1893 2334 jure
1919 2285 2076 2334 quidem
2093 2295 2175 2320 me-

1292 2343 1462 2390 ritoque.
1516 2342 1593 2379 Ast
1627 2340 1807 2378 Freinsh.
1841 2339 1998 2376 volebat
2031 2338 2173 2375 studio.

1292 2396 1554 2444 Trans-gressa
1571 2396 1614 2431 in
1636 2407 1680 2443 p.
1699 2395 1817 2430 tercia
1844 2399 1919 2430 etc.
1951 2393 2084 2440 Atque
2116 2391 2171 2427 sic

1288 2450 1330 2485 in
1349 2449 1431 2485 cod.
1463 2449 1561 2496 Agr.
1581 2459 1622 2484 se
1651 2447 1845 2484 invenisse
1874 2449 2046 2484 testatur
2067 2447 2169 2492 Ryc-

1290 2503 1385 2540 liius-
1397 2506 1437 2539 et
1454 2500 1697 2551 comprobat.
1985 2522 1987 2527 ·

1349 2557 1482 2594 Tertia
1515 2555 1636 2606 legio]
1679 2554 1784 2592 Bua.
1809 2551 2079 2591 tertiadecima
2114 2551 2168 2587 le-

1324 2623 1373 2648 ιο.

1289 2622 1322 2659 g
1344 2663 1612 2708 Proeurbatis,
1643 2662 1713 2712 qni
1739 2660 1785 2698 de
1821 2656 1986 2708 othone]
2018 2657 2065 2695 ld
2093 2662 2170 2702 est,

1295 2718 1436 2766 spretis
1466 2717 1716 2764 rejectisque,
1735 2714 1803 2763 qui
1831 2713 1981 2750 victum
2010 2722 2100 2748 eum
2130 2717 2171 2749 ct

1293 2771 1436 2810 vixisse
1452 2770 1648 2808 dicebant.
1677 2768 1780 2818 quod
1796 2766 2007 2805 Suetonius
2018 2764 2118 2802 dixit
2136 2777 2172 2804 c.

1291 2829 1330 2863 6.
1346 2826 1495 2864 rumori
1524 2836 1585 2861 eos
1609 2835 1686 2860 mm
1704 2822 1908 2859 credidisse
1922 2833 1935 2855 .-
1964 2823 2012 2857 ut
2038 2818 2168 2856 solent

1290 2879 1483 2924 homines,
1517 2877 1560 2915 in
1594 2888 1703 2925 spem
1737 2886 1847 2913 suam
1883 2873 2011 2923 proni.
2056 2874 2170 2910 Lxrs.

1289 2934 1397 2976 Ante
1419 2933 1513 2980 jam
1545 2936 1632 2980 post
1656 2930 1882 2980 Aquileiam
1908 2938 1999 2964 cum
2021 2926 2170 2974 Ryckio

1291 2991 1331 3024 et
1347 2988 1386 3024 J.
1404 2989 1527 3024 Grou.
1546 2984 1774 3022 auctoribus
1785 2982 1890 3020 mor.
1904 2981 2004 3028 Agr.
2022 2981 2086 3016 ed.
2106 2991 2168 3027 pr.

1290 3041 1431 3081 delevi.
1458 3041 1567 3079 Eas.
1594 3039 1751 3076 Bud.et
1764 3037 1891 3075 Rhea.
1905 3033 2169 3082 habentjam.

1292 3095 1354 3132 Sic
1373 3099 1415 3131 et.
1430 3095 1520 3134 Put.
1537 3093 1624 3131 Alc.

1350 3149 1532 3192 Veia-illis,
1567 3157 1701 3185 nomen
1740 3142 1894 3183 Vitellii
1932 3139 2078 3190 presi]
2116 3139 2167 3177 V.

1291 3203 1398 3251 Lips.
1420 3201 1470 3237 ad
1498 3205 1539 3245 3,
1567 3204 1635 3236 31.
1669 3198 1781 3236 ERN.
1826 3197 1887 3235 Ex
1915 3196 1955 3232 h.
1982 3193 2011 3231 1.
2039 3197 2168 3241 patet,

1285 3256 1369 3303 jam
1391 3258 1478 3291 tum
1493 3254 1692 3291 Romanos
1719 3250 1903 3288 habuisse
1921 3247 2067 3286 vexilla
2083 3251 2170 3285 tex-

1290 3309 1393 3353 tilia,
1411 3307 1516 3356 quod
1531 3311 1573 3343 et
1597 3306 1676 3343 Dio
1693 3306 1823 3343 firmat
1841 3307 1911 3348 40,
1932 3307 1994 3340 18.
2017 3300 2087 3339 ubi
2105 3311 2170 3338 ve·

1289 3363 1418 3399 lorum
1435 3361 1579 3398 similia
1597 3371 1680 3396 esse.
1693 3359 1832 3397 tradit.
1859 3357 1922 3395 Cf.
1939 3355 2089 3406 Cuperi
2106 3365 2171 3405 ep.

1290 3417 1340 3454 ad
1359 3414 1553 3466 Spei-ling.
1574 3414 1616 3452 in
1634 3414 1783 3452 mutuis
1801 3423 1841 3450 n.
1857 3416 1924 3450 49.
