2190 3880
253 159 352 206 ³94

784 153 839 202 C.
872 152 1259 206 CORNELIUS
1292 155 1585 209 TACITUS-

255 289 408 334 creto
452 280 571 336 lacu
617 278 872 334 abluitur.
947 280 1101 335 Servi
1145 281 1487 353 ministrant3
1526 304 1660 357 quos
1701 287 1884 342 statim
1921 288 2067 347 idem

258 352 408 407 lacus
459 353 659 407 haurit.
730 350 978 407 Arcanus
1023 354 1154 408 hino
1201 367 1372 411 terror
1408 370 1702 430 sanctaque
1740 361 2068 431 ignorantia,

176 426 392 496 41.quid
422 425 493 480 sit
528 424 679 488 illud,
704 425 852 495 quod
888 434 1102 479 tantum
1147 426 1368 497 perituri
1410 428 1614 481 vident.
1691 429 1763 484 Et
1802 432 1921 487 haec
1946 435 2069 506 qui-

257 498 382 550 dem
437 515 558 570 pars
606 496 1010 561 Suevorum.in
1049 497 1340 550 secretiora
1387 498 1699 555 Germaniae
1753 506 2067 578 porrigitur.

253 568 493 652 Propior
530 574 634 637 (ut,
659 587 770 640 quo
798 566 960 620 modo
996 567 1178 638 paullo
1204 581 1330 623 ante
1358 569 1634 636 Rhenum,
1660 572 1740 625 sic
1782 591 1927 628 nunc
1955 577 2069 632 Da·

252 642 484 695 ‚nubmm
512 643 726 712 sequar)
759 638 1270 693 Hermundurorum
1299 641 1511 708 civitaS,
1540 644 1647 697 fida
1670 643 1952 712 Romanis,
1977 666 2070 701 eo-

254 720 361 786 que
387 714 513 769 solis
543 713 940 766 Germanorum
971 730 1077 764 non
1109 711 1162 764 in
1203 713 1321 784 ripa
1350 716 1876 780 commercium‚2sed
1916 720 2070 790 peni-

255 799 361 851 tus,
400 798 562 854 atque
615 784 669 836 in
725 782 1160 854 splendidissima
1207 784 1444 840 Rhaetiae
1492 788 1788 860 provinciae
1832 790 2065 845 colonia.

254 857 455 930 passim
482 867 538 908 et
582 856 698 907 sine
723 855 950 907 custode
979 867 1292 911 transeunt:
1331 871 1404 923 et,
1431 877 1554 912 cum
1584 861 1775 914 ceteris
1809 864 2066 933 gentibus

252 948 404 982 arma
427 926 592 982 modo
616 938 1113 998 castraque‘nostra
1150 930 1517 997 ostendamuS,
1542 931 1628 985 his
1664 933 1861 986 domos
1889 934 2065 988 villas·

250 1019 359 1070 que
401 998 776 1072 patefecimuS,
818 1017 928 1052 non
968 1001 1501 1072 concupiscentibus.
1557 1001 1621 1056 In
1667 1002 2065 1060 Hermunduris

250 1072 408 1126 Albis
448 1071 638 1137 oritur,
665 1071 869 1124 flumen
897 1071 1146 1124 inclitum
1174 1083 1230 1127 et
1259 1085 1446 1128 notum
1475 1074 1642 1141 olim3
1680 1094 1825 1129 nunc
1855 1090 2065 1133 tantum

164 1145 487 1206 42auditur.
559 1143 737 1197 Juxta
771 1142 1189 1197 Hermunduros
1232 1145 1466 1211 Narisei,
1507 1165 1571 1201 ac
1609 1148 1805 1202 deinde
1844 1149 2067 1204 Marco·

249 1218 435 1285 manni
468 1227 526 1269 et
553 1215 734 1275 Quadi
763 1228 952 1286 agunt.
1029 1216 1317 1289 Praecipua
1341 1218 1861 1275 Marcomannorum
1889 1217 2064 1293 gloria

247 1289 517 1362 viresque,
546 1301 710 1360 atque
746 1287 864 1358 ipsa
889 1289 1055 1342 etiam
1098 1290 1269 1355 sedes,
1306 1290 1473 1362 pulsis
1501 1291 1628 1345 olim
1667 1292 1840 1359 Boiis,
1868 1295 2070 1348 virtute.

247 1373 426 1444 parta.

504 1360 624 1416 Nec
673 1360 887 1416 Narisci
917 1360 1171 1421 Quadive
1192 1362 1547 1434 degenerant.

1623 1363 1809 1436 anue
1837 1365 2066 1420 Germa*

244 1446 356 1494 111ae
389 1432 535 1488 velut
576 1432 726 1486 frons
762 1444 862 1499 est,
902 1443 1170 1506 quatenus
1207 1433 1468 1489 Danubio
1510 1438 1834 1509 protegitur.
1910 1436 2065 1492 Mar-

247 1584 458 1625 simulacro
488 1586 582 1625 Deae
606 1585 670 1623 hic
699 1584 872 1635 cogitare
900 1596 971 1624 nos
994 1584 1129 1635 jubet,

247 1643 364 1692 idque
382 1641 538 1679 credere
555 1641 726 1690 lapidem
751 1641 926 1690 nigrum,
945 1641 1061 1690 quale
1077 1641 1131 1679 si·

246 1708 369 1746 gnum
399 1698 493 1735 Deoe
509 1695 770 1734 Pessinuntiae
795 1695 887 1733 fuit.
929 1695 1131 1738 Quorsum

245 1751 408 1790 Tacitus
426 1750 652 1797 addidisset,
666 1750 698 1788 si
717 1749 874 1787 credere
891 1749 1016 1788 velis?
1038 1762 1130 1790 nam

247 1806 361 1855 signa
389 1807 565 1844 Deorum
594 1804 719 1851 ablui,
739 1805 1000 1843 notissimum.
1052 1807 1131 1844 Pu-

245 1860 388 1900 tabant
416 1860 603 1899 Germani
630 1860 755 1910 ipsam
787 1860 927 1905 Deam,
947 1871 1036 1909 quae
1066 1871 1131 1897 ac-

248 1915 429 1953 cessisset
456 1914 655 1960 mortales,
689 1915 800 1952 velut
830 1914 1008 1965 sordibus
1038 1915 1130 1953 inde

249 1972 454 2018 susceptis,
472 1969 647 2019 purgari.
679 1969 788 2007 Infra
803 1980 874 2018 pro
901 1969 999 2019 quid
1010 1970 1064 2008 sit
1081 1971 1132 2009 it·

247 2025 318 2063 Iud
336 2025 420 2064 MS.
438 2025 573 2063 Turio.
591 2024 689 2075 quid
711 2026 766 2062 sit
782 2022 836 2060 id.
881 2024 1014 2062 Placet
1029 2025 1131 2062 Bro-

245 2078 363 2126 terio,
381 2079 451 2130 qui
469 2084 509 2117 et
529 2079 569 2116 in
587 2082 740 2116 textum
767 2078 928 2127 recepit.
985 2077 1066 2129 (Sic
1088 2083 1130 2118 et

246 2131 356 2183 Bip.)
393 2135 470 2173 Sed
486 2132 650 2172 auribus
676 2133 773 2171 meis
793 2133 930 2170 durius
958 2137 1018 2171 est
1035 2134 1132 2187 quid

245 2188 299 2226 sit
331 2189 388 2236 id,
421 2190 538 2242 quod,
571 2186 705 2226 malim
741 2189 845 2226 illud
884 2187 1019 2227 deleri.
1073 2189 1128 2227 Et

246 2242 334 2281 aliis
363 2255 518 2295 quoque
548 2247 726 2281 veterum
766 2243 1002 2292 scriptorum
1033 2243 1128 2281 locis

245 2299 375 2396 {aperi
401 2298 644 2350 pronomina
675 2297 757 2335 haec
789 2297 987 2335 inculcata
1029 2309 1127 2337 esse.

289 2361 361 2391 RN.

190 2408 201 2422 ⁰
300 2405 414 2445 Servi
455 2403 699 2456 nmini-strant]
743 2404 820 2443 Ed.
878 2404 975 2445 Nor.
1026 2404 1128 2443 male

249 2459 386 2501 Saevi.

301 2515 673 2554 Hermundurorum
687 2511 843 2564 civitas]
875 2513 979 2552 Fuso
1002 2513 1051 2550 de
1067 2514 1128 2552 his

246 2569 288 2608 in
307 2570 461 2609 Notitia
487 2568 858 2608 Hermundurorum
879 2574 918 2606 8.
950 2568 1130 2607 Norimb.

254 2630 375 2665 1793.

299 2679 440 2730 quue
454 2678 549 2716 sotis
569 2676 718 2730 Geram]
752 2678 841 2718 Ms.
854 2677 991 2717 Turio.
1010 2688 1130 2728 eaque

244 2734 331 2773 sola
351 2734 398 2772 G.
452 2734 562 2773 ERN.
959 2765 961 2767 .

302 2788 463 2826 Colonia
487 2789 641 2838 passim
662 2789 747 2827 sine
774 2785 943 2838 custode]
975 2786 1128 2825 Distin-

245 2854 340 2892 gue,
357 2843 520 2880 colonia.
549 2843 701 2893 passim
721 2842 976 2881 sinezmtode
1000 2848 1131 2879 trans-

244 2903 352 2936 eunt.
411 2897 530 2939 Quod
559 2898 633 2943 ait,
651 2897 735 2935 sine
766 2897 951 2934 custode:
980 2907 1130 2934 morem

245 2952 393 3000 ingerit
431 2963 565 2990 rarum
603 2954 644 2988 et
680 2951 908 2990 notabilem.
960 2950 1130 2988 Romani

245 3006 352 3044 enim
370 3006 412 3042 in
428 3006 556 3044 limite
576 3006 735 3056 Imperii
751 3006 823 3043 hoe
837 3004 1061 3052 servabant,
1082 3008 1128 3042 ut

244 3064 452 3099 externum
471 3060 667 3098 neminem
696 3060 953 3105 admitterent
975 3061 1127 3108 a'ccipe-

244 3117 398 3161 rentve,
431 3115 508 3153 nisi
553 3115 715 3153 custode
749 3115 842 3152 dato
887 3118 928 3155 et
975 3114 1127 3152 arbitro

242 3170 458 3207 actionum.
511 3169 640 3207 Discis
663 3181 712 3208 ex
731 3170 803 3207 hoc
828 3170 926 3215 loco,
945 3172 988 3206 et
1008 3168 1063 3206 H.
1085 3174 1127 3215 4,

242 3227 312 3261 64.
345 3223 416 3261 ubi
430 3223 532 3260 acris
564 3224 724 3272 querela
742 3225 789 3261 de
807 3225 879 3262 hac
902 3236 945 3262 re
964 3225 1128 3261 Germa·

244 3289 401 3324 norum,
419 3278 467 3315 ad
497 3277 646 3315 Ubios:
679 3279 790 3319 Nam
820 3280 875 3316 ad
899 3280 1002 3316 laune
1023 3278 1127 3317 diem

230 3335 410 3382 flumina
440 3345 488 3370 ac
514 3338 638 3370 tem-as
668 3339 706 3370 et
741 3332 1018 3384 quodammodo
1050 3344 1125 3370 coe·

242 3389 326 3426 lum
360 3388 488 3437 ipsum
513 3387 730 3425 claueerant
759 3387 946 3433 Romani,
975 3391 1019 3423 ut
1045 3386 1124 3424 col-

243 3442 377 3492 loquio
407 3453 705 3492 congressusque
737 3448 885 3480 nostros
921 3446 1094 3478 arcerent
1108 3453 1121 3477 .·

241 3498 315 3541 vel,
333 3497 436 3547 quod
447 3497 756 3535 contumeliosius
768 3502 824 3534 est
841 3495 935 3534 viris
948 3495 1004 3532 ad
1012 3506 1125 3532 arma

241 3552 360 3596 natis,
379 3552 542 3589 inermes
566 3564 615 3589 ac
636 3564 757 3601 prope
776 3552 874 3588 nudi
899 3550 970 3587 sub
1000 3554 1124 3587 custo·

243 3605 289 3642 de
319 3611 357 3643 et
380 3607 507 3655 pretio
549 3607 752 3645 eoiremus.
807 3605 862 3644 Et
889 3604 932 3645 in
958 3615 1122 3655 respon·

1183 1597 1228 1624 so
1276 1583 1629 1638 Agrippinensium
1666 1591 1733 1627 65.
1784 1587 1895 1637 ‚Sint
1912 1595 1915 1598 '
1935 1594 2066 1627 trans·

1183 1642 1264 1679 ἱιιιε
1292 1641 1534 1688 incustoditi,
1560 1643 1629 1682 sed
1654 1643 1791 1682 diurni
1820 1649 1860 1682 et
1886 1643 2063 1683 inemnes.

1182 1695 1263 1732 fuit
1295 1696 1443 1747 alioqui
1461 1700 1503 1735 et
1531 1698 1612 1735 alia
1637 1698 1904 1736 Romanorum
1931 1699 2066 1736 cautio

1184 1749 1226 1790 in
1245 1750 1318 1788 hac
1332 1763 1391 1798 re,
1410 1762 1460 1789 ne
1478 1755 1694 1793 conventus
1712 1751 1906 1790 haberent
1931 1763 2067 1801 suspe-

1182 1805 1240 1843 cti
1268 1806 1421 1856 populi,
1449 1807 1526 1844 nisi
1554 1811 1663 1844 certo
1691 1806 1777 1847 loco
1801 1811 1843 1844 et
1873 1816 2063 1846 numero:

1183 1860 1302 1909 idque
1318 1872 1448 1899 coram
1465 1861 1597 1911 aliquo
1615 1862 1808 1901 Romano.
1854 1861 2068 1910 Fragmen-

1183 1921 1270 1953 tum
1286 1916 1426 1955 Dionis
1444 1917 1633 1955 LXXIII.
1664 1916 1751 1966 (72,
1779 1914 1833 1966 2.)
1883 1917 2065 1955 eommo-

1182 1969 1256 2007 dus
1276 1981 1413 2019 pacem
1446 1971 1736 2010 Marcomannis
1763 1975 1805 2008 et
1823 1971 1975 2012 Quadis
1999 1967 2068 2008 de-'

1181 2024 1256 2070 dit,
1274 2025 1342 2062 sed
1359 2037 1447 2063 cum
1476 2026 1578 2076 lege,
1597 2026 1660 2063 Ne
1676 2038 1776 2076 soepc
1799 2030 1872 2063 aut
1883 2025 2067 2076 plur-ihm

1183 2079 1280 2117 locis
1296 2086 1499 2118 conventus
1519 2081 1699 2119 haberent
1713 2094 1726 2117 .-
1752 2079 1867 2118 ’luz'
1897 2077 2006 2127 Exn}
2032 2076 2066 2118 ἔν

1184 2130 1332 2184 ἱκέτην
1349 2133 1449 2183 μηνὶ,
1480 2135 1545 2172 καὶ
1563 2134 1596 2177 ἔς
1615 2133 1727 2172 *ὅπου
1743 2131 1819 2179 ἵνα,
1837 2132 2064 2188 ἑκατοντάρ-

1181 2202 1258 2237 χου
1275 2187 1552 2237 τινόςῬωμιιόν
1561 2187 1761 2243 rugimus:
1791 2188 1865 2226 Sed
1884 2189 2002 2227 semel
2021 2189 2066 2228 iu

1180 2254 1315 2281 mense
1335 2243 1540 2281 dumtaxat
1560 2247 1601 2280 et
1619 2244 1662 2283 in
1683 2254 1764 2281 uno
1774 2247 1881 2282 certo
1893 2242 1993 2290 1000,
2007 2242 2067 2282 id-

1180 2307 1260 2346 que
1272 2298 1514 2338 centurione
1527 2298 1661 2348 aliquo
1670 2299 1848 2337 Romano
1860 2302 2067 2347 prasente.

1183 2351 1296 2389 Lies.
1323 2353 1478 2403 Copula
1493 2359 1546 2399 et,
1564 2364 1588 2390 a
1604 2353 1774 2391 Pichena
1796 2364 1819 2390 e
1839 2356 1936 2390 vett.
1954 2351 2067 2391 libris

1182 2405 1330 2452 addita,
1350 2411 1410 2443 est
1426 2411 1467 2443 et
1495 2407 1537 2445 in
1565 2407 1700 2445 Turio.
1725 2406 1810 2445 MS.
1840 2407 1937 2444 Mox
1959 2406 2064 2446 idem

1181 2459 1283 2497 liber
1318 2472 1354 2498 c.
1388 2467 1519 2500 nostra
1550 2461 1860 2499 commendamus
1890 2461 1952 2500 his
1984 2464 2064 2500 etc.

1183 2513 1349 2557 Colonia
1364 2515 1527 2561 Rhaetiae
1556 2527 1666 2565 proV.
1686 2518 1853 2564 putatur
1877 2525 1961 2552 esse
1978 2518 2070 2554 Au·

1182 2575 1322 2617 gusta,
1339 2580 1458 2617 quam
1481 2569 1599 2619 vulgo
1628 2569 1916 2608 Vindelicorum
1933 2569 2069 2620 appel-

1184 2623 1284 2660 lant.
1311 2624 1420 2662 Eme.
1449 2625 1602 2676 Copula
1632 2629 1669 2662 et
1686 2624 1795 2661 deest
1813 2624 1856 2662 in
1872 2623 1933 2662 ed.
1950 2625 2066 2663 Rom.

1182 2677 1323 2716 Norib.
1339 2679 1467 2717 Rhen.

1237 2733 1330 2771 Non
1364 2730 1734 2784 concupiscentibus]
1776 2731 1897 2771 Refer
1922 2732 1973 2770 ad
2007 2732 2064 2780 id,

1184 2788 1287 2836 quod
1317 2788 1485 2833 dixerat,
1504 2787 1597 2824 fidos
1632 2787 1820 2826 Romanis
1850 2797 1934 2824 esse
1960 2787 2068 2826 Her-

1184 2843 1422 2888 munduws.v
1469 2842 1617 2880 Scimus
1650 2853 1733 2887 eos,
1771 2841 1925 2879 etiamsi
1958 2841 2067 2880 vide·

1184 2897 1268 2933 rint
1317 2901 1467 2943 nostra,
1516 2899 1652 2934 tamen
1708 2896 1841 2934 fideles
1904 2907 2066 2935 mansu·

1184 2963 1264 2997 ros,
1301 2963 1374 2991 nec
1408 2963 1470 2998 ea,
1506 2962 1594 3000 quoe
1628 2950 1813 2998 viderint,
1846 2950 2066 3000 cupitur-os.

1182 3006 1294 3044 Ean.

1236 3059 1388 3096 Notum
1403 3057 1512 3110 olim]
1546 3058 1664 3100 Quod
1676 3059 1843 3097 Romani
1859 3058 1935 3108 ipsi
1947 3058 2067 3096 vidis·

1168 3119 1284 3160 cent,
1303 3114 1591 3162 cognovissent,
1610 3122 1700 3152 cum
1729 3113 1998 3162 expeditiones
2020 3112 2064 3150 in

1181 3180 1247 3206 eas
1267 3169 1445 3217 regiones
1471 3171 1661 3217 susceptae
1684 3171 1816 3206 essent
1841 3167 1916 3206 sub
1931 3168 2066 3206 Druso

1181 3226 1223 3260 et
1238 3223 1342 3260 aliis.
1365 3223 1449 3260 MS.
1466 3223 1599 3269 Turio.
1616 3235 1769 3262 novum.
1797 3222 1905 3261 ERN.
2057 3241 2063 3255 .-

1234 3276 1417 3327 Narisci]
1450 3277 1512 3315 Ita
1536 3276 1578 3314 in
1609 3276 1824 3326 Capitolini
1852 3276 1909 3314 M.
1933 3275 2064 3313 Anto.-

1177 3332 1274 3369 nino
1296 3343 1331 3370 c.
1359 3337 1425 3369 22.
1455 3331 1665 3368 dicuntur:
1694 3330 1903 3369 Ptolemae
1934 3334 1975 3375 2,
1998 3333 2062 3368 11.

1175 3383 1383 3439 Οὔαρον-σι’.
1412 3386 1525 3423 le’s.
1551 3385 1601 3424 In
1626 3385 1710 3422 cod.
1727 3385 1967 3434 August-ano
1985 3384 2063 3422 Ca·

1178 3440 1335 3488 pitolini
1370 3440 1539 3478 Varistoe
1560 3439 1760 3478 dicuntur.
1815 3438 1936 3488 Apud
1963 3437 2066 3476 Dio·

1180 3506 1269 3532 nem
1290 3494 1331 3530 in
1349 3494 1547 3543 excerptis
1569 3493 1653 3545 (71,
1670 3491 1753 3543 21.)
1785 3489 2001 3547 Nagara-af.-

1232 3549 1420 3588 Danubio
1446 3547 1698 3599 praetexitur]
1731 3547 1908 3597 Scriptus
1942 3545 2061 3592 liber.

1168 3604 1394 3655 peragitur.
1452 3602 1574 3643 Male.
1598 3631 1601 3634 ⁴
1626 3602 1818 3650 Quidam,
1843 3601 2060 3652 pergitur.-
