2190 3880
315 135 382 180 50
905 128 1507 181 HISTORIARUM

184 271 235 308 A.
252 259 595 324 U.pererant.:
635 253 726 307 sed
753 262 877 308 ante
902 255 1103 310 bellum
1121 256 1392 310 centurias
1418 266 1631 309 tantum
1659 274 1777 310 suas
1805 265 2115 326 turmasque
2186 248 2190 260 ²

189 325 291 414 1132}-
320 335 609 379 noverant:

661 327 932 379 exercitus
976 327 1176 380 finibus
1217 329 1616 399 provinciarum
1652 328 2112 380 discernebantur.

206 401 272 470 7⁸0.
292 399 436 450 ‘tum
474 397 726 450 adversus
751 397 1038 452 Vindicem
1064 410 1359 452 contractae
1399 399 1659 470 legiones,
1697 417 1862 468 seque
1896 409 1950 450 et
1981 398 2113 451 Gal-

318 467 416 521 lias
457 480 718 550 expertae,
758 487 998 538 quaerere
1037 487 1216 522 rursus
1256 487 1422 534 arma,
1473 488 1747 539 novasque
1785 469 2111 522 discordias:
2182 507 2190 511 -

316 557 418 592 nec
444 558 620 605 soch,
648 551 708 593 ut
733 541 883 605 olim,
912 541 1003 593 sed
1028 540 1202 606 hosteS,
1223 550 1270 594 et
1293 542 1446 592 victos
1471 542 1756 594 vocabant.
1796 540 1914 593 Nec
1933 539 2115 592 deerat

319 629 443 681 pars
458 610 921 682 Galliarum,quae
949 610 1206 665 Rhenum
1234 611 1448 675 accolit,
1465 613 1680 664 easdem
1708 623 1885 683 partes
1912 622 2112 676 secuta,

316 701 381 736 ac
398 694 512 735 tum
528 683 788 735 acerrima
803 682 1114 754 instigatrix
1131 684 1382 736 adversus
1403 682 1705 735 Galbianos,
1732 684 1838 736 hoc
1853 683 1998 734 enim
2019 701 2113 734 no·

316 771 461 819 men,
487 752 730 806 fastidito
758 753 1006 819 Vindice,
1036 755 1357 807 indiderant.
1406 753 1584 824 Igitur
1611 755 1873 824 Sequanis
1895 753 2114 806 AEduis-

314 843 421 894 que
439 844 503 878 ac
518 824 731 890 deinde,
750 835 913 895 prout
928 825 1204 896 opulentia
1221 825 1534 878 civitatibus
1557 837 1688 890 erat,
1705 825 1920 892 infensi,
1942 843 2116 896 expu-

317 895 602 966 gnationes
628 895 863 961 urbium,
902 896 1279 968 populationes
1306 914 1577 967 agrorum,
1613 909 1800 969 raptus
1838 897 2115 968 penatium

314 967 608 1020 hauserunt
622 968 803 1020 animo
822 988 835 1020 :
865 985 1025 1038 super
1045 967 1329 1020 avaritiam
1352 980 1406 1020 et
1428 968 1818 1039 adrogantiam,
1839 969 2117 1039 praecipua

315 1038 636 1094 validiorum
673 1039 824 1103 vitia,
850 1039 1195 1092 contumacia
1219 1038 1501 1092 Gallorum
1539 1041 1762 1106 inritati,
1805 1039 1920 1110 qui,
1944 1039 2115 1092 remis-

313 1128 422 1162 sam
466 1109 565 1163 sibi
613 1129 648 1162 a
694 1108 873 1163 Galba
910 1119 1149 1182 quartam
1195 1110 1500 1163 tributorum
1532 1120 1762 1181 partem,
1797 1129 1876 1164 eos
1911 1109 2119 1181 publice

314 1181 595 1247 damnatos,
631 1181 687 1235 in
711 1181 1328 1253 ignominiameaeercitas,
1358 1182 1662 1253 jactabant.
1734 1182 1983 1235 Accessit
2006 1181 2115 1236 cal-

315 1252 423 1306 lide
451 1252 751 1325 vulgatum,
780 1265 979 1307 temere
1014 1254 1298 1319 creditum,
1324 1254 1580 1306 decantari
1615 1253 1829 1324 legiones
1864 1262 1912 1306 et
1939 1271 2116 1323 prom-

307 1324 594 1395 ptissimum
641 1343 879 1396 quemque
931 1324 1289 1378 Centurionum
1346 1325 1553 1378 dimitti.
1615 1325 1855 1395 undique
1907 1337 2114 1378 atroces

314 1396 513 1462 nuntii,
534 1395 751 1449 sinistra
773 1415 843 1450 ex
866 1398 999 1450 urbe
1031 1396 1208 1462 sama;
1245 1395 1457 1449 infensa
1484 1397 1859 1468 Lugdunensis
1884 1396 2118 1461 colonia,

317 1479 391 1532 et,
442 1467 705 1538 pertinaci
756 1485 854 1538 pro
904 1468 1122 1522 Nerone
1168 1467 1294 1534 fide,
1340 1467 1572 1521 fecunda
1610 1468 1933 1520 rumoribus.
2009 1467 2116 1520 Sed

317 1539 552 1611 plurima
573 1539 642 1593 ad
669 1539 984 1610 fingendum
1012 1539 1444 1610 credendumque
1478 1540 1726 1592 materies
1765 1540 1821 1592 in
1860 1539 1989 1610 ipsis
2026 1557 2118 1591 ca-

247 1650 259 1655 -
320 1622 462 1676 striS,
489 1611 636 1677 odio,
662 1625 830 1676 metu,
856 1622 929 1677 et,
956 1611 1050 1664 ubi
1084 1611 1219 1663 vires
1258 1628 1379 1663 suas
1416 1621 1781 1682 respexerant,
1808 1611 2116 1664 securitate.

235 1687 304 1735 52
322 1682 436 1736 Sub
474 1683 616 1753 ipsas
655 1683 944 1753 superioris
979 1682 1105 1736 anni
1146 1682 1268 1735 Kal.
1298 1682 1626 1736 Decembres
1651 1680 1821 1735 Aulus
1847 1682 2119 1748 Vitellius,

320 1753 632 1808 inferiorem
684 1754 1032 1810 Germaniam
1073 1754 1362 1824 ingressuS,
1408 1754 1635 1806 hiberna
1674 1753 1947 1824 legionum
1990 1772 2116 1807 cum

320 1843 452 1878 cura
489 1825 713 1878 adierat.
751 1825 947 1879 redditi
979 1825 1244 1896 plerisque
1281 1825 1513 1889 ordineS,
1551 1825 1772 1879 remissa
1796 1824 2116 1896 ignominia,

314 1897 576 1951 adlevatae
604 1909 782 1950 notae:
823 1897 976 1968 plura
1006 1897 1322 1964 ambitione,
1349 1897 1599 1968 quaedam
1628 1895 1873 1968 judicio:
1913 1897 1969 1948 in
1995 1897 2115 1967 qui-

314 2040 513 2101 Vertrap.)
542 2040 804 2088 scribendum,
823 2042 880 2079 ad
904 2041 1066 2079 abusam
1081 2047 1119 2080 et
1137 2042 1193 2080 ad

314 2097 486 2144 dedecus,
513 2100 765 2142 censuerunt,
791 2100 837 2134 ut
867 2107 955 2133 mea
980 2106 1089 2134 mens
1115 2101 1207 2143 est„

314 2150 450 2199 procul
467 2162 492 2188 a
509 2150 634 2189 Taciti
655 2157 802 2196 mente,
821 2155 861 2187 et
884 2152 1084 2196 Quantum
1100 2151 1192 2201 Hy-

307 2207 430 2255 panis
469 2206 610 2243 Veneto
646 2205 804 2243 dissidet
838 2205 1032 2242 Eridano.
1078 2205 1188 2242 Lu‘s.

314 2259 447 2297 Decus
483 2258 586 2298 Plor.
623 2260 719 2307 Agr.
756 2258 886 2295 Guelf.
923 2257 1007 2294 edd.
1044 2269 1191 2296 omneS.

314 2313 422 2351 ERN.
475 2313 589 2352 Unde
607 2324 729 2359 error,
746 2311 916 2360 Ryckius
933 2312 1056 2349 docet.

370 2368 589 2406 Contracta·
604 2365 700 2417 lega]
732 2366 883 2404 Puteol.
911 2370 952 2404 et
969 2364 1115 2404 Alciati
1132 2365 1193 2405 ed.

316 2421 538 2470 confractae.
568 2421 632 2459 Sic
650 2426 690 2458 et
706 2419 808 2458 Bud.

368 2478 490 2527 Seque
517 2482 554 2512 et
587 2475 737 2513 Gallias
764 2472 948 2524 expertoe]
982 2474 1008 2511 i.
1036 2485 1070 2512 e.
1100 2485 1189 2511 cum

315 2541 390 2568 usu
408 2529 647 2575 didicissent,
675 2540 715 2566 se
732 2539 815 2566 esse
842 2528 1020 2566 fortiores
1048 2528 1189 2574 Gallis,

317 2594 412 2633 quos
429 2584 626 2630 vicissent,
646 2595 790 2622 novum
809 2593 896 2619 cum
914 2583 1008 2631 ipsis
1025 2580 1189 2629 bellum,

315 2645 423 2677 certa
438 2639 608 2677 victoriae
626 2649 694 2687 spe
712 2637 914 2686 optabant.
944 2637 1050 2674 Ena.

369 2693 459 2731 Hoc
476 2694 575 2730 enim
591 2691 743 2741 nomen]
770 2692 834 2730 lta
849 2690 963 2728 solita
978 2689 1088 2740 plebs
1103 2700 1191 2727 inu-

314 2751 401 2786 tare
420 2759 488 2796 per
505 2747 719 2792 fastidium,
739 2749 779 2783 et
795 2747 981 2783 innovare
999 2745 1079 2782 haec
1099 2755 1191 2781 con—

315 2802 488 2839 tumeliae
514 2801 687 2839 nomina.
741 2800 798 2838 At
815 2799 936 2838 Dion.
953 2798 1192 2838 Gothofredo

318 2856 383 2895 lc,
413 2855 618 2906 legendum
637 2852 956 2903 videbatur-fatis
979 2855 1070 2892 dato
1094 2853 1191 2891 Vin-

318 2910 414 2949 dice.
444 2910 556 2949 ers.

371 2964 498 3013 Super
515 2963 786 3011 arrogantiam
802 2966 839 2999 et
858 2960 1083 3011 avaritiam]
1115 2961 1199 2999 Sa-.

313 3030 385 3067 per
401 3029 423 3054 e
441 3018 546 3055 mor.
574 3015 728 3053 edidere
746 3015 929 3060 Pichena,
954 3015 1124 3063 Ryckius
1151 3019 1193 3052 et

317 3073 440 3110 Gron.
468 3071 600 3109 Ceteri
617 3082 691 3108 scr.
711 3069 773 3122 (in
798 3069 858 3107 his
884 3069 1005 3119 Bud.)
1038 3073 1080 3107 et
1106 3067 1192 3105 edd.

317 3137 451 3164 omnes
472 3124 680 3164 secandum
693 3137 705 3160 .-
733 3123 836 3171 quod
863 3134 1073 3161 servassem
1100 3134 1191 3171 pro·

318 3185 406 3230 pter
423 3181 541 3217 istum
557 3188 787 3216 consensum
804 3175 1008 3222 librorum,
1027 3177 1190 3214 niLati-

318 3235 421 3273 nitas
443 3234 565 3282 magis
592 3245 722 3281 nepem
748 3242 865 3280 quam
888 3231 1096 3268 secundum
1122 3242 1190 3279 po·

317 3288 496 3327 stularet.
548 3287 648 3323 Nam
676 3285 883 3323 see-indum
909 3296 988 3322 non
1004 3291 1064 3322 est
1086 3297 1190 3335 proe-

319 3350 391 3390 ter,
408 3342 511 3390 quod
526 3340 588 3377 bic
607 3339 862 3384 desideratur,
878 3339 944 3375 sed
955 3345 1057 3388 post.
1086 3340 1190 3376 Anu.

323 3403 386 3444 13,
408 3401 471 3435 18.
489 3407 609 3444 super,
619 3395 836 3441 ingenitam
852 3393 1061 3430 avaritiam
1077 3392 1194 3430 undi-

319 3464 391 3501 que
411 3451 612 3500 pecunias,
639 3448 752 3497 quasi
779 3449 822 3483 in
854 3445 1081 3491 subsidium,
1108 3458 1189 3483 cor-

319 3507 464 3554 ripiens
478 3518 489 3540 .·
517 3506 558 3539 et
583 3501 673 3539 aliis
692 3501 801 3546 locis,
819 3510 982 3549 quorum
1009 3510 1191 3548 magnam

319 3561 468 3607 cupiam
498 3556 620 3597 Index
645 3555 814 3594 exhibet.
843 3554 1004 3594 Sueten.
1031 3555 1127 3593 Oth.
1153 3557 1192 3593 5.

1243 2042 1471 2090 instigante,
1498 2053 1613 2092 super
1641 2040 1765 2080 animi
1788 2039 1967 2084 dolorem,
1997 2041 2119 2079 etiam

1242 2096 1514 2144 magnitudine
1541 2097 1633 2133 aert's
1655 2096 1787 2141 alieni,
1808 2095 1875 2144 qni
1903 2094 2010 2131 locus
2027 2095 2119 2132 huie

1243 2148 1554 2190 absimillimum
1587 2150 1695 2187 ERN.

1298 2204 1459 2241 Publice
1490 2203 1664 2254 donatos]
1698 2201 1829 2250 Agris,
1862 2213 1957 2250 quos
1990 2201 2120 2240 Galba

1245 2258 1418 2297 Treviris
1448 2259 1660 2306 eripuerat,
1685 2257 1876 2304 aliisque:
1916 2263 1954 2294 et
1977 2256 2118 2294 dmnno

1233 2313 1382 2362 finiam
1407 2313 1641 2361 perculerat,
1667 2317 1715 2348 ut
1739 2310 1841 2346 infra
1866 2310 1963 2348 dicit
1988 2322 2022 2347 c.
2051 2316 2118 2349 53.

1245 2368 1356 2404 ers.
1408 2366 1500 2414 Bip.
1528 2365 1624 2402 bene
1652 2368 1808 2410 notant,
1844 2365 1937 2413 quid
1969 2365 2042 2401 hoc
2076 2365 2119 2401 in

1244 2420 1499 2470 ignominiam
1516 2419 1724 2465 exercitus,
1743 2419 1775 2455 si
1801 2419 1905 2456 Galli
1923 2419 2120 2456 donentur

1242 2474 1367 2524 agro?
1398 2475 1530 2522 itaque
1557 2474 1695 2522 legunt
1718 2471 1871 2522 publice
1902 2473 2120 2518 annuam,

1243 2533 1291 2566 ut
1313 2528 1504 2566 cohaereat
1529 2539 1617 2565 cum
1645 2540 1725 2575 seq.
1752 2526 1897 2563 Melius
1923 2537 2002 2563 nou
2030 2538 2121 2564 suc-

1242 2584 1378 2621 currit.
1405 2583 1580 2630 Recipio‚
1600 2583 1666 2619 sed
1691 2583 1746 2618 sic
1771 2585 1808 2616 et
1826 2581 1868 2618 in
1884 2592 1946 2617 eos
1960 2585 2120 2617 mutan-

1243 2637 1335 2674 dum
1353 2641 1463 2686 puto.
1497 2637 1570 2677 Est
1592 2641 1724 2673 tamen
1752 2635 1976 2683 conjectura
1998 2635 2120 2672 auda-

1242 2691 1345 2729 cula.
1752 2720 1755 2724 ,

1297 2745 1500 2783 Pertinaci
1525 2756 1600 2794 pro
1628 2744 1723 2781 Ner.
1740 2742 1840 2794 fide]
1884 2742 1946 2781 Ob
1972 2742 2120 2780 benefi-

1243 2799 1363 2845 cium,
1389 2799 1436 2836 de
1462 2810 1539 2848 quo
1564 2799 1644 2837 An.
1679 2800 1742 2843 16,
1773 2802 1837 2836 13.
1865 2797 1970 2835 unde
1998 2799 2118 2835 etiam

1244 2853 1397 2892 infensa
1414 2858 1500 2890 erat
1514 2852 1663 2898 Galbae,
1682 2858 1723 2888 et
1740 2862 1915 2888 rumores
1940 2852 2118 2888 sinistros

1246 2908 1435 2957 fingebat,
1451 2906 1596 2945 alebat.
1626 2907 1733 2944 Eam.
1900 2900 1916 2905 ’

1298 2962 1521 3011 Superioris
1537 2959 1647 3009 armi]
1678 2959 1780 2996 Bud.
1794 2959 1954 3008 prioris.

1301 3016 1352 3053 In
1395 3015 1532 3065 quibus
1573 3012 1739 3062 sordem]
1785 3013 1979 3050 Usitatius
2018 3013 2119 3057 erat,

1245 3070 1398 3107 sordes:
1428 3068 1504 3106 vid.
1533 3080 1568 3113 v.
1595 3079 1629 3103 c.
1657 3067 1760 3103 infra
1788 3078 1820 3104 c.
1846 3070 1911 3103 60.
1939 3069 1986 3103 ut
2012 3070 2116 3102 recte

1241 3127 1355 3160 notat
1369 3122 1583 3160 Acidalius.
1637 3122 1770 3169 Atque
1789 3119 1907 3157 etiam
1926 3119 2020 3157 alibi
2037 3120 2117 3156 sin·

1242 3177 1389 3226 gularis
1425 3187 1495 3224 pro
1525 3174 1671 3223 plurali
1704 3175 1876 3222 irrepsit,
1912 3179 1956 3212 ut
1984 3185 2016 3209 c.
2050 3176 2118 3210 46.

1241 3231 1463 3268 seditionem
1506 3240 1577 3277 pro
1609 3229 1822 3266 seditiones.
1878 3229 1951 3266 Sed
1983 3231 2119 3264 tamen

1243 3289 1285 3322 et
1299 3283 1393 3321 alibi
1411 3282 1618 3331 singularis
1631 3283 1839 3330 reperitur.
1855 3282 1979 3319 Cicer.
1990 3281 2118 3318 Flacc.

1243 3344 1282 3376 8.
1318 3338 1469 3375 nullam
1498 3337 1645 3374 sordem
1674 3338 1715 3373 in
1743 3348 1784 3373 re
1803 3336 2008 3384 familiari
2039 3338 2114 3370 etc.

1242 3391 1349 3429 Idem
1366 3392 1484 3427 etiam
1512 3391 1561 3427 ad
1586 3392 1670 3428 Att.
1693 3395 1725 3433 i,
1749 3392 1810 3427 16.
1843 3389 1942 3426 dixit
1967 3388 2113 3425 sordem

1241 3445 1363 3490 urbis,
1392 3445 1439 3482 de
1473 3444 1585 3491 plebe
1619 3444 1776 3480 infima:
1824 3444 1866 3480 iu
1894 3455 1971 3491 quo
1998 3453 2115 3479 sensu

1244 3499 1364 3537 etiam
1379 3498 1540 3547 pluralis
1564 3498 1756 3536 usitatior.
1813 3498 1972 3545 Integre
1989 3501 2118 3533 muta-

1245 3560 1351 3592 verat
1379 3554 1404 3591 i.
1424 3564 1461 3593 e.
1485 3552 1613 3603 dignis
1635 3552 1813 3599 reddens,
1838 3551 2006 3599 indignis
2033 3548 2118 3586 adi-
