2190 3880
309 127 414 173 250
911 119 1543 176 HISTORIARUM

173 268 476 321 ,nr-uquam
519 268 664 303 mare
702 249 952 304 Oceanus
993 272 1025 306 a
1068 252 1267 322 fronte,
1309 254 1536 316 Rhenus
1573 255 1748 316 amnis
1799 264 2027 331 tergum
2052 279 2121 322 ac

195 331 288 368 823·
311 322 481 375 latera
506 323 848 377 circumluit:
888 343 990 377 nec
1015 326 1232 397 opibuS,
1260 328 1519 380 societate
1545 325 1886 395 validiorum,
1914 332 2120 397 adtriti,

189 384 298 477 ξος·
315 395 458 446 viros
485 406 698 447 tantum
729 414 984 466 armaque
1012 396 1251 468 imperio
1287 399 1615 451 ministrant.
1654 400 1746 453 diu
1776 401 2117 458 Germanicis

209 459 220 484 ⁴
259 465 270 477 '
313 466 464 518 bellis
507 467 768 521 exerciti:
822 486 954 519 mox
995 481 1155 522 aucta
1193 488 1289 540 per
1327 470 1663 522 Britanniam
1705 472 1895 542 gloria,
1939 486 2114 527 trans-

308 539 486 590 missis
513 539 640 591 illuc
666 538 1005 602 cohortibus,
1028 558 1161 608 quas
1186 552 1363 595 vetere
1389 541 1640 594 instituto
1669 546 1988 599 nobilissimi
2019 566 2116 617 po·-

307 610 574 682 pularium
601 612 882 680 regebant.
947 609 1077 662 Erat
1101 622 1157 663 et
1183 613 1331 664 domi
1358 612 1598 664 delectus
1625 632 1805 684 equeS,
1833 619 2112 688 praecipuo

305 683 470 734 nandi
499 681 699 746 studio,
725 698 876 732 arma
903 697 1179 752 equosque
1211 685 1464 747 retinenS,
1494 684 1719 756 integris
1748 688 1936 741 turmis
1966 689 2115 742 Rhe-

226 765 290 812 13
304 771 435 807 num
465 770 826 825 perrumpere.
881 751 1062 805 Julius
1090 753 1308 809 Paullus
1331 766 1387 808 et
1413 755 1671 810 Claudius
1698 757 1909 826 Civilis,
1938 759 2116 832 Regia

299 936 365 972 eat
392 944 440 969 ex
465 932 521 969 H.
542 935 582 977 5,
604 936 670 968 23.
699 929 772 968 ubi
799 928 1027 980 superfusus
1053 931 1181 968 amnis
1234 943 1382 982 pung0,
1402 944 1563 972 sensum
1580 935 1685 972 enim
1701 936 1851 974 turbat.
1890 938 2117 976 Validiores

292 989 513 1040 palustrem
544 986 800 1035 humilemque
833 986 1005 1022 insulam
1039 985 1083 1022 in
1105 985 1181 1033 sa·
1234 987 1297 1024 vel
1326 989 1553 1026 valentiores
1581 1001 1664 1027 esse
1690 992 1902 1039 Romanos,
1930 1003 1993 1029 res
2027 994 2114 1042 ipsa

298 1043 395 1081 ciem
422 1041 560 1090 stagni
587 1041 756 1090 opplesse
783 1038 924 1084 fertur,
955 1039 1060 1087 quod
1086 1042 1180 1076 ante
1233 1041 1362 1080 docet.
1418 1043 1610 1080 Suffixum
1639 1057 1682 1081 ve
1711 1057 1800 1083 cum
1829 1057 1908 1095 seq.
1942 1047 2114 1085 aliorum

298 1107 460 1146 aggeres
477 1098 646 1132 structos
663 1095 890 1142 frequenter
915 1093 1001 1130 fieri
1027 1093 1180 1132 debuit.

296 1151 345 1189 Id
361 1149 609 1200 potissimum
626 1149 672 1185 de
693 1148 1015 1193 Canninefatum,
1033 1147 1179 1185 Frisia-

294 1205 444 1243 bonum
472 1204 766 1251 Frisiorumque
790 1203 988 1240 minorum
1015 1203 1176 1251 regione

293 1260 427 1298 'valere
444 1260 614 1308 Ryckius
637 1260 768 1307 putat,
787 1269 873 1306 quae
900 1257 1057 1294 demum
1074 1258 1176 1295 Wil-

220 1339 222 1341 -
295 1315 418 1353 helmi
434 1316 483 1352 R.
499 1315 548 1352 R.
571 1319 750 1360 tempore
773 1312 827 1348 sit
846 1310 996 1349 Oceani
1013 1312 1174 1350 incertis

294 1372 451 1407 exemia
467 1367 674 1406 altioribus
692 1365 917 1415 aggeribus.
969 1366 1058 1414 Ipse
1074 1367 1176 1415 Ryc-

293 1423 384 1462 kius
429 1423 560 1461 Coleri
601 1420 866 1468 conjecturam
909 1420 1066 1468 probat,
1105 1421 1174 1459 sed

292 1479 409 1517 malit
441 1477 670 1515 Bataviam.
725 1474 933 1523 Bipontini
966 1475 1069 1512 male
1104 1486 1174 1512 ne-

291 1538 406 1583 gant,
436 1531 503 1569 τοῦ
526 1533 625 1569 inter
650 1530 775 1568 ullum
802 1541 885 1566 esse
903 1529 1113 1578 vestigium
1130 1531 1174 1568 in

291 1588 402 1625 codd.
421 1587 568 1635 quippe
586 1586 689 1634 quod
715 1585 759 1622 in
778 1583 909 1621 Guelf.
928 1588 1052 1630 extat,
1068 1588 1109 1622 et
1127 1596 1177 1623 ex

289 1643 394 1681 notis
421 1642 646 1678 litterarum
671 1638 906 1687 exsculpunt
932 1639 1131 1677 Batauam
1149 1652 1176 1677 a

287 1710 330 1735 se
348 1697 507 1735 dictam.
550 1694 656 1732 Mihi
674 1694 829 1732 videtur
846 1693 1055 1741 legendum
1072 1707 1176 1732 nunc

290 1751 522 1796 Bataviam,
541 1753 582 1786 et
600 1750 655 1786 sic
671 1749 835 1798 refing0.
882 1749 931 1785 In
949 1748 1059 1786 codd.
1078 1749 1174 1786 olim

287 1838 392 1864 nunc
417 1825 476 1862 ita
501 1823 741 1873 pingebatur
767 1836 831 1870 nc,
855 1822 959 1860 unde
982 1821 1173 1872 intelligi·-

287 1884 371 1926 tur,
388 1880 457 1929 qui
475 1890 523 1915 ex
548 1891 651 1915 nunc
669 1878 864 1915 bataviam
881 1881 1013 1915 ortum
1022 1878 1171 1927 juvata

286 1936 409 1973 sitam
435 1937 476 1971 et
494 1933 639 1970 similia
662 1937 853 1979 monstra,
869 1932 932 1969 vel
949 1934 1051 1971 inter
1066 1933 1169 1971 vada

285 1990 421 2028 sitam.
449 1989 592 2027 Heius.
619 1986 777 2025 volebat
800 1987 843 2024 in
863 1987 1014 2024 Vahali
1035 1989 1168 2034 sitam,

287 2043 394 2092 quod
422 2044 506 2081 cod.
535 2042 667 2090 Spinae
700 2041 873 2078 habebat
908 2047 1001 2079 vata
1034 2043 1167 2081 sitam.

285 2098 502 2135 Dotteville
514 2097 672 2147 praefert
688 2097 732 2133 Li
736 2096 812 2145 psii
832 2097 876 2131 V
869 2096 978 2133 abaci
991 2098 1168 2143 assitam,

284 2153 379 2201 quia
411 2164 555 2189 nomen
587 2152 770 2189 Batavioe
802 2151 983 2189 videatur
1027 2151 1167 2189 Tacito

283 2207 466 2256 ignotum
482 2207 616 2244 fuisse.

335 2262 454 2298 Mare
474 2259 684 2309 Oceanum]
719 2260 781 2298 Sic
800 2259 895 2296 libri
914 2258 1001 2297 edd.
1028 2270 1163 2297 omnes

285 2313 345 2367 (et
374 2314 513 2363 Bud.).
554 2316 612 2352 At
635 2314 724 2351 MS.
750 2315 850 2362 Reg.
875 2317 917 2350 et
932 2313 1049 2351 Harl.
1067 2325 1093 2350 a
1110 2326 1163 2353 m.

282 2381 360 2408 sec.
395 2369 584 2416 Oceanus,
615 2368 719 2418 quod
759 2370 908 2417 recepit
943 2367 1162 2406 Broterius.

279 2425 386 2463 Eum
400 2424 579 2461 imitatus
592 2435 692 2461 sum.
707 2423 800 2472 quia
813 2424 856 2460 in
867 2425 1010 2459 neutra
1020 2422 1161 2468 forma,

278 2483 351 2517 aut
378 2479 584 2526 adjective,
610 2478 791 2527 nuspiam
818 2477 1004 2514 occurrit.
1045 2474 1163 2514 Mare

281 2533 456 2571 Oceanus
472 2533 617 2571 dicitur
634 2538 682 2570 ut
698 2532 857 2570 Rhenus
870 2532 1008 2570 amnis.
1036 2531 1147 2569 ERN.

332 2589 526 2626 Societate
551 2588 785 2625 validiorum
807 2586 952 2636 attriti]
992 2586 1160 2624 Senten-

274 2641 336 2682 tia
354 2646 427 2680 est.
454 2653 692 2692 quamquam
709 2641 895 2679 Romanis
914 2639 1009 2678 socii
1026 2643 1068 2676 et
1084 2641 1159 2678 foe-

275 2697 404 2734 derati
417 2697 575 2743 Batavi,
593 2708 679 2746 quae
704 2696 870 2734 societas
895 2695 1002 2744 apud
1018 2698 1157 2743 poten·
1199 2727 1201 2729 .

273 2751 397 2789 tiores
424 2751 655 2801 plerumque
674 2751 717 2789 in
739 2750 970 2788 servitutem
991 2750 1153 2796 transit,

272 2808 410 2844 tamen
444 2817 524 2843 non
556 2806 615 2843 ita
644 2806 701 2843 eis
729 2805 893 2842 factum.
928 2804 1155 2842 libertatem

273 2863 466 2898 tenuere:
498 2872 570 2898 nec
597 2859 753 2898 tributa
776 2860 824 2896 iis
855 2859 1054 2908 imposita,
1082 2862 1155 2896 aut

274 2915 425 2952 servitii
442 2914 529 2952 aliae
549 2918 665 2954 notae.
717 2914 934 2952 Vaticanus
959 2914 1074 2959 liber,
1092 2926 1154 2951 so-

274 2970 454 3007 cietateve
474 2971 642 3007 aliorum
669 2968 859 3006 adstricti.
892 2969 997 3017 quod
1020 2969 1152 3006 minus

272 3023 415 3071 placet.
456 3024 569 3061 L1Ps.
624 3024 688 3061 Sic
706 3023 826 3074 etiam
843 3022 903 3060 ed.
920 3034 979 3071 pr.
1024 3023 1154 3060 Socie-

271 3082 397 3115 tateve
411 3077 531 3114 etiam
548 3078 632 3115 MS.
649 3079 745 3126 Agr.
756 3075 909 3115 Deinde
922 3077 1006 3115 MS.
1020 3076 1153 3115 Guelf.

271 3132 438 3178 atem-iti,
468 3143 553 3180 quae
579 3134 776 3180 scriptura
803 3136 844 3168 et
871 3131 959 3168 aliis
979 3131 1153 3168 inlibris

270 3185 445 3234 antiquis
475 3185 702 3224 observata:
746 3187 793 3222 de
830 3197 954 3235 eaque
984 3187 1070 3234 jam
1103 3186 1154 3223 ad

270 3239 448 3277 Annales
467 3239 630 3276 dictum.
670 3241 731 3276 De
749 3251 792 3276 re
809 3241 885 3278 vid.
905 3241 1012 3278 infra
1029 3252 1063 3277 c.
1089 3245 1153 3281 17.

269 3294 382 3333 ERN.
438 3293 669 3330 Vertranius
702 3294 859 3330 volebat
887 3307 912 3331 a
947 3295 1151 3332 Romanis.

267 3349 368 3397 Reg.
396 3347 493 3386 Lall.
521 3361 589 3385 nec
615 3347 749 3397 opibus
777 3349 967 3386 Romanis
991 3350 1152 3386 societa-

271 3409 354 3440 teve
386 3403 642 3440 valentiorum
671 3401 866 3440 adstricti.
905 3401 1009 3439 Bud.
1041 3402 1149 3451 vulg.

269 3456 391 3494 habet
405 3469 474 3494 nec
490 3468 551 3506 op.
571 3457 685 3494 Rom.
714 3457 894 3494 societate
915 3457 1150 3494 validiorum

270 3513 417 3557 attriti,
445 3511 488 3550 in
514 3522 591 3560 quo
618 3510 798 3559 equidem
823 3522 912 3548 cum
940 3510 1082 3549 Colero
1107 3509 1150 3548 τὸ

273 3565 464 3605 Romanis
495 3564 709 3605 insititium
744 3576 828 3605 esse
862 3567 962 3616 puto
1003 3569 1046 3604 et
1081 3575 1149 3605 ex-

1233 1107 1281 1133 ex
1305 1107 1398 1133 voce
1426 1098 1659 1135 validiorum
1686 1105 1746 1136 est
1763 1103 1907 1139 ortum.
1928 1100 2026 1150 Bip.
2052 1101 2112 1138 lo·

1231 1161 1320 1187 cum
1349 1151 1407 1188 ita
1430 1152 1698 1189 constituunt:
1733 1165 1802 1192 nec
1827 1155 2003 1204 operibus
2028 1156 2112 1193 Ro·

1229 1206 1356 1242 mani-s·
1372 1207 1596 1244 societateve
1613 1208 1827 1245 alienorum
1844 1209 1998 1248 attriti.

1281 1260 1414 1298 Aucta
1426 1273 1499 1310 per
1511 1261 1765 1299 Britanniam
1779 1262 1930 1316 gloria]
1960 1264 2110 1312 Aucta,

1227 1314 1330 1363 quod
1344 1326 1385 1351 se
1402 1315 1594 1351 addidisse
1611 1314 1649 1365 (e
1666 1315 1786 1367 Bud.)
1803 1316 1861 1354 ait
1876 1318 2110 1366 Rhenanus,

1221 1369 1308 1416 jam
1340 1369 1399 1406 ed.
1430 1381 1491 1418 pr.
1524 1370 1697 1409 exhibet.
1753 1372 1902 1409 Ceterae
1931 1384 2011 1410 non
2039 1372 2111 1410 ha.-

1227 1423 1335 1461 beut.
1387 1423 1598 1461 Exciderat
1627 1428 1667 1462 et
1690 1426 1733 1462 in
1761 1426 1846 1464 MS.
1879 1427 2011 1466 Guelf.
2041 1427 2111 1465 sed

1225 1477 1405 1515 additum
1420 1478 1539 1515 estin
1554 1480 1746 1529 margine,
1763 1481 1856 1526 alia,
1874 1485 1922 1518 ut
1939 1482 2110 1527 videtur.

1229 1543 1382 1577 manu„
1419 1532 1516 1577 Mox
1544 1532 1655 1572 MSS.
1683 1534 1787 1573 Flor.
1812 1533 1946 1586 (Bud.)
1976 1531 2110 1575 Guelf.

1229 1593 1340 1625 erant
1355 1601 1367 1624 .·
1395 1588 1499 1636 quod
1517 1587 1613 1624 mihi
1629 1591 1761 1626 tamen
1778 1589 1818 1626 h.
1835 1589 1863 1627 1.
1889 1590 2030 1628 durum
2048 1591 2109 1628 vi-

1229 1641 1370 1679 detur:
1399 1654 1472 1679 nec
1498 1643 1625 1679 ausim
1651 1644 1778 1682 textui
1803 1644 1960 1683 inferre.
2014 1646 2110 1683 Post

1229 1695 1315 1734 MS.
1335 1697 1434 1745 Reg.
1451 1700 1492 1734 et
1506 1698 1566 1734 ed.
1582 1709 1643 1746 pr.
1655 1699 1877 1749 praecipuus
1892 1711 1932 1736 n.
1948 1704 1997 1738 st.
2025 1711 2106 1737 non

1224 1753 1343 1788 recte.
1361 1762 1424 1789 ars
1441 1752 1562 1789 nandi
1579 1751 1777 1799 laudatur,
1791 1764 1869 1790 non
1883 1753 2012 1802 gratia
2029 1757 2103 1792 aut

1224 1805 1396 1854 dignitas
1413 1806 1622 1855 praecipua.
1663 1807 1765 1844 Item
1783 1807 1919 1845 durius
1935 1811 1996 1846 est
2017 1821 2105 1858 per·

1222 1871 1412 1910 rumpere,
1428 1872 1500 1909 pro
1518 1873 1596 1910 quo
1613 1860 1698 1899 MS.
1710 1862 1808 1912 Reg.
1824 1860 1964 1914 (Bud.)
1983 1867 2024 1900 et
2041 1863 2104 1902 ed.

1221 1926 1282 1965 pr.
1294 1927 1514 1964 perrupere.
1548 1917 1595 1953 In
1612 1915 1681 1953 illo
1699 1916 1933 1963 masuetus,
1953 1917 2104 1965 doctae,

1221 1973 1269 2006 ut
1286 1969 1386 2007 vidit
1399 1970 1617 2008 Broterius.
1653 1971 1763 2008 ERN.
1816 1972 1880 2010 Ita
1891 1972 1976 2020 ‚iam
1992 1972 2102 2011 Pich.

1221 2028 1263 2061 et
1279 2024 1456 2062 Colerus.
1510 2025 1558 2062 In
1572 2025 1675 2062 Bud.
1694 2024 1794 2062 bene
1806 2027 2005 2076 precipuo.

1273 2080 1402 2117 Arma
1425 2091 1611 2130 equosque
1629 2079 1814 2131 retinens]
1871 2081 1986 2118 Rom.
2017 2082 2104 2120 cod.

1221 2144 1333 2171 arma
1349 2145 1495 2185 quoque
1510 2135 1688 2171 retinens.
1712 2135 1816 2183 quod
1827 2134 1926 2172 haut
1943 2147 2102 2185 spreve-
2138 2154 2142 2159 ·

1219 2187 1309 2225 rim.
1336 2188 1398 2226 uti
1426 2199 1504 2225 non
1527 2191 1611 2227 tam
1635 2188 1712 2239 ipsi
1729 2191 1965 2236 tranatasse,
1982 2201 2102 2239 quam

1219 2242 1329 2292 equis
1371 2242 1587 2280 tramisisse
1631 2244 1928 2292 intellegantur.
1984 2246 2102 2284 certe

1215 2296 1447 2346 ambiguum
1470 2297 1583 2344 mihi,
1607 2300 1900 2337 Batavorumne
1926 2299 2007 2336 haec
2036 2294 2105 2338 ars

1216 2354 1257 2388 et
1292 2362 1412 2401 opera
1444 2350 1582 2398 fuerit,
1617 2354 1675 2391 ita
1717 2356 1764 2390 ut
1808 2353 1901 2402 ipsi,
1938 2357 2095 2401 nantes,

1216 2416 1335 2455 equos
1369 2416 1556 2454 armaque
1597 2407 1822 2444 tenuerint:
1871 2418 1923 2444 an
1965 2408 2098 2455 potius

1216 2460 1308 2509 equi
1326 2459 1402 2509 ipsi
1414 2459 1519 2499 docti
1537 2460 1591 2497 sic
1610 2465 1651 2498 et
1668 2460 1776 2499 facti.
1815 2461 1851 2499 E
1868 2461 2007 2499 Tacito
2024 2467 2098 2502 aut

1217 2514 1357 2563 priscis
1374 2514 1631 2564 scriptoribus
1653 2516 1764 2553 litem
1791 2516 1893 2553 hanc
1910 2516 2016 2554 haud
2038 2517 2098 2554 fa·

1213 2569 1287 2606 cile
1319 2569 1489 2607 decidas.
1545 2570 1691 2608 Noster
1721 2571 1763 2607 in
1792 2568 1924 2619 Agric.
1956 2582 1993 2608 c.
2028 2577 2095 2610 18.

1212 2623 1307 2661 viris
1326 2623 1421 2672 ipsis
1447 2623 1626 2662 tribuere
1653 2625 1799 2662 iterum
1817 2625 1994 2662 videtur:
2028 2624 2094 2676 (de

1210 2677 1374 2716 Batavis
1409 2677 1515 2716 enim
1562 2679 1631 2716 illa
1673 2680 1787 2728 capio
1799 2678 1827 2730 t)
1866 2680 2092 2719 lectissimos

1209 2732 1486 2779 auxiliarium,
1513 2733 1651 2783 quibus
1683 2739 1776 2772 noea
1813 2735 1929 2781 vada,
1957 2740 1996 2773 et
2020 2747 2097 2786 pa-

1208 2788 1312 2825 trius
1345 2788 1469 2825 nandi
1501 2801 1609 2835 usus,
1646 2800 1721 2839 quo
1754 2789 1876 2826 simul
1906 2801 2019 2839 seque
2049 2794 2091 2827 et

1208 2853 1322 2879 arma
1351 2846 1389 2879 et
1415 2854 1529 2892 equos
1553 2849 1712 2891 regunt,
1729 2849 1884 2892 repente
1911 2843 2090 2881 immisit.

1207 2895 1439 2944 Xiphilinus
1457 2895 1499 2933 in
1523 2896 1744 2944 Hadriano,
1762 2896 1945 2946 ambigue
1961 2899 2030 2943 69,
2047 2902 2088 2938 9.

1209 2949 1256 2988 Τδ
1272 2949 1423 2987 ἵππικόν
1452 2949 1521 2987 τὸἷν
1539 2950 1769 3000 καλουμένων
1795 2950 1970 2989 navatem
1989 2949 2093 2999 pesek

1209 3002 1278 3042 τᾶἷν
1304 3001 1427 3041 ὅπλων
1446 3001 1654 3054 διενήξαντο.
1708 3005 1938 3043 Hadrianus
1955 3005 2002 3042 de
2019 3004 2090 3043 So·

1206 3069 1304 3095 rano
1330 3056 1506 3095 Batavo:
1539 3059 1765 3106 Hadriano,
1786 3060 1902 3109 potui
1925 3060 2007 3109 qui,
2016 3059 2092 3108 ju-

1209 3114 1307 3159 dice,
1338 3119 1448 3150 vasta
1474 3113 1666 3163 profundi
1697 3113 1877 3164 AEquora
1909 3113 2090 3152 Danubii

1208 3168 1357 3204 cunctis
1374 3173 1532 3205 tranare
1546 3168 1616 3205 sub
1632 3168 1768 3206 amis.
1816 3168 1929 3206 LIPS.
1983 3167 2090 3207 Bud.

1208 3233 1321 3259 arma
1337 3234 1514 3271 quosque.

1263 3274 1452 3312 Claudius
1470 3273 1624 3326 Civilis]
1682 3275 1790 3313 Hist.
1813 3280 1850 3322 l,
1877 3279 1943 3315 59.
1974 3287 2088 3314 voca·

1204 3331 1273 3365 tur
1292 3328 1431 3366 Julius
1453 3328 1601 3375 Civilis,
1624 3328 1789 3378 aliisque
1817 3328 1938 3380 (Plut.
1966 3335 2087 3383 Egar-

1204 3395 1247 3432 p.
1270 3387 1362 3422 770.
1403 3383 1581 3421 Frontin.
1602 3384 1720 3421 Strat.
1737 3389 1779 3430 4,
1797 3389 1838 3430 3,
1861 3383 1940 3435 14.)
1979 3385 2088 3423 Grae-

1204 3436 1259 3473 cis
1290 3440 1331 3473 et
1363 3436 1530 3485 Latinis,
1559 3441 1608 3474 ut
1636 3442 1770 3475 monet
1803 3438 1987 3485 Savilius‚
2015 3440 2084 3489 qui

1203 3490 1384 3527 Paullum
1403 3496 1443 3529 et
1463 3493 1628 3530 Civilem
1655 3492 1797 3529 fratres
1815 3493 1936 3531 fuisse
1954 3497 2086 3542 putat.

1204 3544 1338 3585 Simile
1367 3550 1442 3597 est,
1469 3547 1573 3599 quod
1598 3547 1731 3596 Felix,
1748 3549 1986 3588 Procurator
2010 3549 2085 3588 Ju-
