2190 3880
645 138 798 191 LIB.
843 141 931 192 1v.
984 142 1146 192 CAP.
1184 147 1227 190 1.
1249 147 1299 190 2.
1790 147 1888 194 239

85 251 598 334 INTERFECTO
623 278 864 344 Vitellio,
888 278 1090 332 bellum
1115 278 1291 350 magis
1317 277 1565 345 desierat,
1586 300 1746 352 quam
1775 285 1949 354 paxA·
1970 288 2026 326 U

85 361 348 425 coepera't.
422 351 634 404 Armati
675 370 770 423 per
807 353 995 404 urbem
1031 352 1262 403 victores
1301 321 1607 422 inplacabili
1646 355 1773 405 odio
1807 355 1884 406 vi·
1898 343 2018 435 ἒρίζ

82 436 209 478 ctos
226 424 698 476 consectabantur.
735 423 910 495 plenae
937 423 1178 476 caedibus
1206 424 1329 487 viae,
1359 435 1582 475 cruenta
1609 422 1726 476 fora
1750 437 1884 478 tem·
1926 453 1992 490 70

82 495 298 568 piaque,
332 495 528 566 passim
564 495 865 560 trucidatiS,
902 509 958 547 ut
991 513 1261 565 quemque
1294 493 1403 546 fors
1440 494 1727 548 obtuler.at
1802 496 1926 577 Aci

84 585 234 632 mox,
261 578 588 638 augescente
614 567 850 633 licentia,
877 569 1102 620 scrutari
1129 584 1192 619 ac
1221 567 1533 638 protrahere
1559 567 1801 619 abditos·
1841 570 1885 618 si

79 656 239 711 quem
263 656 546 720 procerum
572 638 763 691 habitu
786 652 839 690 et
851 639 1083 708 juventa
1105 649 1519 710 conspexerant,
1542 639 1795 690 obtrunc
1781 657 1887 704 tre,

78 710 227 763 nullo
255 709 487 762 militum
516 721 609 761 aut
643 711 825 781 populi
856 710 1187 762 discrimine.
1264 712 1404 770 Quae
1439 710 1667 775 saevitia,
1702 728 1886 762 recen-

78 782 226 835 tibus
253 782 410 846 odiis,
437 782 699 852 sanguine
725 781 1064 852 explebatur,
1091 782 1212 833 dein
1245 795 1475 834 verterat
1501 783 1554 833 in
1584 781 1886 834 avaritiam.

79 854 216 907 nihil
245 871 467 923 usquam
499 866 762 905 secretum
791 864 885 904 aut
910 854 1151 906 clausum
1180 854 1449 917 sinebant,
1479 851 1781 905 Vitellianos
1802 872 1884 906 oc-

77 924 285 991 culturi,
306 923 638 978 simulantes,
714 924 941 977 Initium
972 925 1024 978 id
1058 923 1558 996 perfringendarum
1587 926 1884 978 domuum
1868 968 1885 993 ,

75 997 179 1061 vel,
207 997 250 1048 si
291 997 645 1062 resisteretur,
683 1015 872 1049 caussa
915 998 1099 1061 caedis,
1143 1015 1243 1050 nec
1281 998 1464 1049 deerat
1500 998 1882 1068 egentissimus

75 1069 305 1138 quisque
321 1086 388 1121 ex
408 1068 595 1139 plebe:
636 1079 690 1120 et
709 1069 924 1151 pessimi
954 1070 1293 1121 servitiorum
1320 1069 1545 1140 prodere
1576 1069 1714 1120 ultro
1742 1069 1882 1123 dites

74 1141 350 1193 dominos:
391 1140 480 1192 alii
515 1140 583 1192 ab
624 1142 812 1193 amicis
849 1141 1306 1192 monstrabantur.
1383 1140 1595 1210 Ubique
1629 1141 1881 1206 lamenta,
1957 1201 1960 1205 ,

74 1213 532 1265 conclamationes
569 1223 622 1262 et
654 1211 830 1264 fornia
863 1223 1038 1284 captae
1080 1213 1259 1264 urbis:
1300 1211 1434 1263 adeo
1481 1224 1540 1263 ut
1578 1212 1877 1267 Othoniani

60 1283 457 1354 'Vitellianique
475 1283 659 1335 militis
684 1284 950 1336 invidiosa
973 1295 1131 1335 antea
1152 1282 1451 1353 petulantia
1472 1284 1882 1340 desideraretur.

75 1354 261 1409 Duces
299 1356 551 1438 partium,
577 1355 923 1408 accendendo
954 1355 1100 1407 civili
1142 1355 1280 1407 bello
1318 1373 1484 1420 acreS,
1515 1358 1879 1439 temperandae

72 1427 317 1480 victoriae
358 1427 590 1498 inpares,
640 1428 844 1498 quippe
887 1428 940 1480 in
983 1428 1167 1479 turbas
1207 1440 1261 1479 et
1306 1427 1602 1480 discordias
1646 1429 1879 1499 pessimo

73 1500 269 1570 cuique
309 1498 540 1570 plurima
581 1500 686 1552 vis:
731 1517 836 1570 pax
879 1513 933 1550 et
973 1499 1126 1569 quies
1171 1499 1328 1551 bonis
1368 1500 1575 1551 artibus
1610 1500 1878 1572 indigent.

71 1571 291 1624 Nomen
321 1571 609 1640 sedemque
645 1571 876 1624 Caesaris
910 1570 1255 1622 Domitianus
1287 1583 1596 1641 acceperat:
1636 1543 1924 1626 ηοηῦἀυιηθ
1897 1602 1926 1620 ,.

74 1642 140 1696 ad
172 1661 326 1696 curas
368 1643 628 1708 intentUS,
657 1643 747 1695 sed
789 1644 989 1715 stupris
1015 1655 1068 1694 et
1091 1642 1367 1695 adulteriis
1405 1643 1572 1695 filium
1610 1643 1881 1716 Principis

69 1715 286 1786 agebat.
333 1713 668 1768 Praefectura
693 1715 942 1768 Praetorii
973 1733 1134 1800 penes
1161 1713 1380 1767 Airium
1407 1715 1638 1768 Varum:
1668 1735 1879 1770 summa

66 1787 331 1868 potentiae
365 1787 418 1839 in
468 1785 653 1839 Primo
699 1786 964 1840 Antonio,
1009 1788 1055 1838 is
1102 1787 1386 1858 pecuniam
1439 1786 1808 1858 familiamque
1847 1808 1879 1841 e

71 1858 343 1929 Principis
372 1859 555 1923 domn,
588 1860 740 1930 quasi
781 1859 1199 1912 Cremonensem
1241 1858 1497 1929 praedam,
1539 1875 1750 1930 rapere:
1790 1879 1879 1914 ce-

68 1931 169 1983 teri
193 1930 459 1984 modestia
487 1930 572 1983 vel
603 1932 966 2003 ignobilitate,
993 1944 1053 1983 ut
1085 1931 1138 1982 in
1169 1931 1311 1983 bello
1347 1931 1584 1997 obscuri,
1626 1933 1703 1984 ita
1737 1951 1877 2004 prae-

998 2066 1207 2112 Gruterus,
1237 2065 1349 2112 cujus
1383 2066 1577 2103 rationem
1615 2077 1664 2102 ne
1699 2065 1878 2114 intelligo

121 2064 174 2103 Ut
190 2077 373 2116 quemque
389 2065 484 2114 sors
500 2065 706 2116 obtulerat]
739 2068 837 2104 Fors
864 2066 945 2103 edi-

63 2118 207 2166 dimus,
236 2124 283 2157 ut
311 2131 432 2169 supra
462 2125 526 2167 14,
561 2126 599 2158 5.
639 2122 855 2158 Latinitate
878 2121 945 2167 ju—

25 2216 28 2220 ,
61 2174 182 2211 bente
211 2179 252 2211 et
279 2179 470 2223 perpetua
497 2174 688 2212 bonorum
708 2176 942 2224 scriptorum

62 2228 376 2265 consuetudine:
422 2231 464 2266 et
497 2230 552 2266 sic
585 2229 765 2278 placebat
799 2242 943 2278 magno

59 2282 244 2321 Bentleio
272 2283 323 2320 ad
355 2281 496 2321 Horat.
528 2283 565 2321 S.
598 2289 635 2330 1,
652 2287 693 2330 6,
714 2290 779 2322 54.
824 2285 941 2332 Vulg.

59 2349 156 2375 sors.
200 2337 309 2376 ERN.
353 2337 416 2375 Sic
434 2342 475 2374 et
495 2338 598 2375 Bud.
625 2339 853 2376 Ernestium
881 2350 940 2376 se-

59 2394 238 2440 quuntur
254 2391 366 2429 Brot.
385 2395 426 2428 et
442 2392 542 2431 Lall.

113 2446 326 2484 Procerum
359 2447 495 2484 habitu
530 2453 567 2484 et
599 2446 783 2498 juventa]
828 2449 938 2485 Duas

58 2503 172 2538 notas
199 2501 424 2538 Germanici
451 2501 588 2539 militis
617 2502 830 2548 habebant,
850 2514 940 2551 pro-

59 2554 263 2591 ceritatem
297 2557 468 2604 corporis
509 2556 680 2606 itemque
717 2557 937 2604 juventam.

58 2608 162 2645 Nam
197 2609 383 2645 Germani
413 2609 643 2659 plerumque
676 2611 854 2659 proceri;
897 2614 938 2647 et

59 2662 220 2708 milites,
241 2674 266 2698 a
282 2663 375 2699 flore
394 2668 434 2700 et
458 2663 596 2700 robore
615 2666 686 2702 aevi
703 2665 788 2701 colli
792 2665 937 2713 gehan-

56 2721 137 2755 tur.
181 2717 294 2755 ers.
344 2716 422 2768 (Sic
450 2724 574 2755 c.14.
606 2718 652 2755 de
684 2719 868 2756 Batavis:
899 2725 937 2756 et

59 2777 116 2808 est
126 2773 321 2821 plerisque
332 2784 494 2821 procera
503 2771 708 2822 pueritia.)
745 2773 818 2810 Sed
835 2773 936 2809 male

51 2830 331 2875 prospexerant
351 2825 541 2864 edebatur
557 2831 650 2864 ante
670 2828 803 2875 vulgo:
834 2828 938 2877 quod

54 2890 149 2916 sane
183 2879 239 2916 sic
274 2890 353 2916 non
387 2880 554 2918 dicitur:
601 2886 641 2919 et
672 2882 783 2919 MSS.
829 2882 933 2919 Flor.

54 2934 152 2983 Reg.
174 2931 310 2985 (Bud.)
332 2933 447 2973 Harl.
466 2936 563 2983 Agr.
580 2936 708 2973 Oxon.
725 2935 855 2973 Guelf.
873 2937 933 2973 ed.

54 2998 116 3035 pr.
159 2988 412 3025 consentiunt
456 2989 498 3026 in
543 2992 852 3039 conspexerant.
889 2991 933 3027 Id

57 3042 189 3091 itaque
204 3053 296 3080 cum·
309 3043 348 3079 J.
367 3043 565 3081 Gronovio
582 3044 696 3080 edidi.
751 3046 859 3081 ERN.

109 3097 232 3134 Nullo
257 3098 429 3134 militum
458 3111 496 3134 a.
521 3100 662 3147 populi
689 3095 927 3147 discrimine]

54 3150 155 3188 Cum
172 3151 318 3188 milites
336 3155 509 3195 tantum,
528 3153 713 3189 Germani
727 3153 766 3188 in
780 3153 932 3201 primis,

53 3203 279 3242 viderentur
324 3216 369 3241 ac
411 3206 634 3243 dicerentur
669 3207 766 3255 peti,
813 3207 932 3242 etiam

53 3256 122 3294 alii
151 3260 276 3307 togati
304 3263 344 3296 et
377 3260 528 3297 innoxii
560 3263 776 3309 promiscue
811 3262 932 3297 inter-

51 3311 295 3350 ficiebantur.
339 3314 447 3352 Eun.

112 3366 287 3404 Verterat
316 3368 359 3404 in
386 3367 509 3418 amm]
550 3369 719 3407 Groslot.
754 3369 862 3417 quid,
895 3368 928 3404 si

51 3419 256 3458 vertebat?

104 3474 280 3511 Fortuna
315 3482 439 3525 eaptoe
467 3475 590 3526 urbis]
626 3475 716 3513 Non
745 3477 926 3525 displicet

51 3527 251 3565 Vertranii
279 3527 481 3575 divinatio,
494 3531 632 3578 forma
661 3537 783 3578 captoe
809 3532 928 3568 urbis.

52 3582 165 3621 Ln’s.
220 3582 385 3621 Frustra
400 3588 622 3632 repugnant
651 3584 864 3622 Salinerius
888 3588 927 3622 et

996 2121 1168 2168 quidem.
1225 2122 1402 2157 Fortuna
1429 2127 1554 2169 cuptoe
1577 2121 1684 2158 urbis
1701 2125 1794 2157 ante
1811 2122 1880 2158 de-

996 2174 1164 2212 clarata:
1185 2175 1437 2223 sequebatur,
1451 2179 1498 2212 ut
1517 2174 1645 2211 luctus
1662 2174 1753 2211 inde
1766 2179 1877 2212 ortus

995 2229 1296 2274 describeretur,
1315 2241 1400 2278 quae
1426 2235 1485 2266 est
1512 2229 1659 2277 species
1686 2234 1728 2266 et
1751 2229 1879 2267 forma

994 2287 1118 2332 captae
1132 2284 1255 2329 urbis,
1272 2295 1350 2320 non
1363 2284 1532 2320 fortuna.
1549 2283 1703 2320 Habuit
1715 2283 1879 2322 Tacitus

994 2338 1037 2375 in
1055 2338 1186 2375 animo
1213 2338 1342 2374 locum
1370 2339 1487 2383 Livii,
1506 2338 1616 2375 velut
1645 2344 1680 2383 1,
1701 2344 1766 2378 29.
1800 2351 1878 2376 non

982 2393 1074 2440 fuit
1099 2394 1291 2430 tumultus
1310 2393 1391 2437 ille,
1409 2403 1476 2430 nec
1497 2405 1636 2442 pavor,
1656 2395 1784 2443 qualis
1809 2389 1878 2430 ca-

988 2453 1150 2495 ptarum
1169 2448 1321 2484 urbium
1343 2459 1421 2484 esse
1441 2448 1548 2485 solet.
1602 2448 1818 2484 Fortunam
1835 2454 1876 2483 et

981 2501 1159 2549 formam
1192 2502 1235 2537 in
1267 2501 1379 2538 MSS.
1405 2513 1504 2550 saepe
1534 2501 1735 2546 confundi,
1754 2513 1875 2549 supra.

986 2556 1070 2602 jam
1104 2555 1341 2592 monuimus.
1398 2555 1588 2592 Similiter
1621 2556 1672 2592 A.
1710 2560 1771 2599 15,
1806 2559 1873 2593 63.

990 2610 1152 2646 confusa
1156 2610 1332 2658 formido
1351 2613 1392 2645 et
1398 2610 1609 2658 fortitudo·
1655 2610 1762 2646 ERN.
1810 2611 1873 2647 Cf.

992 2664 1047 2700 H.
1079 2670 1120 2710 3,
1155 2669 1219 2701 28.
1254 2669 1319 2700 83.
1350 2667 1389 2699 et
1422 2664 1528 2702 Ann.
1566 2669 1602 2710 l,
1637 2669 1705 2700 41.
1738 2663 1799 2701 Sic
1831 2670 1874 2701 et

991 2718 1106 2755 ovid.
1123 2718 1244 2755 Trist.
1263 2724 1298 2763 1,
1313 2725 1353 2763 3,
1371 2720 1435 2754 26.
1466 2719 1565 2755 Hoec
1573 2718 1705 2767 facies
1725 2718 1870 2766 Trojoe,

991 2785 1079 2810 cum
1098 2778 1309 2822 caperetur,
1329 2778 1423 2809 erat.

1046 2827 1198 2863 Nomen
1230 2828 1427 2876 sedemque
1463 2827 1630 2863 Caesaris
1656 2825 1748 2875 etc.]
1786 2826 1868 2867 Qui

987 2884 1141 2917 attente
1158 2881 1238 2916 haec
1265 2880 1382 2928 leget,
1400 2880 1699 2926 animadvertet,
1717 2881 1867 2929 aliquid

986 2947 1085 2981 esse,
1119 2936 1221 2983 quod
1256 2935 1439 2971 offendat.
1485 2936 1694 2971 Constaret
1724 2936 1866 2981 oratio,

987 2989 1020 3025 si
1056 2993 1157 3025 esset
1190 3001 1324 3038 agens,
1358 3001 1431 3036 pro
1466 2990 1607 3036 agebat
1624 3005 1639 3030 ‚·
1681 2993 1752 3026 aut
1783 2992 1865 3035 sed,

986 3044 1087 3091 quod
1123 3048 1182 3079 est
1216 3048 1304 3091 post
1337 3046 1522 3087 intentus,
1556 3048 1650 3079 ante
1683 3046 1866 3082 nondum.

986 3098 1060 3134 Sed
1076 3097 1167 3134 libri
1187 3109 1260 3133 scr.
1280 3101 1319 3133 et
1339 3097 1426 3134 edd.
1455 3097 1497 3133 in
1519 3099 1677 3145 vulgato
1703 3110 1865 3135 consen—

984 3152 1104 3189 tiunt.
1148 3153 1327 3188 Fortasse
1344 3151 1522 3188 consulto
1541 3164 1565 3188 a
1581 3152 1720 3189 Tacito
1738 3153 1865 3188 forma.

985 3205 1175 3243 orationis
1196 3209 1350 3242 mutata
1364 3210 1436 3243 est.
1473 3206 1532 3243 Cf.
1550 3207 1598 3243 ad
1616 3219 1649 3243 c.
1671 3212 1707 3243 4.
1754 3208 1861 3243 Ean.

986 3261 1074 3297 Hoc
1099 3259 1263 3297 C'oesezris
1287 3261 1444 3297 nominc
1470 3261 1624 3298 nullum
1653 3260 1861 3308 imperium

984 3315 1025 3351 in
1038 3315 1309 3351 Domitianum
1329 3326 1411 3350 csse
1428 3315 1629 3359 collatum,
1654 3316 1719 3350 sed
1741 3316 1863 3362 juris-

982 3369 1193 3406 dictionem
1214 3374 1386 3415 tantum,
1405 3381 1451 3405 ex
1476 3381 1508 3406 c.
1537 3381 1617 3417 seq.
1640 3372 1764 3417 patet,
1794 3369 1863 3404 ubi

983 3423 1167 3459 Praetara
1186 3423 1241 3459 illi
1255 3427 1295 3459 et
1315 3425 1424 3460 Com.
1444 3424 1647 3472 imperinm
1661 3423 1861 3458 decretum

980 3481 1177 3514 narratur.
1220 3478 1282 3514 Cf.
1307 3477 1453 3524 Cuperi
1479 3478 1586 3524 praef.
1613 3478 1661 3512 ad
1688 3477 1793 3511 Lact.
1812 3476 1860 3511 de

981 3535 1096 3568 mort.
1125 3542 1269 3579 persec.
1300 3534 1340 3567 et
1368 3531 1482 3577 epist.
1523 3529 1574 3567 H.
1603 3529 1747 3566 Norisii
1767 3528 1859 3565 sub·-

976 3585 1129 3632 juncta.
