2190 3880
296 165 404 219 :39⁸
819 160 874 210 e.
909 159 1300 218 CORNELIUS
1332 165 1616 217 melros

305 289 424 344 dios
450 286 647 360 capitis
673 283 902 359 adspici,
928 290 1204 360 persuasio
1231 291 1441 363 adjicit.
1516 284 1848 369 Iliacusque
1875 301 1960 365 (et
1980 297 2127 352 fama

302 363 455 426 vera)
474 372 693 415 tantum
721 373 933 413 natura.
997 361 1146 433 Ergo
1163 363 1284 432 jam
1311 365 1507 418 dextro
1532 367 1939 435 Suevicistnaris
1962 369 2126 434 litore

301 434 624 505 AEstyorum
667 444 858 505 gentes
885 431 1176 491 adluuntur
1194 454 1225 486 :—
1247 436 1446 504 quibus
1470 437 1617 491 ,ritus
1644 439 1967 512 habitusque
1990 428 2125 495 Sue-'-

300 518 529 572 vorum}
566 504 755 575 lingua
782 504 1114 556 Britannicae
1143 508 1385 575 propior.
1459 507 1713 569 Matrem,
1739 502 1925 573 Deum*
1963 531 2126 566 vene-

295 589 506 632 rantur.
546 576 759 646 insigne
786 575 1204 645 superstitionis,
1231 577 1435 667 formas
1467 599 1722 651 aprorum
1745 575 1980 654 gestant.
2056 585 2123 639 Id

299 668 400 722 pro
443 649 607 702 armis
650 646 910 716 omnique
946 647 1144 701 tutela:
1185 667 1447 716 securuni-
1477 651 1612 706 Deae
1646 653 1918 714 cultorem
1954 648 2117 710 etiam

298 724 442 776 inter
467 721 650 773 hostes
694 730 937 790 praestat.
1014 718 1192 781 Rarus
1228 722 1380 786 ferri,
1409 723 1658 794 frequens
1702 725 1928 781 fustium
1974 747 2122 783 usus·

299 795 597 848 Frumenta
646 802 964 860 ceterosque
1001 790 1209 844 fructus
1253 796 1567 865 patientius,
1586 791 1757 867 *quam
1798 817 1911 870 *pro
1963 799 2123 854 solita

290 867 697 920 >Germanorum
727 863 938 927 inertia,
961 862 1229 917 laborant.
1297 867 1411 919 ‘Sed
1436 879 1494 920 et
1519 887 1666 921 mare
1691 881 2018 938 scrutantur,
2054 890 2120 927 ac

294 938 398 992 soli
423 937 670 990 omnium
694 935 995 1002 succinum,
1022 936 1170 1007 quod
1198 937 1302 1010 ipsi
1332 936 1543 994 Glesum
1570 943 1955 1010 vocantlinter
1981 945 2122 1009 vada

292 1114 584 1166 {nemag-entis,-
613 1112 746 1163 plures
764 1126 804 1151 se
820 1112 1043 1162 mergentis.
1078 1112 1178 1152 Bro-

292 1171 418 1207 terius
452 1169 672 1207 redundare
700 1179 835 1206 vocem
866 1167 1076 1206 sentiebat.
1128 1169 1175 1207 In

293 1226 354 1263 ed.
371 1226 486 1263 Rom.
506 1227 708 1273 comparet
725 1222 969 1273 emergentis.

344 1280 580 1330 Fax-masque
624 1277 817 1329 Deorum]
876 1276 1054 1323 Colerus‚
1081 1276 1175 1326 sor·

288 1347 447 1387 mosque
490 1345 696 1385 equorum.-
747 1332 796 1370 T.
838 1331 980 1377 Faber,
1013 1332 1174 1381 formas

289 1400 499 1441 equorum.-
544 1388 649 1438 quod
692 1387 846 1424 melius.
902 1387 1035 1425 Etiam
1083 1386 1170 1425 MS.

286 1444 662 1494 Turicens.sormas
678 1442 763 1480 sine
781 1441 934 1491 copula.
967 1442 1025 1479 At
1042 1441 1172 1479 Hein-

289 1499 372 1536 sius
391 1500 441 1536 ad
458 1498 597 1536 Vellei.
624 1503 660 1543 1,
683 1503 745 1538 17.
774 1498 863 1535 init.
869 1497 1089 1547 formaque
1113 1497 1175 1534 de-

288 1565 422 1593 corum
451 1565 484 1593 s.
509 1554 680 1593 decorem
693 1566 705 1589 .-
735 1551 805 1590 ubi
835 1555 876 1588 et
897 1552 1020 1602 Lipsii
1046 1562 1175 1589 corre·

286 1609 459 1647 ctionem
494 1621 535 1646 se
569 1609 782 1658 mergentis
819 1605 974 1658 probat.
1025 1606 1175 1656 Vulga-

286 1667 375 1702 tum
394 1664 550 1713 quidem
567 1663 752 1702 vitiosum
774 1668 848 1700 est.
875 1663 984 1701 Ena.
1013 1662 1173 1700 Heinsii

284 1720 513 1768 conJectura
531 1721 635 1755 stare
654 1717 808 1766 nequit,
826 1719 919 1767 quia
945 1717 1002 1754 nil
1029 1715 1085 1754 ibi
1103 1729 1171 1754 su·

283 1774 505 1826 perstitiosi
531 1774 645 1811 foret.
701 1773 878 1811 Eandem
908 1775 1040 1809 tamen
1079 1784 1170 1821 pro·

281 1828 363 1867 fert
389 1833 430 1867 et
447 1828 666 1866 Schefferus
683 1827 726 1865 in
744 1827 860 1865 Misc.
891 1825 987 1864 Obs.
1007 1831 1038 1865 t.
1060 1832 1097 1864 8.
1128 1839 1170 1876 p.

282 1889 378 1923 292.
407 1883 476 1920 ubi
504 1883 643 1920 vitiose
671 1882 819 1931 legitur
822 1882 1044 1932 sormoequc
1060 1882 1167 1918 Deo·

272 1950 370 1977 rum
389 1950 461 1988 pro
478 1939 671 1984 decorum,
689 1942 736 1974 ut
753 1949 801 1975 ex
816 1941 901 1974 toto
921 1947 1021 1975 nexu
1041 1939 1167 1986 patet.

279 1992 488 2035 Broterius
504 1992 645 2043 probat
653 1992 883 2043 formasque
907 2003 1103 2040 equorum,
1124 1991 1166 2028 ni

276 2048 381 2086 forte
389 2049 548 2097 formas
565 2049 742 2085 Deorum
757 2047 924 2094 accipias
945 2046 991 2082 de
1010 2046 1167 2094 Neptu·

277 2113 331 2142 no
347 2104 515 2152 aliisque
542 2103 630 2139 Diis
649 2102 812 2139 marinis
830 2101 947 2139 solem
969 2101 1166 2150 excipien-

275 2157 400 2195 tibus.
467 2157 675 2206 Bipontini
723 2160 892 2193 tuentur
944 2156 1163 2205 vulgatum,

276 2214 381 2261 quod
399 2218 440 2249 et
458 2217 609 2249 veteres
635 2211 825 2249 editiones
847 2210 1010 2257 habent,
1029 2210 1164 2248 existi-

275 2271 483 2317 mantque‚
519 2266 677 2315 effigies*
697 2266 930 2303 animalium
965 2266 1161 2314 inpressos

278 2322 367 2368 soli,
385 2322 491 2359 unde
519 2321 693 2358 deciduis
722 2319 939 2357 seminibus
966 2321 1162 2368 praecipue

279 2377 322 2414 in
351 2376 452 2414 mari
482 2376 730 2413 monstrificae
755 2376 974 2425 gignantur
998 2374 1161 2422 effigies,

275 2435 324 2468 ut
341 2435 402 2468 est
419 2430 526 2480 apud
542 2430 643 2468 Plin.
669 2430 723 2467 H.
743 2430 796 2467 N.
818 2435 855 2466 2.
875 2435 915 2467 3.
950 2429 1159 2466 credidisse

273 2490 314 2523 et
334 2485 419 2523 illas
450 2484 600 2535 gentes.
655 2485 804 2522 Forsan
835 2488 875 2521 et
902 2483 951 2519 ad
976 2493 1159 2521 auroram

271 2539 468 2578 borealem
507 2541 588 2578 haec
619 2539 825 2582 referenda
856 2541 1016 2588 putant,
1045 2538 1157 2586 cujus

270 2596 362 2633 miri
397 2595 508 2633 lusus
542 2601 585 2632 et
629 2594 791 2631 luminis
829 2593 1068 2630 vibrationes
1116 2597 1158 2631 et

267 2651 376 2700 apud
394 2650 491 2687 alios
518 2649 706 2687 barbaros
735 2653 775 2685 et
792 2649 898 2696 apud
926 2649 1029 2696 ipsos
1048 2649 1157 2685 Grae-

267 2717 333 2742 cos
349 2707 526 2743 Deorum
543 2705 687 2742 formas
715 2703 1012 2752 radiantemque
1031 2703 1154 2752 Supe-

266 2771 403 2798 rorum
436 2763 584 2797 coetum
619 2761 899 2807 reproescntare
933 2757 1014 2794 sint
1043 2758 1148 2795 visae.

267 2815 545 2862 Conjecturam
575 2815 676 2851 hanc
709 2814 865 2862 egregio
892 2813 992 2858 loco,
1013 2823 1062 2848 ex
1088 2813 1150 2849 Dc

266 2871 387 2908 Pauw
422 2869 544 2908 Rech.
582 2881 650 2906 sur
684 2868 1019 2905 les-Americains
1052 2870 1084 2903 t.
1116 2872 1150 2904 l.

267 2928 362 2961 sect.
395 2929 433 2962 Ω.
466 2924 650 2973 repetito,
678 2924 849 2960 firmant.
905 2921 1149 2958 Kirchmaie-

266 2991 333 3015 rus
348 2978 594 3028 intelligebat
607 2982 762 3026 spectra
780 2982 820 3014 et
836 2977 1067 3014 Daemonum
1082 2977 1150 3012 ad·

264 3034 480 3083 paritiones
509 3034 682 3070 tributas
715 3031 940 3069 credulitati
974 3031 1148 3079 plebeiae.

265 3088 328 3125 Cf.
357 3087 406 3125 A.
438 3094 479 3134 2,
505 3094 573 3125 24.
632 3087 843 3135 Longolius
873 3085 1067 3123 referebat
1098 3086 1148 3122 ad

262 3146 385 3188 astra,
403 3142 500 3179 duce
519 3142 661 3179 Ovidio
682 3142 779 3179 Met.
803 3146 840 3188 1,
859 3147 927 3182 73.

319 3198 426 3235 Illuc
456 3209 577 3247 nsque
616 3198 668 3246 (et
694 3197 815 3244 sama
849 3194 954 3245 vera)
992 3200 1148 3232 tantum

262 3250 424 3302 natura]
471 3252 599 3289 Aiunt
645 3254 877 3299 corruptum
923 3250 1068 3295 locum,
1109 3250 1144 3285 si

263 3319 380 3356 quem
396 3305 518 3343 alium
537 3306 578 3342 in
597 3305 657 3342 his
675 3304 800 3342 libris.
854 3304 908 3343 At
935 3316 1007 3353 ego
1026 3304 1144 3341 silen-

260 3363 320 3399 tio
346 3360 596 3405 transieram,
616 3365 662 3398 ut
687 3370 831 3408 purum
848 3362 889 3395 et
916 3358 1145 3407 liquentem.

261 3418 316 3455 Et
333 3427 427 3453 sane
445 3419 520 3453 est.
574 3415 768 3464 Loquitur
791 3417 839 3451 ut
856 3413 1056 3461 physicus,
1077 3413 1144 3449 sed

261 3471 369 3507 illius
413 3471 508 3507 aevi:
555 3471 620 3518 qui
669 3468 898 3515 censebant,
940 3467 1143 3505 Oceanum

260 3527 379 3563 finem
423 3535 571 3571 rerum,
613 3536 741 3574 neque
797 3523 905 3560 ultra
946 3521 1142 3560 Naturam

264 3580 382 3631 (hanc
408 3576 592 3627 inseram)
627 3591 726 3617 esse.
782 3578 926 3615 Avitus
951 3575 1142 3613 declama-

260 3638 325 3672 tor
346 3633 468 3687 (apud
485 3634 671 3675 Senecam
700 3634 811 3674 Suas.
835 3632 885 3684 1.)
925 3632 992 3670 Ita
1011 3637 1067 3670 est
1083 3642 1141 3668 re·

1230 1126 1319 1152 rum
1347 1114 1522 1154 Natura.
1546 1123 1639 1167 post
1657 1117 1788 1156 omnia
1820 1117 2012 1167 cecam,
2023 1126 2116 1170 pon

1234 1168 1430 1208 Oceanum
1457 1171 1572 1210 nihil.
1626 1172 1817 1214 Albutius
1847 1173 2115 1213 Alexandrum

1230 1222 1427 1273 Magnum
1451 1225 1715 1276 compellans:
1745 1222 1928 1266 Eundem
1943 1225 2114 1277 sor-etim:

1227 1279 1398 1317 victorioe
1414 1287 1507 1326 tem,
1526 1294 1638 1331 quem
1657 1282 1832 1329 Natura,
1839 1284 1964 1331 finem
1971 1284 2084 1331 facit
2099 1297 2119 1320 .·

1227 1332 1275 1370 de
1292 1333 1365 1371 hoc
1383 1334 1469 1384 ipso
1497 1335 1677 1374 Oceano.
1708 1336 1923 1377 Fabianus
1949 1338 1998 1374 ad
2015 1350 2113 1380 enn-

1226 1387 1329 1434 dem,
1349 1389 1576 1427 dissuadens
1595 1394 1752 1431 tentare
1769 1391 1993 1433 Oceanumz
2016 1391 2115 1430 Siue

1218 1444 1352 1492 potius
1369 1456 1498 1482 rerum
1521 1446 1735 1492 Naturam,
1752 1459 1871 1496 quam
1896 1447 2111 1484 Fortunam

1229 1502 1341 1535 tuam
1372 1499 1542 1547 deficere.
1596 1499 1699 1541 Pedo
1726 1500 2000 1543 Albinovanus
2025 1513 2110 1538 car·

1228 1553 1350 1598 mine,
1389 1565 1467 1602 quo
1512 1555 1791 1594 Germanicum
1848 1560 2007 1594 revocat
2057 1556 2110 1594 ab

1226 1608 1386 1645 Oceano
1404 1620 1440 1645 v.
1458 1614 1527 1647 90.
1581 1609 1662 1648 Dii
1685 1616 1879 1654 revocant,
1907 1621 2108 1662 rerumque

1225 1668 1358 1699 vetant
1384 1675 1609 1713 cognoscere
1620 1664 1758 1713 finem.
1814 1665 1991 1703 Crassuli
2022 1667 2108 1703 fue·

1223 1720 1335 1763 runt,
1353 1729 1426 1755 nec
1449 1717 1584 1757 orbem
1611 1719 1716 1756 hunc
1743 1730 1834 1757 vere
1861 1718 1995 1758 orbem
2023 1730 2106 1758 esse

1223 1773 1320 1809 satis
1346 1773 1559 1812 sciverunt.
1613 1774 1741 1820 Facit,
1764 1773 1868 1822 quod
1889 1774 1974 1822 jam
2002 1786 2109 1813 nune

1223 1826 1270 1862 de
1288 1827 1370 1864 sole
1389 1828 1431 1864 in
1458 1828 1661 1869 Oceanum
1687 1828 1798 1878 lapso
1822 1829 1938 1868 dixit.
1994 1830 2107 1869 Lu’s.

1222 1881 1338 1919 Varie
1367 1883 1496 1920 locum
1529 1887 1702 1920 tentant.
1755 1884 1918 1922 Vossius
1953 1895 1975 1920 e
2003 1883 2108 1922 libro

1220 1941 1368 1983 vetere,
1404 1937 1433 1975 1.
1464 1949 1499 1975 c.
1533 1938 1684 1988 profert
1722 1938 1966 1987 probatque:
2008 1940 2105 1978 illue

1222 2003 1353 2041 usque,
1368 1991 1554 2040 utfama,
1567 2005 1644 2029 non
1657 1997 1785 2030 tamen
1802 1999 1948 2030 natura
1959 2006 1972 2030 .·
2001 1995 2104 2043 quod

1220 2057 1304 2082 esse
1337 2046 1453 2084 dicit:
1500 2046 1558 2084 ibi
1591 2047 1796 2084 terminari
1832 2047 1993 2094 famam,
2023 2059 2103 2086 non

1219 2112 1352 2138 rerum
1370 2106 1567 2138 naturam.
1604 2102 1749 2138 Sensus
1769 2101 1911 2148 bonus,
1930 2103 1997 2140 sed
2022 2115 2102 2140 non

1219 2167 1267 2193 ex
1285 2155 1413 2192 verbis
1446 2156 1544 2193 istis.
1599 2156 1785 2194 Grotius:
1827 2157 1859 2194 i.
1879 2169 1919 2194 u.
1935 2157 2101 2206 sisarum

1217 2222 1322 2257 vera,
1339 2216 1368 2248 t.
1387 2223 1429 2249 u.
1471 2211 1546 2247 Sed
1564 2212 1630 2248 vix
1656 2211 1803 2248 attinet
1829 2214 1980 2249 ceteras
2009 2222 2102 2250 oon·

1210 2263 1385 2311 jecturas
1429 2265 1590 2304 referre.
1644 2266 1755 2305 ERN.
1811 2265 1935 2315 Lipsii
1978 2265 2101 2305 inter-

1217 2320 1480 2367 pretationem
1499 2324 1722 2368 sequuntur
1752 2320 1950 2358 vernaculi
1979 2321 2102 2358 inter·

1215 2379 1358 2427 protes.
1414 2375 1607 2412 Heinsius
1627 2373 1767 2424 dabat:
1800 2375 1906 2413 Illuc
1930 2387 2050 2425 usque
2065 2377 2099 2415 it

1201 2428 1323 2476 sama
1356 2435 1446 2465 vera
1481 2434 1634 2465 tontum
1666 2434 1832 2466 naturoe.
1890 2429 2097 2477 Bipontini

1213 2482 1347 2530 paullo
1363 2483 1501 2520 aliter:
1533 2484 1639 2522 Illuc
1655 2494 1774 2532 usque
1791 2482 1950 2531 itsama
1963 2497 1976 2520 .-
2006 2497 2097 2522 vera

1212 2542 1363 2575 tantum
1384 2543 1541 2575 natura.
1567 2538 1594 2574 i.
1622 2548 1658 2574 e.
1689 2548 1783 2574 vera
1809 2539 1919 2583 sunt,
1938 2549 2026 2586 quae
2049 2539 2096 2577 de

1211 2592 1386 2630 cadentis
1403 2595 1444 2628 et
1461 2591 1625 2629 orientis
1654 2591 1747 2628 solis
1770 2592 1915 2629 confini
1938 2593 2095 2642 fulgore

1210 2647 1331 2693 dicta,
1347 2650 1387 2682 et
1401 2652 1553 2684 naturae
1566 2647 1646 2683 sive
1664 2647 1722 2682 rei
1741 2647 1815 2695 ipsi
1830 2648 2068 2684 conveniunt
2083 2660 2094 2686 t

1209 2700 1325 2750 longe
1342 2700 1433 2744 alia,
1451 2713 1538 2750 quae
1555 2700 1660 2738 fama
1672 2700 1822 2738 addidit
1834 2700 2092 2742 credentium.

1207 2756 1294 2804 Ego
1313 2755 1463 2793 haesito.
1665 2780 1670 2785 -

1257 2809 1510 2860 AEstyoram]
1558 2809 1624 2848 Sic
1653 2808 1755 2848 bene
1782 2809 1912 2847 Rhea.
1942 2821 1991 2846 ex
2025 2810 2088 2850 ed.

1204 2864 1301 2902 Nor.
1332 2866 1395 2902 Sic
1423 2869 1464 2902 et
1488 2866 1550 2903 ed.
1568 2866 1682 2902 Rom.
1727 2864 1842 2903 Prius
1871 2867 1958 2901 erat
1983 2865 2089 2913 apud

1204 2920 1296 2957 Put.
1326 2919 1554 2968 Efluorum.
1608 2918 1730 2969 Apud
1753 2918 2025 2968 Egiuhardum
2048 2931 2085 2959 c.

1208 2979 1270 3012 12.
1289 2973 1475 3012 dicuntur
1493 2975 1618 3012 Aisti.

1254 3029 1430 3067 Matrem
1460 3027 1610 3079 Deum]
1655 3027 1718 3066 Sic
1747 3025 1848 3064 bene
1878 3026 1941 3064 ed.
1952 3027 2084 3066 ‘Rom-

1202 3087 1244 3121 et
1279 3084 1378 3122 Nor.
1435 3086 1586 3123 Contra
1629 3084 1719 3120 Put.
1766 3086 1808 3120 et
1851 3082 1976 3131 ming.
2030 3095 2085 3120 m.

1201 3140 1346 3177 Deam.

1261 3194 1515 3243 Omniumque
1541 3190 1680 3241 tutela]
1720 3191 1910 3229 Fortasse*
1926 3190 2086 3238 melius,

1198 3249 1373 3297 omnique
1401 3248 1536 3285 tutela.
1595 3247 1709 3284 Ln’s.
1762 3245 1836 3283 Sed
1863 3244 1988 3292 major
2020 3246 2083 3282 in·

1196 3302 1423 3352 terpunctio
1438 3313 1521 3338 esse
1538 3299 1655 3337 debet
1672 3303 1761 3349 post
1775 3299 1912 3344 tutela,
1931 3299 2009 3336 sic:
2037 3299 2084 3339 id

1192 3370 1268 3406 pro
1281 3357 1402 3394 armis
1418 3357 1594 3406 omnique
1610 3355 1755 3392 eutela:
1781 3365 1957 3391 securum
1978 3352 2078 3397 Deoe

1198 3424 1232 3449 c.
1251 3415 1328 3449 etc.
1382 3411 1451 3456 Et,
1471 3411 1566 3459 quia
1582 3409 1667 3448 MS.
1683 3407 1818 3446 Turic.
1835 3407 1951 3456 plane
1968 3408 2079 3444 exhi·

1197 3465 1265 3502 bet
1298 3467 1475 3515 omnique
1501 3466 1640 3510 tutela,
1668 3462 1726 3499 ita
1759 3462 1956 3510 rescripsi.
2009 3462 2078 3499 Se·

1191 3521 1280 3559 cuti
1324 3524 1419 3557 sunt
1460 3519 1721 3558 Allemannus
1773 3521 1816 3554 et
1857 3516 2078 3556 Broterius.

1196 3575 1307 3614 ERN.
1560 3583 1564 3587 ·
2007 3596 2013 3611 2

1251 3629 1461 3668 Succinum
1471 3626 1626 3681 legunt]
1659 3625 1738 3668 Hic
1750 3625 1858 3667 locus
1871 3628 1946 3672 est,
1960 3634 2076 3676 quem
