2190 3880
695 136 850 188 ΜΒ.
899 135 985 188 ιν.
1033 122 1202 185 cAP.
1238 142 1318 188 53.
1840 138 1939 191 28⁷

137 267 312 344 trimis
358 264 753 335 matrimisque,
797 281 956 334 aqua,
1007 262 1146 314 vivis
1200 280 1230 314 e
1282 261 1529 315 fontibus
1581 262 2073 333 amnibusqueA.U.

136 339 349 406 hausta,
423 336 646 424 erin-ere.
718 335 860 418 rl'um
907 333 1195 415 Helvidius
1237 333 1472 398 PriscuS‚
1525 333 1752 399 Praetor,
1797 352 1936 416 pree·-
1956 326 2074 416 ‘223

141 425 343 466 eunte»
413 410 580 462 lautio
644 408 879 472 AEhano‚
935 405 1223 470 Pontifice,
1279 405 1504 458 lustrata
1568 406 1942 458 suovetaurili-
1984 433 2052 474 ῃ,

138 484 239 538 bus
289 499 414 536 area
448 493 511 533 et>
552 499 711 553 super
754 480 1015 552 cespitem
1062 477 1286 553 redditis
1333 478 1496 543 exue,
1533 475 1734 543 Jovem,
1770 478 1945 530 Juno-

218 599 234 623 l

133 667 146 676 -
190 642 311 696 Aqua
322 640 514 694 perluere]
547 640 706 680 Solenni
725 644 766 678 et
789 639 934 679 usitata
953 640 1015 677 lu-

136 699 346 746 ltmtione,
365 697 522 748 publice
549 696 812 745 privatimque
843 700 1015 744 recepta.

137 753 410 793 Tertullianus
443 752 491 790 de
524 751 647 798 Bapt.
684 762 718 787 c.
753 754 790 787 5.
839 750 1016 786 Ceterum

140 809 272 855 villas,
305 807 449 853 domos,
492 805 652 855 templa,
694 810 868 853 totasque
909 803 1020 840 urbes·

139 862 351 913 cuper-gine
366 860 608 898 circumlata?
623 870 736 907 aquoe
753 858 915 907 expiant
924 870 1020 907 pas-

119 918 229 956 ·sim.
279 914 392 967 ’ῌΠίο
417 914 476 951 rei
500 918 541 950 et
569 911 836 966 πεςιρῥαντῆςια
855 922 948 949 vasa.
973 911 1019 949 in

138 969 312 1020 templis,
330 979 433 1018 aqua
449 968 607 1006 lustrali
631 967 761 1015 plena,
786 977 865 1015 qua
882 967 1019 1003 Sacer-

139 1026 250 1064 dotes
272 1029 345 1062 aut
367 1023 504 1061 aeditui
530 1022 724 1059 intrantes
754 1024 1021 1070 aspergerent,

141 1082 215 1118 aut
239 1079 359 1116 etiam
384 1076 466 1127 'ipsi
496 1088 592 1113 sese.
646 1076 883 1113 sozomenus
914 1077 955 1121 6,
982 1078 1021 1112 6.

143 1130 307 1184 eal-7443
333 1144 432 1174 τινας
456 1128 652 1184 διοιέξὸχες
671 1129 847 1180 κως-ἒχων
865 1128 881 1166 ὅ
899 1127 1021 1182 ἱερεὺς,

141 1187 235 1239 wipo?
267 1186 447 1236 immina}
492 1183 694 1238 τεςιίρῥαινι
730 1183 795 1226 rite
833 1182 1021 1228 εἷσιόντας,

140 1242 306 1282 Ovidius
337 1242 446 1279 Fast.
473 1244 515 1286 4,
552 1243 646 1279 728.
687 1238 845 1289 Udaque
877 1239 1025 1275 rorales

143 1298 278 1345 laurea
305 1296 413 1334 mis-it
438 1306 572 1345 aquas.
628 1292 827 1342 Insignem
854 1292 903 1329 ad
924 1293 1025 1329 hanc

143 1351 387 1390 ablutionem
404 1349 532 1386 locum
550 1347 684 1394 abluo,
703 1346 864 1385 Asconii
881 1347 927 1384 In
947 1347 1020 1384 Di-

143 1405 414 1445 vitiationem:
463 1403 553 1441 Alii
594 1403 752 1440 delubra
798 1403 934 1439 dicunt
973 1414 1021 1439 ea

144 1459 306 1512 templa,
319 1461 374 1514 {u
397 1458 534 1512 quibus
564 1462 655 1494 sunt
684 1456 794 1494 labra
822 1468 1022 1505 corporum

144 1511 424 1564 abluendorum
460 1517 713 1556 mortuorum,
749 1517 794 1548 ut
828 1511 1024 1548 Dodonaei

143 1569 260 1608 Jvnis
274 1566 349 1606 aut
360 1567 558 1617 Apollinis
574 1566 778 1615 Delphici,
795 1566 836 1603 in
860 1577 1022 1615 quorum

144 1622 313 1662 delubris
336 1620 496 1661 svlelvetes
542 1621 782 1670 tripodesque
832 1621 1023 1657 visuntur.

143 1678 296 1725 Pallor,
325 1680 398 1715 aut
414 1672 421 1688 ³
435 1674 478 1714 τὸ
516 1682 769 1721 mortuorum,
801 1673 851 1710 ab
888 1675 1023 1722 inepto

145 1731 422 1782 glossographo
451 1734 529 1766 est:
567 1740 639 1778 nec
673 1728 831 1766 aliunde
859 1728 1022 1765 delubra

145 1787 314 1828 derivari
342 1785 443 1833 vult,
461 1795 580 1834 quam
608 1783 659 1820 ab
691 1784 768 1820 ista
791 1784 832 1821 in
856 1783 1023 1832 templo-

146 1841 370 1895 rumssvasis
397 1850 508 1889 aqua.⁴
531 1838 581 1875 ad
613 1838 863 1875 deluendum.
909 1839 1024 1876 prs.

150 1898 342 1949 Ceterum
372 1894 489 1945 lectio
513 1894 602 1947 'haee
637 1896 697 1931 est
732 1905 754 1930 e
788 1893 1026 1943 correctique

150 1952 348 2002 Rhenani.
379 1944 579 2001 Firmatur
596 1951 727 1988 tamen
749 1947 907 1984 initium
926 1960 1029 1998 aqua

148 2007 246 2044 ’νὶυῶ-
262 2001 497 2044 MS.'Guelf.
541 2002 674 2041 Ceteri
702 2001 795 2039 libri
820 2003 950 2039 trimis
968 2001 1030 2038 vel

147 2060 266 2099 trinis
281 2073 294 2097 .-
320 2058 424 2109 quod
441 2056 677 2106 repetitione
705 2057 870 2094 fortuita
894 2060 1032 2093 natum

148 2126 171 2152 e
204 2126 298 2152 voce
331 2114 558 2162 matrimi&
592 2112 763 2159 Ryckius
805 2111 978 2160 corrigit,
1013 2124 1033 2147 e

151 2168 340 2218 vicinisf.
361 2181 399 2205 α.
415 2180 436 2203 e
457 2169 536 2204 Cic.
554 2165 608 2204 N.
628 2167 679 2203 D.
698 2172 738 2212 3,
754 2170 818 2202 20.
874 2167 1033 2202 Poterat

151 2223 241 2264 addi
259 2223 347 2261 Liv.
373 2228 410 2268 1,
427 2227 494 2259 45.
524 2225 623 2258 extr.
677 2221 788 2258 Ferri
816 2231 927 2270 posse
946 2220 1032 2257 vul-

151 2281 287 2328 gatum
305 2276 474 2323 videtur,
493 2278 535 2312 at
547 2275 785 2324 periphrasis
803 2285 914 2324 aquae
929 2275 1026 2311 vivae

149 2343 221 2383 per
259 2328 440 2385 μερισμόν.
497 2327 551 2367 Et
583 2329 707 2367 videri
742 2333 908 2378 possunt
946 2329 1028 2366 haec

153 2390 283 2425 sumta
307 2397 356 2423 ex
386 2384 640 2433 inscriptione
667 2387 739 2421 aut
766 2384 840 2421 SC.
869 2384 912 2420 in
943 2384 1030 2432 qui-

151 2441 227 2480 bus
263 2441 364 2478 talia
400 2438 581 2488 reperiri,
619 2440 713 2476 satis
757 2438 924 2475 constat.
962 2438 1028 2474 sed

154 2496 352 2534 verissime
380 2494 602 2532 emendavit
625 2494 666 2531 J.
693 2493 915 2530 Gronovius
933 2493 1029 2529 vivis

154 2563 174 2587 e
194 2549 376 2599 sentibus
403 2561 442 2586 α.
478 2548 708 2597 musei-tim,
739 2558 829 2584 cum
859 2546 902 2584 «rb
931 2559 950 2583 e
978 2547 1031 2582 sit

157 2604 199 2640 in
233 2603 368 2640 iisdem
403 2601 516 2639 libris
551 2602 738 2650 antiquis.
773 2602 894 2649 quue.
928 2611 1034 2637 rece-

155 2658 301 2708 pimus.
353 2657 492 2694 Voluit
534 2660 575 2692 et
610 2656 692 2704 ipse
729 2655 923 2703 exprimi3
967 2655 1033 2691 sed

155 2724 282 2762 operae
325 2723 403 2749 non
451 2714 684 2759 paruerunt.
751 2709 863 2746 Nihil
899 2709 1034 2766 tritius

157 2769 243 2804 vivo
275 2766 435 2803 flumine
469 2767 511 2801 in
543 2765 676 2801 sacris.
707 2763 796 2801 Vid.
833 2765 955 2802 Gron.
985 2755 1032 2808 ad

156 2821 197 2858 h.
234 2820 261 2858 l.
297 2821 345 2857 In
381 2827 556 2856 extremo
597 2830 730 2855 omnes
771 2830 842 2855 scr.
878 2822 917 2854 et
950 2817 1035 2858 edd.

155 2880 249 2912 ante
265 2874 392 2912 Rhen.
413 2874 561 2923 pluere,
580 2885 652 2922 pro
670 2884 747 2922 quo
774 2873 872 2909 Ant.
901 2871 1037 2920 Augu-⁴

155 2929 284 2968 stinus
317 2927 490 2966 malebat
519 2928 735 2976 perpluere,
773 2927 875 2975 quod
909 2927 1033 2974 magis

154 2982 284 3034 placet
301 2994 417 3032 quam
429 2983 618 3031 perluere.
661 2981 819 3018 Etenim
836 2981 1036 3029 adspersio

153 3037 222 3078 illa
250 3037 326 3076 fuit
353 3049 452 3074 arcae
479 3035 691 3073 lustranda».
708 3047 859 3081 caussa,
887 3036 933 3072 de
959 3047 1036 3083 quo

149 3094 351 3145 perpluere
365 3091 440 3128 dici
455 3094 599 3139 potest,
618 3101 696 3126 non
705 3091 891 3139 perluere.
927 3090 1035 3127 Emi.

156 3143 307 3186 Puteol.
324 3151 365 3183 et
379 3146 466 3183 Alc.
485 3157 511 3182 a
529 3146 738 3194 quati-imis
751 3150 786 3180 et
794 3143 900 3191 sont.
928 3144 1034 3181 Bud.

159 3203 362 3252 aquarinis
378 3207 415 3238 et
420 3200 528 3248 font.
574 3198 689 3236 Unde
716 3198 844 3236 Rhen.
862 3196 1037 3245 fingebat

160 3253 263 3306 aqua
275 3257 371 3293 rivis
388 3255 539 3303 ecforzt.
576 3251 671 3290 Ant.
701 3251 950 3301 Augustinus
970 3252 1036 3288 da-

159 3307 230 3346 bat
263 3322 365 3360 aqua
394 3322 414 3346 e
445 3309 541 3345 rivis
574 3313 612 3344 et
636 3308 745 3355 font.
800 3307 1036 3343 Rhenanam

161 3364 285 3400 secuti
314 3367 407 3400 sunt
434 3362 617 3407 editores,
637 3362 757 3397 donec
785 3362 923 3397 scitam
951 3362 1037 3398 Jac.

160 3417 348 3455 Gronovii
369 3417 631 3464 conjecturam
651 3416 846 3464 reciperet
862 3414 1037 3460 Ernesti,

160 3482 278 3520 quem
305 3471 448 3508 imitati
475 3470 724 3507 recentiores.
778 3470 1004 3518 Praepositio
1020 3481 1039 3505 e

158 3523 244 3562 loco
263 3524 330 3562 ero?
344 3531 381 3562 et
391 3523 565 3562 'debetur
584 3523 689 3561 Flor.
732 3521 866 3559 Habet
884 3530 923 3559 et
942 3523 1040 3572 Reg.

162 3578 258 3617 Lan.
293 3578 507 3627 Augustini
531 3579 733 3626 perpluere
760 3577 913 3625 longius
937 3579 1039 3626 peti·

1066 641 1154 678 tum
1166 639 1321 688 judicat
1336 638 1557 677 Broterius.
1597 636 1703 676 Bud.
1722 626 1823 675 male
1838 638 1949 688 plue-

1067 700 1139 732 ret.

1123 749 1270 786 Plauto
1305 746 1474 797 Eliano]
1518 746 1581 784 Sic
1612 745 1740 784 vatic.
1774 745 1950 783 Barbare

1071 804 1191 852 vulgo
1207 802 1385 840 Eliatio.
1432 803 1544 840 Lu’s.
1585 801 1792 838 consentit
1811 800 1871 838 ed.
1891 812 1950 848 pr.

1071 858 1147 895 etsi
1167 856 1286 894 habet
1305 858 1456 894 Cliano.
1503 855 1672 904 Ryckius
1690 854 1849 903 conjicit
1859 856 1953 892 scri·

1072 912 1243 949 bendum
1264 911 1423 949 Plautio
1441 911 1622 955 AEliam,
1641 914 1687 946 ut
1706 909 1953 958 intelligatur

1073 967 1121 1004 T.
1138 967 1318 1004 Plautius
1330 965 1515 1003 Silvanus
1542 964 1739 1010 AElianus,
1757 963 1885 1004 clarus
1905 965 1953 1001 il·-

1073 1021 1122 1058 lis
1147 1019 1393 1070 temporibus
1403 1020 1501 1061 Jir:
1530 1020 1578 1056 de
1606 1030 1683 1067 quo
1705 1022 1763 1056 est
1781 1022 1876 1055 nota
1891 1018 1954 1056 in-

1075 1075 1236 1124 scriptio
1262 1086 1327 1123 ap.
1356 1075 1571 1111 Gruterum
1598 1086 1639 1123 p.
1655 1077 1750 1110 453.
1780 1073 1900 1110 etiam
1929 1085 1955 1109 a

1075 1129 1225 1178 Ryckio
1241 1129 1288 1165 ad
1308 1129 1347 1165 h.
1361 1128 1389 1165 l.
1409 1128 1532 1170 allata
1549 1131 1590 1164 et
1615 1127 1836 1165 accuratius
1856 1139 1877 1163 e
1891 1128 1955 1165 Pi-

1076 1185 1205 1222 ranesi
1217 1183 1430 1221 Antichita
1445 1183 1560 1220 Rom.
1572 1181 1655 1219 tab.
1674 1181 1747 1219 XI.
1765 1193 1791 1218 a
1816 1182 1956 1219 Brote-

1077 1240 1150 1284 rio,
1169 1238 1236 1287 qui
1255 1241 1296 1274 et
1313 1237 1369 1274 sic
1387 1236 1523 1283 edidit,
1539 1239 1587 1274 ut
1602 1234 1858 1274 Alemannus.
1892 1237 1958 1274 Id-

1079 1305 1156 1343 que
1175 1297 1215 1329 et
1234 1304 1303 1329 nos
1322 1291 1467 1330 imitati
1486 1301 1635 1328 sumus.
1676 1291 1723 1328 In
1741 1301 1788 1326 ea
1800 1293 1841 1327 et
1855 1291 1957 1328 Pon·

1073 1348 1246 1386 tificatus
1271 1346 1463 1384 tribuitur
1490 1345 1659 1383 Plautio.
1704 1344 1812 1383 ERN.
1852 1344 1956 1384 Bud.

1075 1403 1223 1440 Plauto
1240 1401 1408 1439 Eliatio.

1129 1458 1323 1507 Dustruta
1351 1455 1438 1492 bove
1465 1450 1684 1504 tauri-sque]
1713 1454 1818 1492 Vera
1838 1454 1956 1491 dictio

1076 1510 1410 1550 suovetaurilibus.
1448 1509 1567 1546 Praeit
1579 1506 1707 1546 vatic.
1725 1509 1767 1545 in
1782 1521 1874 1558 qu0,
1893 1509 1955 1546 bo-

1075 1565 1347 1605 vetaurilibus:
1365 1570 1406 1602 et
1418 1563 1678 1608 covarruviae‚
1697 1563 1766 1611 qui
1779 1563 1957 1601 bovetau·

1073 1622 1193 1659 ribus.
1246 1619 1402 1657 Scilicet
1436 1617 1555 1667 prisci
1580 1618 1621 1655 in
1653 1617 1956 1655 lustrationibus

1074 1680 1146 1713 aut
1173 1674 1382 1724 piamentis
1408 1673 1482 1710 hoc
1506 1672 1683 1709 sacrificii
1702 1682 1825 1720 genus
1844 1672 1954 1709 adhi-

1075 1730 1239 1776 bebant,
1258 1724 1408 1766 solenni
1425 1727 1523 1765 ritu.
1553 1726 1687 1764 Livius
1706 1730 1744 1772 8,
1763 1732 1824 1763 10.
1862 1728 1954 1764 Telo

1072 1786 1199 1836 potiri
1232 1784 1376 1821 hostem
1395 1783 1471 1831 fas
1497 1793 1574 1818 πωι
1607 1787 1685 1818 est.-
1714 1783 1749 1817 si
1763 1782 1954 1831 potiatur,

1080 1840 1210 1878 Marti
1253 1835 1575 1876 suovetaurilibus
1613 1836 1818 1886 piaculum
1847 1837 1957 1885 steri.

1081 1894 1243 1933 Tacitus
1271 1894 1333 1945 A„
1350 1897 1372 1929 5
1416 1891 1474 1940 (6,
1509 1888 1592 1940 37.)
1628 1890 1963 1938 Saerzflcantibus,

1083 1961 1170 1986 cum
1190 1949 1252 1985 hic
1274 1959 1377 1984 more
1402 1946 1579 1983 Romano
1596 1945 1875 1982 suovetaurilia
1893 1945 1965 1981 da·-

1082 2010 1156 2049 ret,
1175 2003 1241 2039 ille
1259 2014 1397 2051 equum
1408 1999 1601 2050 placando
1614 2000 1733 2054 amai.
1763 1999 1864 2038 Cato
1876 1999 1964 2037 RR.

1085 2070 1119 2096 c.
1136 2061 1205 2094 141
1227 2054 1338 2108 (142)
1347 2083 1355 2092 .
1371 2055 1469 2092 Cum
1480 2054 1600 2091 Divis
1611 2053 1836 2100 volentibus,
1847 2055 1963 2103 quod-

1085 2125 1155 2162 que
1175 2112 1263 2148 bene
1279 2111 1442 2155 eveniat,
1455 2108 1595 2146 mando
1610 2108 1681 2145 tibi
1692 2107 1827 2154 immi,
1840 2109 1903 2145 uti
1915 2109 1964 2144 il—

1085 2170 1166 2204 [αι-ε
1183 2164 1477 2209 suovetaurilia,
1486 2162 1681 2211 fundum,
1705 2174 1862 2212 agrum,
1887 2170 1963 2199 ter-

1083 2232 1241 2271 ramque
1259 2231 1397 2264 meam,
1417 2223 1534 2268 quota
1550 2229 1599 2255 ex
1624 2223 1738 2265 parte
1756 2216 1961 2265 circumfi-›

1079 2275 1199 2313 reuda
1213 2285 1375 2316 censeas,
1390 2273 1452 2310 uti
1464 2283 1571 2309 eures
1583 2272 1759 2309 lustrare.
1788 2271 1888 2312 Quae
1902 2271 1960 2308 vi·

1084 2330 1211 2366 ctimae
1222 2329 1264 2365 in
1278 2328 1350 2365 hoc
1366 2338 1490 2373 sacro,
1503 2327 1577 2363 etsi
1597 2337 1671 2363 vox
1690 2325 1851 2371 iudicat,
1864 2326 1967 2363 clare.

1085 2384 1205 2421 etiam
1227 2383 1354 2420 Varro
1370 2379 1460 2419 RR.
1482 2386 1523 2426 2,
1545 2386 1584 2418 1.
1622 2379 1797 2429 Populus
1821 2380 1967 2417 Roma-

1083 2452 1155 2476 nus
1164 2450 1252 2475 eum
1261 2438 1452 2474 lustratur
1458 2434 1791 2480 suovetaurilibus,
1802 2436 1969 2471 circum-

1083 2499 1258 2542 aguntur
1267 2502 1403 2541 verres,
1413 2490 1528 2534 aries,
1540 2495 1690 2526 taurus.
1706 2488 1761 2525 Et
1769 2488 1965 2528 Quinctil.

1088 2554 1102 2583 l
1113 2573 1125 2593 ,
1141 2553 1180 2592 5,
1199 2549 1264 2586 67.
1297 2545 1407 2581 Nam
1418 2543 1695 2580 suovetaurilia
1701 2542 1793 2591 jam
1806 2555 1968 2591 persua·

1086 2614 1173 2638 sum
1200 2606 1256 2637 est
1284 2611 1361 2636 esse
1388 2610 1436 2634 ex
1453 2610 1533 2643 sue,
1553 2609 1617 2634 ove
1633 2601 1670 2633 et
1689 2601 1815 2634 taum.
1869 2596 1967 2636 Soli-

1085 2654 1250 2693 taurilia
1275 2654 1357 2690 haec
1384 2651 1504 2688 etiam
1521 2652 1641 2696 dicta,
1658 2649 1811 2687 docebit
1836 2653 1878 2686 te
1893 2652 1968 2688 Fe-

1088 2714 1187 2747 stus.
1217 2719 1289 2745 nec
1314 2707 1463 2743 abeunt
1481 2717 1506 2742 a
1522 2707 1744 2743 Graecorum
1766 2705 1887 2742 veteri
1907 2717 1968 2742 sa-

1089 2771 1169 2810 cro,
1198 2763 1300 2812 quod
1326 2761 1384 2797 illi
1414 2759 1562 2813 τρια-φὺν
1588 2758 1782 2796 dicebant.
1816 2759 1862 2795 de
1891 2772 1970 2807 quo

1089 2818 1323 2856 Eustathius
1345 2828 1384 2865 p.
1410 2817 1526 2854 1676.
1547 2813 1598 2850 ad
1624 2814 1698 2851 Od.
1715 2821 1756 2857 λ.
1773 2819 1861 2851 130.
1881 2815 1970 2852 alii·

1092 2883 1182 2922 que.
1238 2872 1350 2909 L1rs.
1395 2868 1500 2906 Flor.
1518 2869 1614 2917 Agr.
1633 2868 1695 2906 ed.
1715 2880 1773 2917 pr.
1792 2869 1969 2907 bovetau-

1088 2926 1238 2965 rilibus.
1293 2925 1400 2962 ERN.
1453 2923 1556 2960 Bun.
1575 2923 1662 2960 bove
1678 2924 1888 2973 taurus-que.
1962 2939 1964 2941 ·

1143 2981 1269 3029 Super
1302 2979 1480 3027 cespitem
1513 2977 1675 3015 redditis
1706 2977 1825 3028 extis]
1869 2977 1969 3015 Edd.

1091 3037 1180 3072 Put.
1197 3034 1292 3071 Ber.
1312 3031 1396 3070 Alc.
1423 3032 1642 3069 secundum.
1672 3031 1787 3075 male,
1805 3034 1852 3069 ut
1874 3031 1969 3069 alibi

1090 3099 1243 3138 quoque
1261 3090 1464 3136 peccatum
1481 3086 1662 3123 vidimus.
1696 3085 1868 3124 Reddere
1881 3097 1971 3135 pro-

1089 3144 1220 3194 prium
1249 3143 1295 3178 de
1321 3141 1422 3178 extis
1441 3140 1603 3178 verbum
1621 3150 1720 3186 esse,
1740 3140 1857 3176 etiam
1874 3141 1969 3177 tiro-

1091 3209 1159 3235 nes
1177 3197 1275 3233 scire
1290 3194 1473 3232 arbitror.
1528 3196 1635 3233 ERN.
1687 3193 1815 3233 Rhea.
1829 3206 1850 3231 e
1867 3195 1970 3232 Bud.

1090 3252 1199 3288 dedit
1215 3262 1341 3300 super.
1395 3249 1458 3286 Sic
1470 3253 1510 3286 et
1525 3249 1630 3287 Flor.
1647 3252 1688 3285 et
1704 3249 1801 3297 Agr.

1143 3304 1296 3350 Jove'm,
1312 3304 1411 3342 Jun.
1430 3302 1552 3354 Μίνω]
1584 3304 1751 3352 Egregie
1773 3303 1852 3339 lioec
1877 3301 1969 3339 illu-

1092 3363 1194 3397 strat
1210 3371 1352 3396 numus
1371 3358 1616 3406 Vespasiani,
1636 3358 1676 3393 in
1694 3357 1804 3403 cujus
1822 3356 1971 3404 postica

1091 3414 1283 3464 templum
1312 3413 1557 3459 hexastylon,
1577 3412 1717 3448 statuis
1746 3420 1912 3458 superne
1930 3413 1970 3445 et

1093 3469 1280 3516 utrinque
1322 3469 1568 3509 exornatum,
1614 3466 1654 3501 in
1699 3465 1809 3510 cujus
1845 3462 1972 3499 medio

1095 3524 1251 3572 signum
1281 3522 1390 3558 Jovis
1421 3519 1607 3563 sedentis,
1625 3518 1687 3555 cui
1720 3518 1767 3554 ad
1796 3517 1973 3553 dextram

1097 3578 1227 3614 adstat
1239 3575 1386 3622 Pallas,
1403 3573 1450 3610 ad
1469 3573 1604 3611 laevam
1622 3573 1743 3609 Juno.
1800 3570 1973 3609 Exhibe—t
