<?xml version="1.0" encoding="UTF-8"?>
<!DOCTYPE html PUBLIC "-//W3C//DTD XHTML 1.0 Transitional//EN"
    "http://www.w3.org/TR/xhtml1/DTD/xhtml1-transitional.dtd">
<html xmlns="http://www.w3.org/1999/xhtml" xml:lang="en" lang="en">
 <head>
  <title>
</title>
<meta http-equiv="Content-Type" content="text/html;charset=utf-8" />
  <meta name='ocr-system' content='tesseract 3.04.00' />
  <meta name='ocr-capabilities' content='ocr_page ocr_carea ocr_par ocr_line ocrx_word'/>
</head>
<body>
  <div class='ocr_page' id='page_1' title='image "./p1operaexrecensi02taciuoft_0048.png"; bbox 0 0 2190 3880; ppageno 0'>
   <div class='ocr_carea' id='block_1_1' title="bbox 328 142 1517 208">
    <p class='ocr_par' dir='ltr' id='par_1_1' title="bbox 328 142 1517 208">
     <span class='ocr_line' id='line_1_1' title="bbox 328 142 1517 208; baseline -0.003 -1"><span class='ocrx_word' id='word_1_1' title='bbox 328 160 394 208; x_wconf 60' lang='grc' dir='ltr'>πε</span> <span class='ocrx_word' id='word_1_2' title='bbox 921 142 1517 204; x_wconf 74' lang='lat' dir='ltr'>ms&#39;romARUM&#39;</span> 
     </span>
    </p>
   </div>
   <div class='ocr_carea' id='block_1_2' title="bbox 197 278 2179 1712">
    <p class='ocr_par' dir='ltr' id='par_1_2' title="bbox 197 278 2179 639">
     <span class='ocr_line' id='line_1_2' title="bbox 197 278 2179 360; baseline 0.001 -19"><span class='ocrx_word' id='word_1_3' title='bbox 197 302 315 342; x_wconf 75' lang='lat' dir='ltr'>A.U.</span> <span class='ocrx_word' id='word_1_4' title='bbox 332 283 555 346; x_wconf 81' lang='lat' dir='ltr'>fectum,</span> <span class='ocrx_word' id='word_1_5' title='bbox 583 278 740 334; x_wconf 87' lang='lat' dir='ltr'>simul</span> <span class='ocrx_word' id='word_1_6' title='bbox 765 281 931 334; x_wconf 81' lang='lat' dir='ltr'>mitti.</span> <span class='ocrx_word' id='word_1_7' title='bbox 969 282 1014 334; x_wconf 90' lang='lat' dir='ltr'>is</span> <span class='ocrx_word' id='word_1_8' title='bbox 1045 281 1272 336; x_wconf 88' lang='lat' dir='ltr'>consilio</span> <span class='ocrx_word' id='word_1_9' title='bbox 1299 281 1620 336; x_wconf 83' lang='lat' dir='ltr'>intercessit.</span> <span class='ocrx_word' id='word_1_10' title='bbox 1698 282 1888 357; x_wconf 81' lang='lat' dir='ltr'>Legati</span> <span class='ocrx_word' id='word_1_11' title='bbox 1918 293 2139 360; x_wconf 67' lang='lat' dir='ltr'>quoque</span> <span class='ocrx_word' id='word_1_12' title='bbox 2168 284 2179 310; x_wconf 67' lang='lat'>¹</span> 
     </span>
     <span class='ocr_line' id='line_1_3' title="bbox 208 353 2137 426; baseline 0.004 -20"><span class='ocrx_word' id='word_1_13' title='bbox 208 359 303 426; x_wconf 34' lang='lat'>223..</span> <span class='ocrx_word' id='word_1_14' title='bbox 331 359 481 420; x_wconf 85' lang='lat' dir='ltr'>(nam</span> <span class='ocrx_word' id='word_1_15' title='bbox 522 355 750 407; x_wconf 84' lang='lat' dir='ltr'>Senatus</span> <span class='ocrx_word' id='word_1_16' title='bbox 793 354 1112 407; x_wconf 82' lang='lat' dir='ltr'>electionem</span> <span class='ocrx_word' id='word_1_17' title='bbox 1152 353 1344 407; x_wconf 83' lang='lat' dir='ltr'>Galbae</span> <span class='ocrx_word' id='word_1_18' title='bbox 1387 355 1726 424; x_wconf 82' lang='lat' dir='ltr'>permiserat)</span> <span class='ocrx_word' id='word_1_19' title='bbox 1751 357 1904 411; x_wconf 84' lang='lat' dir='ltr'>foeda</span> <span class='ocrx_word' id='word_1_20' title='bbox 1945 360 2137 414; x_wconf 59' lang='lat' dir='ltr'>incon⁴</span> 
     </span>
     <span class='ocr_line' id='line_1_4' title="bbox 198 411 2134 503; baseline 0.005 -27"><span class='ocrx_word' id='word_1_21' title='bbox 198 411 530 503; x_wconf 48' lang='lat' dir='ltr'>‘&#39;go“stantia</span> <span class='ocrx_word' id='word_1_22' title='bbox 577 425 862 489; x_wconf 85' lang='lat' dir='ltr'>nominati,</span> <span class='ocrx_word' id='word_1_23' title='bbox 907 425 1171 490; x_wconf 82' lang='lat' dir='ltr'>excusati,</span> <span class='ocrx_word' id='word_1_24' title='bbox 1211 425 1510 490; x_wconf 87' lang='lat' dir='ltr'>substituti,</span> <span class='ocrx_word' id='word_1_25' title='bbox 1562 427 1769 479; x_wconf 85' lang='lat' dir='ltr'>ambitu</span> <span class='ocrx_word' id='word_1_26' title='bbox 1822 433 2134 485; x_wconf 88' lang='lat' dir='ltr'>remanendi</span> 
     </span>
     <span class='ocr_line' id='line_1_5' title="bbox 246 490 2137 568; baseline 0.003 -19"><span class='ocrx_word' id='word_1_27' title='bbox 246 490 427 568; x_wconf 60' lang='lat' dir='ltr'>q‘oaut</span> <span class='ocrx_word' id='word_1_28' title='bbox 451 498 632 562; x_wconf 86' lang='lat' dir='ltr'>eundi,</span> <span class='ocrx_word' id='word_1_29' title='bbox 657 510 715 548; x_wconf 91' lang='lat' dir='ltr'>ut</span> <span class='ocrx_word' id='word_1_30' title='bbox 741 513 1009 566; x_wconf 85' lang='lat' dir='ltr'>quemque</span> <span class='ocrx_word' id='word_1_31' title='bbox 1035 508 1209 548; x_wconf 85' lang='lat' dir='ltr'>metus</span> <span class='ocrx_word' id='word_1_32' title='bbox 1237 496 1317 547; x_wconf 92' lang='lat' dir='ltr'>vel</span> <span class='ocrx_word' id='word_1_33' title='bbox 1351 514 1470 566; x_wconf 85' lang='lat' dir='ltr'>spes</span> <span class='ocrx_word' id='word_1_34' title='bbox 1513 495 1799 568; x_wconf 85' lang='lat' dir='ltr'>inpulerat.</span> <span class='ocrx_word' id='word_1_35' title='bbox 1874 500 2137 556; x_wconf 83' lang='lat' dir='ltr'>Proxima</span> 
     </span>
     <span class='ocr_line' id='line_1_6' title="bbox 335 568 2136 639; baseline 0.004 -19"><span class='ocrx_word' id='word_1_36' title='bbox 335 569 579 639; x_wconf 74' lang='lat' dir='ltr'>pecuniae</span> <span class='ocrx_word' id='word_1_37' title='bbox 619 587 777 621; x_wconf 86' lang='lat' dir='ltr'>cura:</span> <span class='ocrx_word' id='word_1_38' title='bbox 817 579 873 620; x_wconf 90' lang='lat' dir='ltr'>et</span> <span class='ocrx_word' id='word_1_39' title='bbox 917 579 1115 620; x_wconf 82' lang='lat' dir='ltr'>cuncta</span> <span class='ocrx_word' id='word_1_40' title='bbox 1160 568 1524 620; x_wconf 82' lang='lat' dir='ltr'>scrutantibus</span> <span class='ocrx_word' id='word_1_41' title='bbox 1554 568 1919 638; x_wconf 87' lang='lat' dir='ltr'>justissimum</span> <span class='ocrx_word' id='word_1_42' title='bbox 1961 573 2136 627; x_wconf 83' lang='lat' dir='ltr'>visum</span> 
     </span>
    </p>

    <p class='ocr_par' dir='ltr' id='par_1_3' title="bbox 288 638 2142 1068">
     <span class='ocr_line' id='line_1_7' title="bbox 288 638 2135 710; baseline 0.003 -18"><span class='ocrx_word' id='word_1_43' title='bbox 288 645 292 648; x_wconf 52' lang='lat'><strong><em>⁴</em></strong></span> <span class='ocrx_word' id='word_1_44' title='bbox 330 652 432 704; x_wconf 85' lang='lat' dir='ltr'>est,</span> <span class='ocrx_word' id='word_1_45' title='bbox 475 641 600 692; x_wconf 87' lang='lat' dir='ltr'>iude</span> <span class='ocrx_word' id='word_1_46' title='bbox 638 639 829 710; x_wconf 85' lang='lat' dir='ltr'>repeti,</span> <span class='ocrx_word' id='word_1_47' title='bbox 874 639 1016 691; x_wconf 89' lang='lat' dir='ltr'>unde</span> <span class='ocrx_word' id='word_1_48' title='bbox 1057 638 1257 710; x_wconf 86' lang='lat' dir='ltr'>inopiae</span> <span class='ocrx_word' id='word_1_49' title='bbox 1298 657 1487 691; x_wconf 82' lang='lat' dir='ltr'>caussa</span> <span class='ocrx_word' id='word_1_50' title='bbox 1523 649 1657 692; x_wconf 86' lang='lat' dir='ltr'>erat.</span> <span class='ocrx_word' id='word_1_51' title='bbox 1733 641 1831 694; x_wconf 85' lang='lat' dir='ltr'>Bis</span> <span class='ocrx_word' id='word_1_52' title='bbox 1870 654 1927 695; x_wconf 90' lang='lat' dir='ltr'>et</span> <span class='ocrx_word' id='word_1_53' title='bbox 1968 643 2135 697; x_wconf 82' lang='lat' dir='ltr'>vicies</span> 
     </span>
     <span class='ocr_line' id='line_1_8' title="bbox 331 709 2136 785; baseline 0.003 -22"><span class='ocrx_word' id='word_1_54' title='bbox 331 711 525 764; x_wconf 89' lang='lat' dir='ltr'>millies</span> <span class='ocrx_word' id='word_1_55' title='bbox 561 711 866 763; x_wconf 83' lang='lat' dir='ltr'>sestertium</span> <span class='ocrx_word' id='word_1_56' title='bbox 903 711 1288 763; x_wconf 81' lang='lat' dir='ltr'>donationibus</span> <span class='ocrx_word' id='word_1_57' title='bbox 1329 709 1476 762; x_wconf 89' lang='lat' dir='ltr'>Nero</span> <span class='ocrx_word' id='word_1_58' title='bbox 1503 710 1784 764; x_wconf 83' lang='lat' dir='ltr'>effuderat.</span> <span class='ocrx_word' id='word_1_59' title='bbox 1860 714 2136 785; x_wconf 84' lang='lat' dir='ltr'>Adpellari</span> 
     </span>
     <span class='ocr_line' id='line_1_9' title="bbox 334 779 2142 857; baseline 0.002 -21"><span class='ocrx_word' id='word_1_60' title='bbox 334 783 576 854; x_wconf 86' lang='lat' dir='ltr'>singulos</span> <span class='ocrx_word' id='word_1_61' title='bbox 609 782 795 852; x_wconf 86' lang='lat' dir='ltr'>jussit,</span> <span class='ocrx_word' id='word_1_62' title='bbox 828 783 1056 834; x_wconf 87' lang='lat' dir='ltr'>decuma</span> <span class='ocrx_word' id='word_1_63' title='bbox 1098 793 1252 852; x_wconf 86' lang='lat' dir='ltr'>parte</span> <span class='ocrx_word' id='word_1_64' title='bbox 1301 779 1639 835; x_wconf 83' lang='lat' dir='ltr'>liberalitatis</span> <span class='ocrx_word' id='word_1_65' title='bbox 1680 784 1823 855; x_wconf 85' lang='lat' dir='ltr'>apud</span> <span class='ocrx_word' id='word_1_66' title='bbox 1867 788 2142 857; x_wconf 80' lang='lat' dir='ltr'>quemque</span> 
     </span>
     <span class='ocr_line' id='line_1_10' title="bbox 333 853 2136 926; baseline 0.002 -19"><span class='ocrx_word' id='word_1_67' title='bbox 333 873 522 907; x_wconf 85' lang='lat' dir='ltr'>eorum</span> <span class='ocrx_word' id='word_1_68' title='bbox 550 854 753 906; x_wconf 86' lang='lat' dir='ltr'>relicta.</span> <span class='ocrx_word' id='word_1_69' title='bbox 828 853 904 905; x_wconf 93' lang='lat' dir='ltr'>At</span> <span class='ocrx_word' id='word_1_70' title='bbox 932 853 1034 906; x_wconf 89' lang='lat' dir='ltr'>illis</span> <span class='ocrx_word' id='word_1_71' title='bbox 1064 854 1156 905; x_wconf 84' lang='lat' dir='ltr'>vix</span> <span class='ocrx_word' id='word_1_72' title='bbox 1183 853 1426 906; x_wconf 86' lang='lat' dir='ltr'>decumae</span> <span class='ocrx_word' id='word_1_73' title='bbox 1465 872 1624 926; x_wconf 83' lang='lat' dir='ltr'>super</span> <span class='ocrx_word' id='word_1_74' title='bbox 1651 856 1926 926; x_wconf 82' lang='lat' dir='ltr'>portiones</span> <span class='ocrx_word' id='word_1_75' title='bbox 1963 861 2136 924; x_wconf 69' lang='lat' dir='ltr'>erant,</span> 
     </span>
     <span class='ocr_line' id='line_1_11' title="bbox 333 924 2140 1000; baseline 0.002 -22"><span class='ocrx_word' id='word_1_76' title='bbox 333 926 529 979; x_wconf 90' lang='lat' dir='ltr'>iisdem</span> <span class='ocrx_word' id='word_1_77' title='bbox 568 943 698 996; x_wconf 82' lang='lat' dir='ltr'>erga</span> <span class='ocrx_word' id='word_1_78' title='bbox 751 924 926 977; x_wconf 86' lang='lat' dir='ltr'>aliena</span> <span class='ocrx_word' id='word_1_79' title='bbox 977 924 1301 995; x_wconf 77' lang='lat' dir='ltr'>sumptibUS,</span> <span class='ocrx_word' id='word_1_80' title='bbox 1351 925 1549 994; x_wconf 91' lang='lat' dir='ltr'>quibus</span> <span class='ocrx_word' id='word_1_81' title='bbox 1598 943 1693 978; x_wconf 91' lang='lat' dir='ltr'>sua</span> <span class='ocrx_word' id='word_1_82' title='bbox 1742 928 2140 1000; x_wconf 85' lang='lat' dir='ltr'>prodegerant;</span> 
     </span>
     <span class='ocr_line' id='line_1_12' title="bbox 335 995 2139 1068; baseline 0.002 -18"><span class='ocrx_word' id='word_1_83' title='bbox 335 1016 462 1051; x_wconf 85' lang='lat' dir='ltr'>cum</span> <span class='ocrx_word' id='word_1_84' title='bbox 486 997 835 1068; x_wconf 88' lang='lat' dir='ltr'>rapacissimo</span> <span class='ocrx_word' id='word_1_85' title='bbox 851 996 1046 1067; x_wconf 86' lang='lat' dir='ltr'>cuique</span> <span class='ocrx_word' id='word_1_86' title='bbox 1075 1015 1137 1048; x_wconf 85' lang='lat' dir='ltr'>ac</span> <span class='ocrx_word' id='word_1_87' title='bbox 1165 995 1528 1066; x_wconf 87' lang='lat' dir='ltr'>perditissimo</span> <span class='ocrx_word' id='word_1_88' title='bbox 1553 1015 1659 1049; x_wconf 91' lang='lat' dir='ltr'>non</span> <span class='ocrx_word' id='word_1_89' title='bbox 1686 999 1822 1068; x_wconf 82' lang='lat' dir='ltr'>agri,</span> <span class='ocrx_word' id='word_1_90' title='bbox 1848 1012 1942 1052; x_wconf 85' lang='lat' dir='ltr'>aut</span> <span class='ocrx_word' id='word_1_91' title='bbox 1966 1000 2139 1066; x_wconf 78' lang='lat' dir='ltr'>fenuS,</span> 
     </span>
    </p>

    <p class='ocr_par' dir='ltr' id='par_1_4' title="bbox 336 1067 2138 1212">
     <span class='ocr_line' id='line_1_13' title="bbox 336 1067 2137 1125; baseline 0.003 -5"><span class='ocrx_word' id='word_1_92' title='bbox 336 1069 431 1122; x_wconf 85' lang='lat' dir='ltr'>sed</span> <span class='ocrx_word' id='word_1_93' title='bbox 457 1068 571 1121; x_wconf 84' lang='lat' dir='ltr'>sola</span> <span class='ocrx_word' id='word_1_94' title='bbox 598 1068 955 1121; x_wconf 87' lang='lat' dir='ltr'>iustrumenta</span> <span class='ocrx_word' id='word_1_95' title='bbox 980 1068 1236 1120; x_wconf 85' lang='lat' dir='ltr'>vitiorum</span> <span class='ocrx_word' id='word_1_96' title='bbox 1263 1078 1559 1121; x_wconf 83' lang='lat' dir='ltr'>manerent.</span> <span class='ocrx_word' id='word_1_97' title='bbox 1608 1067 1897 1124; x_wconf 81' lang='lat' dir='ltr'>Exactioni</span> <span class='ocrx_word' id='word_1_98' title='bbox 1927 1071 2137 1125; x_wconf 90' lang='lat' dir='ltr'><strong>XXX.</strong></span> 
     </span>
     <span class='ocr_line' id='line_1_14' title="bbox 339 1138 2138 1212; baseline 0.002 -19"><span class='ocrx_word' id='word_1_99' title='bbox 339 1138 565 1212; x_wconf 85' lang='lat' dir='ltr'>Equites</span> <span class='ocrx_word' id='word_1_100' title='bbox 595 1139 829 1192; x_wconf 84' lang='lat' dir='ltr'>Romani</span> <span class='ocrx_word' id='word_1_101' title='bbox 857 1139 1165 1211; x_wconf 86' lang='lat' dir='ltr'>praepositi;</span> <span class='ocrx_word' id='word_1_102' title='bbox 1201 1139 1599 1208; x_wconf 76' lang='lat' dir='ltr'>novuinofficii</span> <span class='ocrx_word' id='word_1_103' title='bbox 1638 1158 1826 1211; x_wconf 77' lang='lat' dir='ltr'>genuS,</span> <span class='ocrx_word' id='word_1_104' title='bbox 1852 1154 1907 1194; x_wconf 91' lang='lat' dir='ltr'>et</span> <span class='ocrx_word' id='word_1_105' title='bbox 1929 1145 2138 1196; x_wconf 88' lang='lat' dir='ltr'>ambitu</span> 
     </span>
    </p>

    <p class='ocr_par' dir='ltr' id='par_1_5' title="bbox 337 1211 2146 1641">
     <span class='ocr_line' id='line_1_15' title="bbox 338 1211 2141 1285; baseline 0.001 -20"><span class='ocrx_word' id='word_1_106' title='bbox 338 1231 404 1265; x_wconf 78' lang='lat' dir='ltr'>ac</span> <span class='ocrx_word' id='word_1_107' title='bbox 428 1229 654 1264; x_wconf 88' lang='lat' dir='ltr'>numero</span> <span class='ocrx_word' id='word_1_108' title='bbox 683 1229 988 1264; x_wconf 79' lang='lat' dir='ltr'>onerosum.</span> <span class='ocrx_word' id='word_1_109' title='bbox 1028 1212 1228 1280; x_wconf 88' lang='lat' dir='ltr'>ubique</span> <span class='ocrx_word' id='word_1_110' title='bbox 1270 1211 1425 1263; x_wconf 85' lang='lat' dir='ltr'>hasta</span> <span class='ocrx_word' id='word_1_111' title='bbox 1462 1225 1767 1278; x_wconf 71' lang='lat' dir='ltr'>etosector3</span> <span class='ocrx_word' id='word_1_112' title='bbox 1804 1223 1859 1265; x_wconf 91' lang='lat' dir='ltr'>et</span> <span class='ocrx_word' id='word_1_113' title='bbox 1899 1214 2141 1285; x_wconf 82' lang='lat' dir='ltr'>inquieta</span> 
     </span>
     <span class='ocr_line' id='line_1_16' title="bbox 339 1282 2138 1355; baseline 0.001 -18"><span class='ocrx_word' id='word_1_114' title='bbox 339 1285 468 1337; x_wconf 89' lang='lat' dir='ltr'>urbs</span> <span class='ocrx_word' id='word_1_115' title='bbox 514 1284 877 1337; x_wconf 76' lang='lat' dir='ltr'>auctionibus,</span> <span class='ocrx_word' id='word_1_116' title='bbox 950 1282 1208 1336; x_wconf 85' lang='lat' dir='ltr'>Attamen</span> <span class='ocrx_word' id='word_1_117' title='bbox 1259 1284 1461 1353; x_wconf 80' lang='lat' dir='ltr'>grande</span> <span class='ocrx_word' id='word_1_118' title='bbox 1512 1283 1790 1354; x_wconf 85' lang='lat' dir='ltr'>gandium,</span> <span class='ocrx_word' id='word_1_119' title='bbox 1839 1287 1986 1355; x_wconf 90' lang='lat' dir='ltr'>quod</span> <span class='ocrx_word' id='word_1_120' title='bbox 2029 1297 2138 1338; x_wconf 85' lang='lat' dir='ltr'>tam</span> 
     </span>
     <span class='ocr_line' id='line_1_17' title="bbox 382 1351 2141 1426; baseline 0.001 -18"><span class='ocrx_word' id='word_1_121' title='bbox 382 1374 604 1426; x_wconf 84' lang='lat' dir='ltr'>auperes</span> <span class='ocrx_word' id='word_1_122' title='bbox 635 1354 828 1419; x_wconf 85' lang='lat' dir='ltr'>forent,</span> <span class='ocrx_word' id='word_1_123' title='bbox 855 1355 1052 1426; x_wconf 90' lang='lat' dir='ltr'>quibus</span> <span class='ocrx_word' id='word_1_124' title='bbox 1080 1355 1331 1406; x_wconf 85' lang='lat' dir='ltr'>donasset</span> <span class='ocrx_word' id='word_1_125' title='bbox 1359 1355 1526 1419; x_wconf 89' lang='lat' dir='ltr'>Ner0,</span> <span class='ocrx_word' id='word_1_126' title='bbox 1544 1373 1705 1424; x_wconf 83' lang='lat' dir='ltr'>quam</span> <span class='ocrx_word' id='word_1_127' title='bbox 1733 1351 1930 1425; x_wconf 86' lang='lat' dir='ltr'>quibus</span> <span class='ocrx_word' id='word_1_128' title='bbox 1957 1358 2141 1410; x_wconf 82' lang='lat' dir='ltr'>abstu-</span> 
     </span>
     <span class='ocr_line' id='line_1_18' title="bbox 337 1375 2142 1498; baseline 0.001 -18"><span class='ocrx_word' id='word_1_129' title='bbox 337 1375 519 1480; x_wconf 72' lang='lat' dir='ltr'>lisset.</span> <span class='ocrx_word' id='word_1_130' title='bbox 584 1426 941 1480; x_wconf 86' lang='lat' dir='ltr'>Exauctorati</span> <span class='ocrx_word' id='word_1_131' title='bbox 977 1445 1073 1498; x_wconf 89' lang='lat' dir='ltr'>per</span> <span class='ocrx_word' id='word_1_132' title='bbox 1112 1444 1204 1478; x_wconf 91' lang='lat' dir='ltr'>eos</span> <span class='ocrx_word' id='word_1_133' title='bbox 1244 1426 1358 1478; x_wconf 89' lang='lat' dir='ltr'>dies</span> <span class='ocrx_word' id='word_1_134' title='bbox 1383 1426 1632 1490; x_wconf 86' lang='lat' dir='ltr'>Tribuni,</span> <span class='ocrx_word' id='word_1_135' title='bbox 1661 1444 1691 1478; x_wconf 94' lang='lat' dir='ltr'>e</span> <span class='ocrx_word' id='word_1_136' title='bbox 1734 1427 1999 1481; x_wconf 89' lang='lat' dir='ltr'>Praetorio</span> <span class='ocrx_word' id='word_1_137' title='bbox 2027 1428 2142 1481; x_wconf 85' lang='lat' dir='ltr'>An-</span> 
     </span>
     <span class='ocr_line' id='line_1_19' title="bbox 342 1497 2146 1564; baseline 0 -13"><span class='ocrx_word' id='word_1_138' title='bbox 342 1501 524 1552; x_wconf 87' lang='lat' dir='ltr'>tonius</span> <span class='ocrx_word' id='word_1_139' title='bbox 561 1498 767 1555; x_wconf 83' lang='lat' dir='ltr'>Taurus</span> <span class='ocrx_word' id='word_1_140' title='bbox 808 1510 863 1550; x_wconf 90' lang='lat' dir='ltr'>et</span> <span class='ocrx_word' id='word_1_141' title='bbox 909 1497 1181 1551; x_wconf 89' lang='lat' dir='ltr'>Antonius</span> <span class='ocrx_word' id='word_1_142' title='bbox 1230 1497 1412 1564; x_wconf 83' lang='lat' dir='ltr'>Naso3</span> <span class='ocrx_word' id='word_1_143' title='bbox 1450 1516 1519 1550; x_wconf 82' lang='lat' dir='ltr'>ex</span> <span class='ocrx_word' id='word_1_144' title='bbox 1566 1499 1786 1550; x_wconf 90' lang='lat' dir='ltr'>urbanis</span> <span class='ocrx_word' id='word_1_145' title='bbox 1825 1499 2146 1553; x_wconf 76' lang='lat' dir='ltr'>cohortibus</span> 
     </span>
     <span class='ocr_line' id='line_1_20' title="bbox 342 1569 2143 1641; baseline 0.001 -18"><span class='ocrx_word' id='word_1_146' title='bbox 342 1571 596 1623; x_wconf 82' lang='lat' dir='ltr'>AEmilius</span> <span class='ocrx_word' id='word_1_147' title='bbox 628 1570 912 1636; x_wconf 86' lang='lat' dir='ltr'>Pacensis;</span> <span class='ocrx_word' id='word_1_148' title='bbox 951 1588 981 1623; x_wconf 92' lang='lat' dir='ltr'>e</span> <span class='ocrx_word' id='word_1_149' title='bbox 1008 1569 1206 1641; x_wconf 86' lang='lat' dir='ltr'>vigiliis</span> <span class='ocrx_word' id='word_1_150' title='bbox 1232 1569 1411 1623; x_wconf 86' lang='lat' dir='ltr'>Julius</span> <span class='ocrx_word' id='word_1_151' title='bbox 1434 1569 1656 1622; x_wconf 85' lang='lat' dir='ltr'>Fronto.</span> <span class='ocrx_word' id='word_1_152' title='bbox 1705 1570 1824 1622; x_wconf 90' lang='lat' dir='ltr'>Nec</span> <span class='ocrx_word' id='word_1_153' title='bbox 1846 1571 2143 1624; x_wconf 85' lang='lat' dir='ltr'>remedium</span> 
     </span>
    </p>

    <p class='ocr_par' dir='ltr' id='par_1_6' title="bbox 342 1641 2146 1712">
     <span class='ocr_line' id='line_1_21' title="bbox 342 1641 2146 1712; baseline 0 -17"><span class='ocrx_word' id='word_1_154' title='bbox 342 1644 400 1695; x_wconf 87' lang='lat' dir='ltr'>in</span> <span class='ocrx_word' id='word_1_155' title='bbox 427 1655 633 1695; x_wconf 81' lang='lat' dir='ltr'>ceteros</span> <span class='ocrx_word' id='word_1_156' title='bbox 661 1641 783 1706; x_wconf 85' lang='lat' dir='ltr'>fuit,</span> <span class='ocrx_word' id='word_1_157' title='bbox 811 1643 901 1694; x_wconf 89' lang='lat' dir='ltr'>sed</span> <span class='ocrx_word' id='word_1_158' title='bbox 929 1657 1104 1695; x_wconf 86' lang='lat' dir='ltr'>metus</span> <span class='ocrx_word' id='word_1_159' title='bbox 1142 1641 1391 1694; x_wconf 88' lang='lat' dir='ltr'>initium:</span> <span class='ocrx_word' id='word_1_160' title='bbox 1431 1646 1703 1711; x_wconf 86' lang='lat' dir='ltr'>tamquam</span> <span class='ocrx_word' id='word_1_161' title='bbox 1749 1660 1841 1712; x_wconf 89' lang='lat' dir='ltr'>per</span> <span class='ocrx_word' id='word_1_162' title='bbox 1881 1654 2051 1704; x_wconf 85' lang='lat' dir='ltr'>artem</span> <span class='ocrx_word' id='word_1_163' title='bbox 2086 1655 2146 1695; x_wconf 88' lang='lat' dir='ltr'>et</span> 
     </span>
    </p>
   </div>
   <div class='ocr_carea' id='block_1_3' title="bbox 343 1712 1860 1785">
    <p class='ocr_par' dir='ltr' id='par_1_7' title="bbox 343 1712 1860 1785">
     <span class='ocr_line' id='line_1_22' title="bbox 343 1712 1860 1785; baseline -0.001 -19"><span class='ocrx_word' id='word_1_164' title='bbox 343 1714 687 1767; x_wconf 81' lang='lat' dir='ltr'>formidinem</span> <span class='ocrx_word' id='word_1_165' title='bbox 710 1713 909 1785; x_wconf 83' lang='lat' dir='ltr'>singuli</span> <span class='ocrx_word' id='word_1_166' title='bbox 938 1713 1277 1785; x_wconf 86' lang='lat' dir='ltr'>pellerentur,</span> <span class='ocrx_word' id='word_1_167' title='bbox 1300 1712 1552 1766; x_wconf 88' lang='lat' dir='ltr'>omnibus</span> <span class='ocrx_word' id='word_1_168' title='bbox 1579 1713 1860 1783; x_wconf 79' lang='lat' dir='ltr'>suspectis.</span> 
     </span>
    </p>
   </div>
   <div class='ocr_carea' id='block_1_4' title="bbox 396 1840 1225 1891">
    <p class='ocr_par' dir='ltr' id='par_1_8' title="bbox 396 1840 1225 1891">
     <span class='ocr_line' id='line_1_23' title="bbox 396 1840 1225 1891; baseline -0.001 -12"><span class='ocrx_word' id='word_1_169' title='bbox 396 1842 558 1880; x_wconf 61' lang='lat' dir='ltr'>Ambitio</span> <span class='ocrx_word' id='word_1_170' title='bbox 588 1842 809 1879; x_wconf 71' lang='lat' dir='ltr'>remanendi</span> <span class='ocrx_word' id='word_1_171' title='bbox 836 1845 907 1879; x_wconf 77' lang='lat' dir='ltr'>aut</span> <span class='ocrx_word' id='word_1_172' title='bbox 939 1840 1071 1891; x_wconf 79' lang='lat' dir='ltr'>eundi]</span> <span class='ocrx_word' id='word_1_173' title='bbox 1104 1841 1144 1878; x_wconf 88' lang='lat' dir='ltr'>h.</span> <span class='ocrx_word' id='word_1_174' title='bbox 1179 1852 1225 1878; x_wconf 73' lang='lat' dir='ltr'>e.</span> 
     </span>
    </p>
   </div>
   <div class='ocr_carea' id='block_1_5' title="bbox 302 1840 2144 1944">
    <p class='ocr_par' dir='ltr' id='par_1_9' title="bbox 302 1840 2144 1944">
     <span class='ocr_line' id='line_1_24' title="bbox 1291 1840 2144 1892; baseline 0.004 -15"><span class='ocrx_word' id='word_1_175' title='bbox 1291 1875 1293 1877; x_wconf 87' lang='lat'>.</span> <span class='ocrx_word' id='word_1_176' title='bbox 1321 1841 1485 1879; x_wconf 76' lang='lat' dir='ltr'>Ambitu</span> <span class='ocrx_word' id='word_1_177' title='bbox 1503 1853 1550 1878; x_wconf 80' lang='lat' dir='ltr'>ac</span> <span class='ocrx_word' id='word_1_178' title='bbox 1564 1853 1720 1878; x_wconf 75' lang='lat' dir='ltr'>nzcmero</span> <span class='ocrx_word' id='word_1_179' title='bbox 1734 1840 1950 1892; x_wconf 71' lang='lat' dir='ltr'>onerosum]</span> <span class='ocrx_word' id='word_1_180' title='bbox 1976 1842 2118 1881; x_wconf 77' lang='lat' dir='ltr'>Sensus</span> <span class='ocrx_word' id='word_1_181' title='bbox 2134 1857 2144 1880; x_wconf 76' lang='grc' dir='ltr'><strong><em>ε</em></strong></span> 
     </span>
     <span class='ocr_line' id='line_1_25' title="bbox 302 1895 1217 1944; baseline -0.001 -11"><span class='ocrx_word' id='word_1_182' title='bbox 302 1926 317 1942; x_wconf 82' lang='grc'><strong>,</strong></span> <span class='ocrx_word' id='word_1_183' title='bbox 342 1895 435 1933; x_wconf 86' lang='lat' dir='ltr'>dum</span> <span class='ocrx_word' id='word_1_184' title='bbox 463 1897 532 1933; x_wconf 84' lang='lat' dir='ltr'>alii</span> <span class='ocrx_word' id='word_1_185' title='bbox 559 1908 628 1944; x_wconf 85' lang='lat' dir='ltr'>per</span> <span class='ocrx_word' id='word_1_186' title='bbox 658 1897 823 1944; x_wconf 80' lang='lat' dir='ltr'>gratiam</span> <span class='ocrx_word' id='word_1_187' title='bbox 845 1900 1153 1944; x_wconf 88' lang='lat' dir='ltr'>consequuntur,</span> <span class='ocrx_word' id='word_1_188' title='bbox 1168 1898 1217 1932; x_wconf 85' lang='lat' dir='ltr'>ut</span> 
     </span>
    </p>
   </div>
   <div class='ocr_carea' id='block_1_6' title="bbox 1269 1895 2169 1944">
    <p class='ocr_par' dir='ltr' id='par_1_10' title="bbox 1269 1895 2169 1944">
     <span class='ocr_line' id='line_1_26' title="bbox 1269 1895 2169 1944; baseline 0.002 -12"><span class='ocrx_word' id='word_1_189' title='bbox 1269 1895 1422 1932; x_wconf 81' lang='lat' dir='ltr'>difficile</span> <span class='ocrx_word' id='word_1_190' title='bbox 1440 1895 1537 1932; x_wconf 90' lang='lat' dir='ltr'>illud</span> <span class='ocrx_word' id='word_1_191' title='bbox 1552 1907 1696 1932; x_wconf 91' lang='lat' dir='ltr'>munus</span> <span class='ocrx_word' id='word_1_192' title='bbox 1722 1899 1807 1932; x_wconf 86' lang='lat' dir='ltr'>erat</span> <span class='ocrx_word' id='word_1_193' title='bbox 1833 1901 1994 1944; x_wconf 81' lang='lat' dir='ltr'>propter</span> <span class='ocrx_word' id='word_1_194' title='bbox 2020 1897 2169 1934; x_wconf 56' lang='lat' dir='ltr'>ambi-2-</span> 
     </span>
    </p>
   </div>
   <div class='ocr_carea' id='block_1_7' title="bbox 341 1947 1221 2215">
    <p class='ocr_par' dir='ltr' id='par_1_11' title="bbox 341 1947 1221 2215">
     <span class='ocr_line' id='line_1_27' title="bbox 341 1947 1217 1998; baseline 0.001 -12"><span class='ocrx_word' id='word_1_195' title='bbox 341 1947 562 1988; x_wconf 79' lang='lat' dir='ltr'>liberentur</span> <span class='ocrx_word' id='word_1_196' title='bbox 585 1963 609 1987; x_wconf 77' lang='lat' dir='ltr'>a</span> <span class='ocrx_word' id='word_1_197' title='bbox 625 1950 832 1997; x_wconf 72' lang='lat' dir='ltr'>legatione,</span> <span class='ocrx_word' id='word_1_198' title='bbox 859 1950 926 1987; x_wconf 84' lang='lat' dir='ltr'>alii</span> <span class='ocrx_word' id='word_1_199' title='bbox 954 1951 1010 1987; x_wconf 88' lang='lat' dir='ltr'>ire</span> <span class='ocrx_word' id='word_1_200' title='bbox 1038 1951 1217 1998; x_wconf 82' lang='lat' dir='ltr'>cupiunt.</span> 
     </span>
     <span class='ocr_line' id='line_1_28' title="bbox 343 2004 1218 2054; baseline -0.001 -13"><span class='ocrx_word' id='word_1_201' title='bbox 343 2005 503 2050; x_wconf 81' lang='lat' dir='ltr'>Nescio,</span> <span class='ocrx_word' id='word_1_202' title='bbox 520 2017 590 2042; x_wconf 90' lang='lat' dir='ltr'>cur</span> <span class='ocrx_word' id='word_1_203' title='bbox 609 2005 774 2041; x_wconf 80' lang='lat' dir='ltr'>Heinsio</span> <span class='ocrx_word' id='word_1_204' title='bbox 789 2004 896 2041; x_wconf 79' lang='lat' dir='ltr'>loeus</span> <span class='ocrx_word' id='word_1_205' title='bbox 915 2008 1117 2054; x_wconf 86' lang='lat' dir='ltr'>suspectus</span> <span class='ocrx_word' id='word_1_206' title='bbox 1132 2004 1218 2042; x_wconf 84' lang='lat' dir='ltr'>fue·</span> 
     </span>
     <span class='ocr_line' id='line_1_29' title="bbox 343 2059 1219 2108; baseline 0.001 -14"><span class='ocrx_word' id='word_1_207' title='bbox 343 2061 414 2103; x_wconf 80' lang='lat' dir='ltr'>rit,</span> <span class='ocrx_word' id='word_1_208' title='bbox 447 2061 515 2108; x_wconf 89' lang='lat' dir='ltr'>qui</span> <span class='ocrx_word' id='word_1_209' title='bbox 547 2060 735 2097; x_wconf 80' lang='lat' dir='ltr'>renitendi</span> <span class='ocrx_word' id='word_1_210' title='bbox 770 2059 966 2098; x_wconf 82' lang='lat' dir='ltr'>tentabat.</span> <span class='ocrx_word' id='word_1_211' title='bbox 1011 2060 1117 2096; x_wconf 75' lang='lat' dir='ltr'>ERN.</span> <span class='ocrx_word' id='word_1_212' title='bbox 1173 2059 1219 2096; x_wconf 89' lang='lat' dir='ltr'>In</span> 
     </span>
     <span class='ocr_line' id='line_1_30' title="bbox 344 2113 1219 2162; baseline 0 -13"><span class='ocrx_word' id='word_1_213' title='bbox 344 2114 427 2150; x_wconf 71' lang='lat' dir='ltr'>cod.</span> <span class='ocrx_word' id='word_1_214' title='bbox 447 2114 542 2162; x_wconf 86' lang='lat' dir='ltr'>Agr.</span> <span class='ocrx_word' id='word_1_215' title='bbox 560 2115 764 2150; x_wconf 78' lang='lat' dir='ltr'>invenerat</span> <span class='ocrx_word' id='word_1_216' title='bbox 780 2113 981 2160; x_wconf 66' lang='lat' dir='ltr'>retinendi.</span> <span class='ocrx_word' id='word_1_217' title='bbox 1006 2113 1101 2151; x_wconf 88' lang='lat' dir='ltr'>Mox</span> <span class='ocrx_word' id='word_1_218' title='bbox 1118 2113 1219 2150; x_wconf 89' lang='lat' dir='ltr'>Bud.</span> 
     </span>
     <span class='ocr_line' id='line_1_31' title="bbox 346 2166 1221 2215; baseline -0.001 -11"><span class='ocrx_word' id='word_1_219' title='bbox 346 2167 464 2206; x_wconf 78' lang='lat' dir='ltr'>habet</span> <span class='ocrx_word' id='word_1_220' title='bbox 479 2169 546 2205; x_wconf 81' lang='lat' dir='ltr'>ille</span> <span class='ocrx_word' id='word_1_221' title='bbox 564 2175 667 2206; x_wconf 76' lang='lat' dir='ltr'>auct.</span> <span class='ocrx_word' id='word_1_222' title='bbox 687 2167 788 2215; x_wconf 89' lang='lat' dir='ltr'>quod</span> <span class='ocrx_word' id='word_1_223' title='bbox 812 2167 951 2215; x_wconf 85' lang='lat' dir='ltr'>probat-</span> <span class='ocrx_word' id='word_1_224' title='bbox 967 2167 1092 2205; x_wconf 78' lang='lat' dir='ltr'>Rhen.</span> <span class='ocrx_word' id='word_1_225' title='bbox 1111 2166 1221 2204; x_wconf 91' lang='lat' dir='ltr'>nullo</span> 
     </span>
    </p>
   </div>
   <div class='ocr_carea' id='block_1_8' title="bbox 345 2222 1231 2259">
    <p class='ocr_par' dir='ltr' id='par_1_12' title="bbox 345 2222 1231 2259">
     <span class='ocr_line' id='line_1_32' title="bbox 345 2222 1231 2259; baseline 0 -2"><span class='ocrx_word' id='word_1_226' title='bbox 345 2234 474 2259; x_wconf 77' lang='lat' dir='ltr'>sensu.</span> <span class='ocrx_word' id='word_1_227' title='bbox 527 2223 646 2259; x_wconf 89' lang='lat' dir='ltr'>Porro</span> <span class='ocrx_word' id='word_1_228' title='bbox 662 2223 787 2259; x_wconf 82' lang='lat' dir='ltr'>Rhen.</span> <span class='ocrx_word' id='word_1_229' title='bbox 805 2222 925 2258; x_wconf 82' lang='lat' dir='ltr'>refert</span> <span class='ocrx_word' id='word_1_230' title='bbox 950 2222 991 2258; x_wconf 89' lang='lat' dir='ltr'>in</span> <span class='ocrx_word' id='word_1_231' title='bbox 1007 2222 1110 2259; x_wconf 83' lang='lat' dir='ltr'>Bud.</span> <span class='ocrx_word' id='word_1_232' title='bbox 1138 2233 1231 2258; x_wconf 59' lang='lat' dir='ltr'>esse*</span> 
     </span>
    </p>
   </div>
   <div class='ocr_carea' id='block_1_9' title="bbox 344 2275 1226 3622">
    <p class='ocr_par' dir='ltr' id='par_1_13' title="bbox 344 2275 1218 2379">
     <span class='ocr_line' id='line_1_33' title="bbox 344 2275 1218 2324; baseline -0.001 -10"><span class='ocrx_word' id='word_1_233' title='bbox 344 2278 389 2314; x_wconf 78' lang='lat' dir='ltr'>-m&#39;</span> <span class='ocrx_word' id='word_1_234' title='bbox 416 2277 575 2314; x_wconf 74' lang='lat' dir='ltr'>consilio</span> <span class='ocrx_word' id='word_1_235' title='bbox 605 2277 735 2324; x_wconf 83' lang='lat' dir='ltr'>potius</span> <span class='ocrx_word' id='word_1_236' title='bbox 768 2275 821 2312; x_wconf 87' lang='lat' dir='ltr'>ibi</span> <span class='ocrx_word' id='word_1_237' title='bbox 852 2279 910 2313; x_wconf 85' lang='lat' dir='ltr'>cst</span> <span class='ocrx_word' id='word_1_238' title='bbox 941 2277 983 2313; x_wconf 77' lang='lat' dir='ltr'>in</span> <span class='ocrx_word' id='word_1_239' title='bbox 1017 2288 1116 2314; x_wconf 84' lang='lat' dir='ltr'>cons.</span> <span class='ocrx_word' id='word_1_240' title='bbox 1153 2276 1218 2313; x_wconf 86' lang='lat' dir='ltr'>sed</span> 
     </span>
     <span class='ocr_line' id='line_1_34' title="bbox 344 2331 775 2379; baseline 0.002 -13"><span class='ocrx_word' id='word_1_241' title='bbox 344 2334 482 2379; x_wconf 77' lang='lat' dir='ltr'>aperto</span> <span class='ocrx_word' id='word_1_242' title='bbox 499 2331 649 2367; x_wconf 83' lang='lat' dir='ltr'>librarii</span> <span class='ocrx_word' id='word_1_243' title='bbox 667 2331 775 2367; x_wconf 80' lang='lat' dir='ltr'>vitio.</span> 
     </span>
    </p>

    <p class='ocr_par' dir='ltr' id='par_1_14' title="bbox 344 2384 1220 2701">
     <span class='ocr_line' id='line_1_35' title="bbox 403 2384 1219 2433; baseline -0.004 -11"><span class='ocrx_word' id='word_1_244' title='bbox 403 2385 476 2422; x_wconf 83' lang='lat' dir='ltr'>Ubi</span> <span class='ocrx_word' id='word_1_245' title='bbox 500 2386 639 2432; x_wconf 55' lang='lat' dir='ltr'>inopia*</span> <span class='ocrx_word' id='word_1_246' title='bbox 667 2397 804 2423; x_wconf 76' lang='lat' dir='ltr'>caussa</span> <span class='ocrx_word' id='word_1_247' title='bbox 832 2384 931 2433; x_wconf 81' lang='lat' dir='ltr'>erat]</span> <span class='ocrx_word' id='word_1_248' title='bbox 963 2384 1133 2421; x_wconf 84' lang='lat' dir='ltr'>Pichena</span> <span class='ocrx_word' id='word_1_249' title='bbox 1158 2394 1219 2420; x_wconf 84' lang='lat' dir='ltr'>re-</span> 
     </span>
     <span class='ocr_line' id='line_1_36' title="bbox 345 2438 1219 2486; baseline -0.001 -11"><span class='ocrx_word' id='word_1_250' title='bbox 345 2440 479 2486; x_wconf 84' lang='lat' dir='ltr'>posuit</span> <span class='ocrx_word' id='word_1_251' title='bbox 507 2440 587 2484; x_wconf 77' lang='lat' dir='ltr'>ubi,</span> <span class='ocrx_word' id='word_1_252' title='bbox 611 2451 660 2475; x_wconf 86' lang='lat' dir='ltr'>ex</span> <span class='ocrx_word' id='word_1_253' title='bbox 688 2439 792 2476; x_wconf 85' lang='lat' dir='ltr'>Flor.</span> <span class='ocrx_word' id='word_1_254' title='bbox 825 2442 865 2475; x_wconf 79' lang='lat' dir='ltr'>et</span> <span class='ocrx_word' id='word_1_255' title='bbox 895 2439 982 2475; x_wconf 84' lang='lat' dir='ltr'>aliis</span> <span class='ocrx_word' id='word_1_256' title='bbox 1007 2438 1219 2483; x_wconf 80' lang='lat' dir='ltr'>veteribus,</span> 
     </span>
     <span class='ocr_line' id='line_1_37' title="bbox 345 2491 1220 2542; baseline -0.001 -13"><span class='ocrx_word' id='word_1_257' title='bbox 345 2505 416 2540; x_wconf 84' lang='lat' dir='ltr'>pro</span> <span class='ocrx_word' id='word_1_258' title='bbox 433 2493 542 2530; x_wconf 80' lang='lat' dir='ltr'>unde.</span> <span class='ocrx_word' id='word_1_259' title='bbox 590 2491 860 2530; x_wconf 80' lang='lat' dir='ltr'>&#39;Consentiunt</span> <span class='ocrx_word' id='word_1_260' title='bbox 875 2493 1002 2535; x_wconf 74' lang='lat' dir='ltr'>Guelf.</span> <span class='ocrx_word' id='word_1_261' title='bbox 1024 2491 1158 2542; x_wconf 82' lang='lat' dir='ltr'>(Bud.)</span> <span class='ocrx_word' id='word_1_262' title='bbox 1181 2497 1220 2528; x_wconf 86' lang='lat' dir='ltr'>et</span> 
     </span>
     <span class='ocr_line' id='line_1_38' title="bbox 344 2546 1220 2595; baseline -0.001 -12"><span class='ocrx_word' id='word_1_263' title='bbox 344 2551 440 2583; x_wconf 78' lang='lat' dir='ltr'>vett.</span> <span class='ocrx_word' id='word_1_264' title='bbox 459 2548 543 2583; x_wconf 88' lang='lat' dir='ltr'>edd.</span> <span class='ocrx_word' id='word_1_265' title='bbox 559 2553 699 2595; x_wconf 84' lang='lat' dir='ltr'>praeter</span> <span class='ocrx_word' id='word_1_266' title='bbox 717 2559 775 2594; x_wconf 87' lang='lat' dir='ltr'>pr.</span> <span class='ocrx_word' id='word_1_267' title='bbox 793 2548 832 2584; x_wconf 89' lang='lat' dir='ltr'>in</span> <span class='ocrx_word' id='word_1_268' title='bbox 851 2559 928 2595; x_wconf 82' lang='lat' dir='ltr'>qua</span> <span class='ocrx_word' id='word_1_269' title='bbox 955 2548 1068 2591; x_wconf 79' lang='lat' dir='ltr'>unde,</span> <span class='ocrx_word' id='word_1_270' title='bbox 1086 2546 1220 2583; x_wconf 79' lang='lat' dir='ltr'>melio-</span> 
     </span>
     <span class='ocr_line' id='line_1_39' title="bbox 347 2601 1220 2648; baseline 0.002 -12"><span class='ocrx_word' id='word_1_271' title='bbox 347 2603 380 2637; x_wconf 87' lang='lat' dir='ltr'>ri</span> <span class='ocrx_word' id='word_1_272' title='bbox 409 2603 638 2646; x_wconf 78' lang='lat' dir='ltr'>Latinitate,</span> <span class='ocrx_word' id='word_1_273' title='bbox 672 2607 718 2638; x_wconf 86' lang='lat' dir='ltr'>ut</span> <span class='ocrx_word' id='word_1_274' title='bbox 749 2603 789 2638; x_wconf 88' lang='lat' dir='ltr'>in</span> <span class='ocrx_word' id='word_1_275' title='bbox 827 2601 978 2638; x_wconf 87' lang='lat' dir='ltr'>duobus</span> <span class='ocrx_word' id='word_1_276' title='bbox 1014 2601 1123 2638; x_wconf 85' lang='lat' dir='ltr'><strong>MSS.</strong></span> <span class='ocrx_word' id='word_1_277' title='bbox 1156 2612 1220 2648; x_wconf 85' lang='lat' dir='ltr'>ap.</span> 
     </span>
     <span class='ocr_line' id='line_1_40' title="bbox 345 2655 1028 2701; baseline 0.001 -10"><span class='ocrx_word' id='word_1_278' title='bbox 345 2655 585 2701; x_wconf 82' lang='lat' dir='ltr'>Broterium,</span> <span class='ocrx_word' id='word_1_279' title='bbox 604 2656 706 2692; x_wconf 86' lang='lat' dir='ltr'>unde</span> <span class='ocrx_word' id='word_1_280' title='bbox 723 2655 893 2692; x_wconf 85' lang='lat' dir='ltr'>restitui.</span> <span class='ocrx_word' id='word_1_281' title='bbox 921 2657 1028 2692; x_wconf 69' lang='lat' dir='ltr'>ERN.</span> 
     </span>
    </p>

    <p class='ocr_par' dir='ltr' id='par_1_15' title="bbox 344 2707 1224 3186">
     <span class='ocr_line' id='line_1_41' title="bbox 398 2707 1221 2758; baseline -0.004 -11"><span class='ocrx_word' id='word_1_282' title='bbox 398 2711 476 2747; x_wconf 83' lang='lat' dir='ltr'>Bis</span> <span class='ocrx_word' id='word_1_283' title='bbox 493 2716 530 2747; x_wconf 90' lang='lat' dir='ltr'>et</span> <span class='ocrx_word' id='word_1_284' title='bbox 546 2711 659 2747; x_wconf 75' lang='lat' dir='ltr'>vicies</span> <span class='ocrx_word' id='word_1_285' title='bbox 685 2710 791 2747; x_wconf 82' lang='lat' dir='ltr'>mille</span> <span class='ocrx_word' id='word_1_286' title='bbox 815 2708 1046 2758; x_wconf 73' lang='lat' dir='ltr'>sestertium]</span> <span class='ocrx_word' id='word_1_287' title='bbox 1080 2707 1221 2745; x_wconf 84' lang='lat' dir='ltr'>Verius</span> 
     </span>
     <span class='ocr_line' id='line_1_42' title="bbox 344 2762 1223 2812; baseline -0.001 -13"><span class='ocrx_word' id='word_1_288' title='bbox 344 2762 524 2809; x_wconf 76' lang='lat' dir='ltr'>fortasse,</span> <span class='ocrx_word' id='word_1_289' title='bbox 545 2764 599 2801; x_wconf 75' lang='lat' dir='ltr'>his</span> <span class='ocrx_word' id='word_1_290' title='bbox 615 2769 652 2801; x_wconf 85' lang='lat' dir='ltr'>et</span> <span class='ocrx_word' id='word_1_291' title='bbox 668 2764 782 2801; x_wconf 79' lang='lat' dir='ltr'>vicies</span> <span class='ocrx_word' id='word_1_292' title='bbox 800 2764 951 2802; x_wconf 80' lang='lat' dir='ltr'>millies.</span> <span class='ocrx_word' id='word_1_293' title='bbox 970 2776 1056 2812; x_wconf 74' lang='lat' dir='ltr'>quas</span> <span class='ocrx_word' id='word_1_294' title='bbox 1071 2774 1223 2800; x_wconf 84' lang='lat' dir='ltr'>summa</span> 
     </span>
     <span class='ocr_line' id='line_1_43' title="bbox 347 2817 1223 2866; baseline -0.001 -12"><span class='ocrx_word' id='word_1_295' title='bbox 347 2829 440 2855; x_wconf 78' lang='lat' dir='ltr'>sane</span> <span class='ocrx_word' id='word_1_296' title='bbox 468 2817 760 2866; x_wconf 79' lang='lat' dir='ltr'>grandiuscula,</span> <span class='ocrx_word' id='word_1_297' title='bbox 787 2818 854 2854; x_wconf 87' lang='lat' dir='ltr'>sed</span> <span class='ocrx_word' id='word_1_298' title='bbox 878 2819 996 2866; x_wconf 81' lang='lat' dir='ltr'>digna</span> <span class='ocrx_word' id='word_1_299' title='bbox 1024 2817 1223 2855; x_wconf 87' lang='lat' dir='ltr'>effusioni-</span> 
     </span>
     <span class='ocr_line' id='line_1_44' title="bbox 347 2870 1222 2921; baseline 0 -14"><span class='ocrx_word' id='word_1_300' title='bbox 347 2870 421 2908; x_wconf 85' lang='lat' dir='ltr'>bus</span> <span class='ocrx_word' id='word_1_301' title='bbox 446 2872 530 2917; x_wconf 85' lang='lat' dir='ltr'>ejns</span> <span class='ocrx_word' id='word_1_302' title='bbox 561 2873 737 2909; x_wconf 87' lang='lat' dir='ltr'>monstri.</span> <span class='ocrx_word' id='word_1_303' title='bbox 771 2872 907 2908; x_wconf 78' lang='lat' dir='ltr'>Erant</span> <span class='ocrx_word' id='word_1_304' title='bbox 933 2871 1222 2921; x_wconf 78' lang='lat' dir='ltr'>quinquaginta</span> 
     </span>
     <span class='ocr_line' id='line_1_45' title="bbox 345 2926 1224 2975; baseline 0 -14"><span class='ocrx_word' id='word_1_305' title='bbox 345 2927 512 2975; x_wconf 76' lang='lat' dir='ltr'>quinque</span> <span class='ocrx_word' id='word_1_306' title='bbox 536 2927 741 2972; x_wconf 75' lang='lat' dir='ltr'>milliones,</span> <span class='ocrx_word' id='word_1_307' title='bbox 767 2929 814 2963; x_wconf 85' lang='lat' dir='ltr'>ut</span> <span class='ocrx_word' id='word_1_308' title='bbox 836 2926 1042 2972; x_wconf 77' lang='lat' dir='ltr'>loquamur</span> <span class='ocrx_word' id='word_1_309' title='bbox 1068 2926 1150 2962; x_wconf 86' lang='lat' dir='ltr'>ritu</span> <span class='ocrx_word' id='word_1_310' title='bbox 1179 2928 1224 2961; x_wconf 22' lang='lat' dir='ltr'>*et</span> 
     </span>
     <span class='ocr_line' id='line_1_46' title="bbox 347 2980 1223 3027; baseline -0.001 -12"><span class='ocrx_word' id='word_1_311' title='bbox 347 2980 577 3026; x_wconf 73' lang='lat' dir='ltr'>compendio</span> <span class='ocrx_word' id='word_1_312' title='bbox 608 2984 752 3017; x_wconf 83' lang='lat' dir='ltr'>nostro.</span> <span class='ocrx_word' id='word_1_313' title='bbox 808 2980 916 3021; x_wconf 78' lang='lat' dir='ltr'>Quid</span> <span class='ocrx_word' id='word_1_314' title='bbox 948 2980 1113 3016; x_wconf 87' lang='lat' dir='ltr'>nimium</span> <span class='ocrx_word' id='word_1_315' title='bbox 1151 2990 1223 3027; x_wconf 82' lang='lat' dir='ltr'>pro</span> 
     </span>
     <span class='ocr_line' id='line_1_47' title="bbox 345 3032 1223 3080; baseline 0 -11"><span class='ocrx_word' id='word_1_316' title='bbox 345 3033 487 3080; x_wconf 86' lang='lat' dir='ltr'>opibus</span> <span class='ocrx_word' id='word_1_317' title='bbox 498 3033 710 3070; x_wconf 86' lang='lat' dir='ltr'>Romanis?</span> <span class='ocrx_word' id='word_1_318' title='bbox 732 3034 844 3070; x_wconf 81' lang='lat' dir='ltr'>L1Ps.</span> <span class='ocrx_word' id='word_1_319' title='bbox 872 3033 1034 3080; x_wconf 81' lang='lat' dir='ltr'>Recepit</span> <span class='ocrx_word' id='word_1_320' title='bbox 1046 3032 1223 3071; x_wconf 83' lang='lat' dir='ltr'>Freinsh.</span> 
     </span>
     <span class='ocr_line' id='line_1_48' title="bbox 346 3085 1224 3132; baseline -0.002 -8"><span class='ocrx_word' id='word_1_321' title='bbox 346 3087 482 3125; x_wconf 79' lang='lat' dir='ltr'>Recte.</span> <span class='ocrx_word' id='word_1_322' title='bbox 511 3088 620 3125; x_wconf 74' lang='lat' dir='ltr'>ERN.</span> <span class='ocrx_word' id='word_1_323' title='bbox 662 3087 923 3124; x_wconf 82' lang='lat' dir='ltr'>Consentiunt</span> <span class='ocrx_word' id='word_1_324' title='bbox 941 3087 1129 3132; x_wconf 43' lang='lat' dir='ltr'>Faernus</span> <span class='ocrx_word' id='word_1_325' title='bbox 1147 3085 1224 3124; x_wconf 88' lang='lat' dir='ltr'>Ur-</span> 
     </span>
     <span class='ocr_line' id='line_1_49' title="bbox 347 3141 1020 3186; baseline 0.003 -9"><span class='ocrx_word' id='word_1_326' title='bbox 347 3141 473 3186; x_wconf 81' lang='lat' dir='ltr'>sinus,</span> <span class='ocrx_word' id='word_1_327' title='bbox 490 3141 694 3178; x_wconf 82' lang='lat' dir='ltr'>Acidalius</span> <span class='ocrx_word' id='word_1_328' title='bbox 713 3144 753 3177; x_wconf 85' lang='lat' dir='ltr'>et</span> <span class='ocrx_word' id='word_1_329' title='bbox 769 3141 1020 3179; x_wconf 80' lang='lat' dir='ltr'>recentiores.</span> 
     </span>
    </p>

    <p class='ocr_par' dir='ltr' id='par_1_16' title="bbox 347 3194 1226 3460">
     <span class='ocr_line' id='line_1_50' title="bbox 401 3194 1224 3244; baseline -0.002 -12"><span class='ocrx_word' id='word_1_330' title='bbox 401 3196 528 3244; x_wconf 73' lang='lat' dir='ltr'>Super</span> <span class='ocrx_word' id='word_1_331' title='bbox 553 3196 748 3244; x_wconf 79' lang='lat' dir='ltr'>portiones</span> <span class='ocrx_word' id='word_1_332' title='bbox 779 3194 906 3244; x_wconf 82' lang='lat' dir='ltr'>erant]</span> <span class='ocrx_word' id='word_1_333' title='bbox 955 3196 1028 3231; x_wconf 87' lang='lat' dir='ltr'>Per</span> <span class='ocrx_word' id='word_1_334' title='bbox 1064 3194 1224 3239; x_wconf 84' lang='lat' dir='ltr'>tmesiu‚</span> 
     </span>
     <span class='ocr_line' id='line_1_51' title="bbox 347 3248 1226 3298; baseline 0 -13"><span class='ocrx_word' id='word_1_335' title='bbox 347 3259 422 3297; x_wconf 83' lang='lat' dir='ltr'>pro</span> <span class='ocrx_word' id='word_1_336' title='bbox 448 3255 683 3298; x_wconf 79' lang='lat' dir='ltr'>supererant.</span> <span class='ocrx_word' id='word_1_337' title='bbox 737 3249 846 3288; x_wconf 78' lang='lat' dir='ltr'>Bene.</span> <span class='ocrx_word' id='word_1_338' title='bbox 873 3249 1042 3285; x_wconf 71' lang='lat' dir='ltr'>Pit-hena</span> <span class='ocrx_word' id='word_1_339' title='bbox 1069 3248 1226 3297; x_wconf 83' lang='lat' dir='ltr'>Virgilii</span> 
     </span>
     <span class='ocr_line' id='line_1_52' title="bbox 350 3301 1225 3351; baseline -0.002 -11"><span class='ocrx_word' id='word_1_340' title='bbox 350 3303 447 3340; x_wconf 89' lang='lat' dir='ltr'>illud</span> <span class='ocrx_word' id='word_1_341' title='bbox 475 3306 675 3350; x_wconf 81' lang='lat' dir='ltr'>comparat</span> <span class='ocrx_word' id='word_1_342' title='bbox 709 3304 800 3340; x_wconf 76' lang='lat' dir='ltr'>AEn.</span> <span class='ocrx_word' id='word_1_343' title='bbox 837 3307 876 3347; x_wconf 79' lang='lat'>92,</span> <span class='ocrx_word' id='word_1_344' title='bbox 912 3306 1001 3343; x_wconf 77' lang='grc'><strong>567.</strong></span> <span class='ocrx_word' id='word_1_345' title='bbox 1057 3301 1225 3351; x_wconf 80' lang='lat' dir='ltr'>Jamque</span> 
     </span>
     <span class='ocr_line' id='line_1_53' title="bbox 349 3355 1224 3406; baseline -0.001 -13"><span class='ocrx_word' id='word_1_346' title='bbox 349 3357 444 3394; x_wconf 75' lang='lat' dir='ltr'>adeo</span> <span class='ocrx_word' id='word_1_347' title='bbox 459 3369 573 3406; x_wconf 74' lang='lat' dir='ltr'>saper</span> <span class='ocrx_word' id='word_1_348' title='bbox 590 3370 689 3396; x_wconf 74' lang='lat' dir='ltr'>unus</span> <span class='ocrx_word' id='word_1_349' title='bbox 705 3369 822 3394; x_wconf 78' lang='lat' dir='ltr'>eram.</span> <span class='ocrx_word' id='word_1_350' title='bbox 842 3357 949 3394; x_wconf 75' lang='lat' dir='ltr'>ERN.</span> <span class='ocrx_word' id='word_1_351' title='bbox 1003 3355 1106 3394; x_wconf 87' lang='lat' dir='ltr'>Bud.</span> <span class='ocrx_word' id='word_1_352' title='bbox 1122 3355 1224 3393; x_wconf 83' lang='lat' dir='ltr'>male</span> 
     </span>
     <span class='ocr_line' id='line_1_54' title="bbox 350 3423 484 3460; baseline 0.015 -13"><span class='ocrx_word' id='word_1_353' title='bbox 350 3423 484 3460; x_wconf 76' lang='lat' dir='ltr'>supra.</span> 
     </span>
    </p>

    <p class='ocr_par' dir='ltr' id='par_1_17' title="bbox 351 3461 1225 3622">
     <span class='ocr_line' id='line_1_55' title="bbox 404 3461 1220 3514; baseline -0.002 -12"><span class='ocrx_word' id='word_1_354' title='bbox 404 3464 624 3502; x_wconf 73' lang='lat' dir='ltr'>Eoeactioni</span> <span class='ocrx_word' id='word_1_355' title='bbox 649 3463 788 3502; x_wconf 83' lang='lat' dir='ltr'>XXX.</span> <span class='ocrx_word' id='word_1_356' title='bbox 815 3463 981 3513; x_wconf 77' lang='lat' dir='ltr'>Equites</span> <span class='ocrx_word' id='word_1_357' title='bbox 1002 3461 1220 3514; x_wconf 78' lang='lat' dir='ltr'>proepositi]</span> 
     </span>
     <span class='ocr_line' id='line_1_56' title="bbox 352 3518 1225 3568; baseline -0.002 -12"><span class='ocrx_word' id='word_1_358' title='bbox 352 3518 400 3556; x_wconf 89' lang='lat' dir='ltr'>In</span> <span class='ocrx_word' id='word_1_359' title='bbox 417 3518 602 3556; x_wconf 82' lang='lat' dir='ltr'>Suetonio</span> <span class='ocrx_word' id='word_1_360' title='bbox 614 3531 648 3554; x_wconf 89' lang='lat' dir='ltr'>c.</span> <span class='ocrx_word' id='word_1_361' title='bbox 671 3523 730 3556; x_wconf 79' lang='lat'>15.</span> <span class='ocrx_word' id='word_1_362' title='bbox 749 3523 823 3562; x_wconf 74' lang='lat' dir='ltr'>est,</span> <span class='ocrx_word' id='word_1_363' title='bbox 837 3519 1136 3568; x_wconf 78' lang='lat' dir='ltr'>qninquaginta.</span> <span class='ocrx_word' id='word_1_364' title='bbox 1154 3528 1225 3554; x_wconf 83' lang='lat' dir='ltr'>nec</span> 
     </span>
     <span class='ocr_line' id='line_1_57' title="bbox 351 3572 991 3622; baseline 0.002 -13"><span class='ocrx_word' id='word_1_365' title='bbox 351 3572 478 3622; x_wconf 81' lang='lat' dir='ltr'>liquet</span> <span class='ocrx_word' id='word_1_366' title='bbox 493 3573 590 3612; x_wconf 72' lang='lat' dir='ltr'>milii</span> <span class='ocrx_word' id='word_1_367' title='bbox 606 3572 653 3612; x_wconf 79' lang='lat' dir='ltr'>de</span> <span class='ocrx_word' id='word_1_368' title='bbox 671 3573 851 3611; x_wconf 74' lang='lat' dir='ltr'>veritate.</span> <span class='ocrx_word' id='word_1_369' title='bbox 880 3573 991 3610; x_wconf 75' lang='lat' dir='ltr'>Lm.</span> 
     </span>
    </p>
   </div>
   <div class='ocr_carea' id='block_1_10' title="bbox 1268 1949 2168 3610">
    <p class='ocr_par' dir='ltr' id='par_1_18' title="bbox 1268 1949 2164 2857">
     <span class='ocr_line' id='line_1_58' title="bbox 1269 1949 2146 2000; baseline 0.001 -13"><span class='ocrx_word' id='word_1_370' title='bbox 1269 1954 1355 1988; x_wconf 89' lang='lat' dir='ltr'>tum</span> <span class='ocrx_word' id='word_1_371' title='bbox 1372 1954 1412 1986; x_wconf 87' lang='lat' dir='ltr'>et</span> <span class='ocrx_word' id='word_1_372' title='bbox 1429 1961 1635 1986; x_wconf 89' lang='lat' dir='ltr'>numerum</span> <span class='ocrx_word' id='word_1_373' title='bbox 1653 1949 1903 1998; x_wconf 83' lang='lat' dir='ltr'>collegarum,</span> <span class='ocrx_word' id='word_1_374' title='bbox 1921 1962 2000 1999; x_wconf 79' lang='lat' dir='ltr'>quo</span> <span class='ocrx_word' id='word_1_375' title='bbox 2020 1952 2146 2000; x_wconf 82' lang='lat' dir='ltr'>impe·</span> 
     </span>
     <span class='ocr_line' id='line_1_59' title="bbox 1270 2003 2154 2052; baseline 0.003 -12"><span class='ocrx_word' id='word_1_376' title='bbox 1270 2003 1451 2041; x_wconf 82' lang='lat' dir='ltr'>diebatur</span> <span class='ocrx_word' id='word_1_377' title='bbox 1468 2015 1570 2052; x_wconf 82' lang='lat' dir='ltr'>saepe</span> <span class='ocrx_word' id='word_1_378' title='bbox 1587 2004 1875 2041; x_wconf 73' lang='lat' dir='ltr'>administratio</span> <span class='ocrx_word' id='word_1_379' title='bbox 1896 2005 1994 2051; x_wconf 74' lang='lat' dir='ltr'>ejus.</span> <span class='ocrx_word' id='word_1_380' title='bbox 2045 2006 2154 2043; x_wconf 79' lang='lat' dir='ltr'>Tam.</span> 
     </span>
     <span class='ocr_line' id='line_1_60' title="bbox 1272 2058 2147 2106; baseline 0.001 -11"><span class='ocrx_word' id='word_1_381' title='bbox 1272 2059 1387 2096; x_wconf 86' lang='lat' dir='ltr'>multi</span> <span class='ocrx_word' id='word_1_382' title='bbox 1416 2058 1520 2095; x_wconf 85' lang='lat' dir='ltr'>enim</span> <span class='ocrx_word' id='word_1_383' title='bbox 1546 2070 1625 2095; x_wconf 87' lang='lat' dir='ltr'>non</span> <span class='ocrx_word' id='word_1_384' title='bbox 1654 2058 1767 2095; x_wconf 84' lang='lat' dir='ltr'>facile</span> <span class='ocrx_word' id='word_1_385' title='bbox 1799 2059 2075 2106; x_wconf 74' lang='lat' dir='ltr'>consentiunt3</span> <span class='ocrx_word' id='word_1_386' title='bbox 2105 2064 2147 2096; x_wconf 78' lang='lat' dir='ltr'>et</span> 
     </span>
     <span class='ocr_line' id='line_1_61' title="bbox 1273 2112 2148 2170; baseline 0 -20"><span class='ocrx_word' id='word_1_387' title='bbox 1273 2126 1351 2162; x_wconf 89' lang='lat' dir='ltr'>quo</span> <span class='ocrx_word' id='word_1_388' title='bbox 1380 2113 1511 2161; x_wconf 86' lang='lat' dir='ltr'>plures</span> <span class='ocrx_word' id='word_1_389' title='bbox 1536 2112 1706 2160; x_wconf 69' lang='lat' dir='ltr'>collegae,</span> <span class='ocrx_word' id='word_1_390' title='bbox 1730 2112 1803 2148; x_wconf 87' lang='lat' dir='ltr'>hoc</span> <span class='ocrx_word' id='word_1_391' title='bbox 1829 2112 1969 2161; x_wconf 81' lang='lat' dir='ltr'>saepius</span> <span class='ocrx_word' id='word_1_392' title='bbox 1998 2114 2148 2170; x_wconf 63' lang='lat' dir='ltr'>accide-</span> 
     </span>
     <span class='ocr_line' id='line_1_62' title="bbox 1272 2167 2149 2215; baseline 0.001 -11"><span class='ocrx_word' id='word_1_393' title='bbox 1272 2168 1354 2211; x_wconf 85' lang='lat' dir='ltr'>bat,</span> <span class='ocrx_word' id='word_1_394' title='bbox 1374 2171 1420 2204; x_wconf 82' lang='lat' dir='ltr'>ut</span> <span class='ocrx_word' id='word_1_395' title='bbox 1434 2167 1563 2214; x_wconf 83' lang='lat' dir='ltr'>gratia</span> <span class='ocrx_word' id='word_1_396' title='bbox 1581 2167 1762 2203; x_wconf 81' lang='lat' dir='ltr'>turbaret</span> <span class='ocrx_word' id='word_1_397' title='bbox 1788 2167 2002 2215; x_wconf 72' lang='lat' dir='ltr'>negotium.</span> <span class='ocrx_word' id='word_1_398' title='bbox 2055 2169 2149 2205; x_wconf 85' lang='lat' dir='ltr'>Pos-</span> 
     </span>
     <span class='ocr_line' id='line_1_63' title="bbox 1273 2220 2148 2261; baseline -0.001 -2"><span class='ocrx_word' id='word_1_399' title='bbox 1273 2223 1324 2259; x_wconf 90' lang='lat' dir='ltr'>sis</span> <span class='ocrx_word' id='word_1_400' title='bbox 1348 2228 1482 2258; x_wconf 82' lang='lat' dir='ltr'>tamen</span> <span class='ocrx_word' id='word_1_401' title='bbox 1513 2221 1631 2258; x_wconf 80' lang='lat' dir='ltr'>etiarn</span> <span class='ocrx_word' id='word_1_402' title='bbox 1656 2220 1847 2257; x_wconf 83' lang='lat' dir='ltr'>ambitum</span> <span class='ocrx_word' id='word_1_403' title='bbox 1873 2228 1913 2257; x_wconf 87' lang='lat' dir='ltr'>et</span> <span class='ocrx_word' id='word_1_404' title='bbox 1940 2232 2148 2261; x_wconf 84' lang='lat' dir='ltr'>numerum</span> 
     </span>
     <span class='ocr_line' id='line_1_64' title="bbox 1273 2274 2149 2324; baseline 0 -11"><span class='ocrx_word' id='word_1_405' title='bbox 1273 2277 1416 2313; x_wconf 86' lang='lat' dir='ltr'>referre</span> <span class='ocrx_word' id='word_1_406' title='bbox 1433 2276 1482 2312; x_wconf 79' lang='lat' dir='ltr'>ad</span> <span class='ocrx_word' id='word_1_407' title='bbox 1498 2287 1578 2319; x_wconf 83' lang='lat' dir='ltr'>eos,</span> <span class='ocrx_word' id='word_1_408' title='bbox 1594 2287 1619 2311; x_wconf 87' lang='lat' dir='ltr'>a</span> <span class='ocrx_word' id='word_1_409' title='bbox 1635 2274 1777 2323; x_wconf 79' lang='lat' dir='ltr'>quibus</span> <span class='ocrx_word' id='word_1_410' title='bbox 1800 2275 2014 2312; x_wconf 75' lang='lat' dir='ltr'>revocanda</span> <span class='ocrx_word' id='word_1_411' title='bbox 2030 2287 2149 2324; x_wconf 83' lang='lat' dir='ltr'>pecu-</span> 
     </span>
     <span class='ocr_line' id='line_1_65' title="bbox 1273 2329 2150 2374; baseline 0 -7"><span class='ocrx_word' id='word_1_412' title='bbox 1273 2332 1341 2368; x_wconf 88' lang='lat' dir='ltr'>nia</span> <span class='ocrx_word' id='word_1_413' title='bbox 1373 2334 1469 2367; x_wconf 80' lang='lat' dir='ltr'>erat.</span> <span class='ocrx_word' id='word_1_414' title='bbox 1524 2330 1619 2366; x_wconf 85' lang='lat' dir='ltr'>Mox</span> <span class='ocrx_word' id='word_1_415' title='bbox 1647 2330 1747 2365; x_wconf 81' lang='lat' dir='ltr'>bene</span> <span class='ocrx_word' id='word_1_416' title='bbox 1780 2329 2037 2374; x_wconf 74' lang='lat' dir='ltr'>auctionibus,</span> <span class='ocrx_word' id='word_1_417' title='bbox 2073 2331 2150 2367; x_wconf 77' lang='lat' dir='ltr'>etsi</span> 
     </span>
     <span class='ocr_line' id='line_1_66' title="bbox 1273 2382 2149 2431; baseline -0.001 -9"><span class='ocrx_word' id='word_1_418' title='bbox 1273 2388 1411 2422; x_wconf 87' lang='lat' dir='ltr'>contra</span> <span class='ocrx_word' id='word_1_419' title='bbox 1452 2383 1588 2428; x_wconf 87' lang='lat' dir='ltr'>libros,</span> <span class='ocrx_word' id='word_1_420' title='bbox 1630 2384 1697 2431; x_wconf 90' lang='lat' dir='ltr'>qui</span> <span class='ocrx_word' id='word_1_421' title='bbox 1739 2382 1889 2419; x_wconf 84' lang='lat' dir='ltr'>habent</span> <span class='ocrx_word' id='word_1_422' title='bbox 1919 2383 2149 2430; x_wconf 69' lang='lat' dir='ltr'>actionibus,</span> 
     </span>
     <span class='ocr_line' id='line_1_67' title="bbox 1273 2436 2159 2487; baseline -0.003 -10"><span class='ocrx_word' id='word_1_423' title='bbox 1273 2451 1360 2487; x_wconf 81' lang='lat' dir='ltr'>quae</span> <span class='ocrx_word' id='word_1_424' title='bbox 1375 2439 1551 2475; x_wconf 83' lang='lat' dir='ltr'>confusio</span> <span class='ocrx_word' id='word_1_425' title='bbox 1567 2442 1607 2473; x_wconf 86' lang='lat' dir='ltr'>et</span> <span class='ocrx_word' id='word_1_426' title='bbox 1628 2437 1724 2474; x_wconf 82' lang='lat' dir='ltr'>alibi</span> <span class='ocrx_word' id='word_1_427' title='bbox 1743 2436 1960 2473; x_wconf 77' lang='lat' dir='ltr'>observata.</span> <span class='ocrx_word' id='word_1_428' title='bbox 2014 2439 2159 2475; x_wconf 77' lang='lat' dir='ltr'>Edidit:-</span> 
     </span>
     <span class='ocr_line' id='line_1_68' title="bbox 1268 2491 2149 2541; baseline -0.001 -11"><span class='ocrx_word' id='word_1_429' title='bbox 1268 2494 1352 2540; x_wconf 83' lang='lat' dir='ltr'>jam</span> <span class='ocrx_word' id='word_1_430' title='bbox 1381 2494 1550 2541; x_wconf 86' lang='lat' dir='ltr'>Lipsius.</span> <span class='ocrx_word' id='word_1_431' title='bbox 1579 2491 1652 2528; x_wconf 82' lang='lat' dir='ltr'>Sed</span> <span class='ocrx_word' id='word_1_432' title='bbox 1679 2492 1718 2528; x_wconf 74' lang='lat' dir='ltr'>J.</span> <span class='ocrx_word' id='word_1_433' title='bbox 1739 2491 1958 2528; x_wconf 71' lang='lat' dir='ltr'>Gronovius</span> <span class='ocrx_word' id='word_1_434' title='bbox 1986 2493 2149 2529; x_wconf 74' lang='lat' dir='ltr'>aetioni-</span> 
     </span>
     <span class='ocr_line' id='line_1_69' title="bbox 1275 2545 2160 2594; baseline -0.002 -10"><span class='ocrx_word' id='word_1_435' title='bbox 1275 2549 1343 2585; x_wconf 82' lang='lat' dir='ltr'>Ims</span> <span class='ocrx_word' id='word_1_436' title='bbox 1359 2550 1487 2583; x_wconf 82' lang='lat' dir='ltr'>servat</span> <span class='ocrx_word' id='word_1_437' title='bbox 1503 2558 1548 2582; x_wconf 77' lang='lat' dir='ltr'>ac</span> <span class='ocrx_word' id='word_1_438' title='bbox 1568 2545 1755 2590; x_wconf 79' lang='lat' dir='ltr'>defendit,</span> <span class='ocrx_word' id='word_1_439' title='bbox 1782 2545 2007 2592; x_wconf 80' lang='lat' dir='ltr'>intelligens</span> <span class='ocrx_word' id='word_1_440' title='bbox 2031 2557 2160 2594; x_wconf 84' lang='lat' dir='ltr'>nego--</span> 
     </span>
     <span class='ocr_line' id='line_1_70' title="bbox 1274 2598 2150 2649; baseline -0.003 -10"><span class='ocrx_word' id='word_1_441' title='bbox 1274 2604 1332 2639; x_wconf 76' lang='lat' dir='ltr'>tia</span> <span class='ocrx_word' id='word_1_442' title='bbox 1357 2613 1406 2638; x_wconf 78' lang='lat' dir='ltr'>ex</span> <span class='ocrx_word' id='word_1_443' title='bbox 1433 2599 1691 2649; x_wconf 84' lang='lat' dir='ltr'>appellandis,</span> <span class='ocrx_word' id='word_1_444' title='bbox 1715 2600 1757 2635; x_wconf 87' lang='lat' dir='ltr'>in</span> <span class='ocrx_word' id='word_1_445' title='bbox 1776 2598 1844 2645; x_wconf 84' lang='lat' dir='ltr'>jus</span> <span class='ocrx_word' id='word_1_446' title='bbox 1867 2599 2064 2644; x_wconf 77' lang='lat' dir='ltr'>vocandis,</span> <span class='ocrx_word' id='word_1_447' title='bbox 2085 2612 2150 2636; x_wconf 87' lang='lat' dir='ltr'>co-</span> 
     </span>
     <span class='ocr_line' id='line_1_71' title="bbox 1273 2654 2151 2705; baseline -0.001 -13"><span class='ocrx_word' id='word_1_448' title='bbox 1273 2656 1409 2705; x_wconf 86' lang='lat' dir='ltr'>gendis</span> <span class='ocrx_word' id='word_1_449' title='bbox 1429 2656 1490 2700; x_wconf 86' lang='lat' dir='ltr'>iis,</span> <span class='ocrx_word' id='word_1_450' title='bbox 1509 2655 1578 2702; x_wconf 86' lang='lat' dir='ltr'>qui</span> <span class='ocrx_word' id='word_1_451' title='bbox 1604 2654 1858 2701; x_wconf 84' lang='lat' dir='ltr'>accepissent.</span> <span class='ocrx_word' id='word_1_452' title='bbox 1885 2655 1992 2690; x_wconf 71' lang='lat' dir='ltr'>ERN.</span> <span class='ocrx_word' id='word_1_453' title='bbox 2046 2655 2151 2691; x_wconf 83' lang='lat' dir='ltr'>Bud.</span> 
     </span>
     <span class='ocr_line' id='line_1_72' title="bbox 1273 2707 2150 2755; baseline -0.003 -8"><span class='ocrx_word' id='word_1_454' title='bbox 1273 2716 1433 2748; x_wconf 71' lang='lat' dir='ltr'>sectores</span> <span class='ocrx_word' id='word_1_455' title='bbox 1461 2713 1502 2745; x_wconf 84' lang='lat' dir='ltr'>et</span> <span class='ocrx_word' id='word_1_456' title='bbox 1530 2707 1756 2746; x_wconf 79' lang='lat' dir='ltr'>actionibus.</span> <span class='ocrx_word' id='word_1_457' title='bbox 1811 2707 1885 2744; x_wconf 84' lang='lat' dir='ltr'>Sed</span> <span class='ocrx_word' id='word_1_458' title='bbox 1912 2708 2040 2747; x_wconf 75' lang='lat' dir='ltr'>Rhea.</span> <span class='ocrx_word' id='word_1_459' title='bbox 2066 2708 2150 2755; x_wconf 74' lang='lat' dir='ltr'>jam</span> 
     </span>
     <span class='ocr_line' id='line_1_73' title="bbox 1276 2762 2154 2813; baseline -0.001 -12"><span class='ocrx_word' id='word_1_460' title='bbox 1276 2763 1409 2813; x_wconf 90' lang='lat' dir='ltr'>posuit</span> <span class='ocrx_word' id='word_1_461' title='bbox 1451 2762 1692 2800; x_wconf 81' lang='lat' dir='ltr'>auctionibus</span> <span class='ocrx_word' id='word_1_462' title='bbox 1736 2772 1784 2798; x_wconf 87' lang='lat' dir='ltr'>ex</span> <span class='ocrx_word' id='word_1_463' title='bbox 1828 2762 1997 2810; x_wconf 79' lang='lat' dir='ltr'>ingenio.</span> <span class='ocrx_word' id='word_1_464' title='bbox 2054 2762 2154 2800; x_wconf 76' lang='lat' dir='ltr'>Mox</span> 
     </span>
     <span class='ocr_line' id='line_1_74' title="bbox 1274 2819 2164 2857; baseline -0.009 -1"><span class='ocrx_word' id='word_1_465' title='bbox 1274 2819 1377 2857; x_wconf 91' lang='lat' dir='ltr'>Bud.</span> <span class='ocrx_word' id='word_1_466' title='bbox 1396 2830 1443 2855; x_wconf 82' lang='lat' dir='ltr'>ac</span> <span class='ocrx_word' id='word_1_467' title='bbox 1457 2823 1598 2854; x_wconf 82' lang='lat' dir='ltr'>tamen.</span> <span class='ocrx_word' id='word_1_468' title='bbox 2161 2845 2164 2848; x_wconf 83' lang='lat'>.</span> 
     </span>
    </p>

    <p class='ocr_par' dir='ltr' id='par_1_19' title="bbox 1276 2868 2152 3082">
     <span class='ocr_line' id='line_1_75' title="bbox 1325 2868 2152 2919; baseline -0.004 -10"><span class='ocrx_word' id='word_1_469' title='bbox 1325 2872 1369 2909; x_wconf 87' lang='lat' dir='ltr'><em>E</em></span> <span class='ocrx_word' id='word_1_470' title='bbox 1399 2868 1606 2919; x_wconf 84' lang='lat' dir='ltr'>Proetorio]</span> <span class='ocrx_word' id='word_1_471' title='bbox 1636 2870 1684 2907; x_wconf 79' lang='lat' dir='ltr'>V.</span> <span class='ocrx_word' id='word_1_472' title='bbox 1713 2870 1890 2907; x_wconf 80' lang='lat' dir='ltr'>Perizon.</span> <span class='ocrx_word' id='word_1_473' title='bbox 1917 2869 1964 2906; x_wconf 81' lang='lat' dir='ltr'>de</span> <span class='ocrx_word' id='word_1_474' title='bbox 1990 2871 2152 2908; x_wconf 76' lang='lat' dir='ltr'>Praetor.</span> 
     </span>
     <span class='ocr_line' id='line_1_76' title="bbox 1276 2923 2150 2974; baseline -0.002 -11"><span class='ocrx_word' id='word_1_475' title='bbox 1276 2937 1329 2974; x_wconf 85' lang='lat' dir='ltr'>p..</span> <span class='ocrx_word' id='word_1_476' title='bbox 1357 2931 1445 2966; x_wconf 85' lang='lat'>139.</span> <span class='ocrx_word' id='word_1_477' title='bbox 1480 2924 1550 2962; x_wconf 90' lang='lat' dir='ltr'>ubi</span> <span class='ocrx_word' id='word_1_478' title='bbox 1576 2937 1623 2961; x_wconf 89' lang='lat' dir='ltr'>ex</span> <span class='ocrx_word' id='word_1_479' title='bbox 1650 2925 1687 2959; x_wconf 84' lang='lat' dir='ltr'>h.</span> <span class='ocrx_word' id='word_1_480' title='bbox 1713 2923 1739 2959; x_wconf 90' lang='lat' dir='ltr'>l.</span> <span class='ocrx_word' id='word_1_481' title='bbox 1767 2923 1990 2972; x_wconf 71' lang='lat' dir='ltr'>planissime</span> <span class='ocrx_word' id='word_1_482' title='bbox 2023 2925 2150 2969; x_wconf 83' lang='lat' dir='ltr'>docet,</span> 
     </span>
     <span class='ocr_line' id='line_1_77' title="bbox 1277 2978 2152 3023; baseline -0.005 -6"><span class='ocrx_word' id='word_1_483' title='bbox 1277 2980 1514 3017; x_wconf 76' lang='lat' dir='ltr'>Proetori&#39;mn</span> <span class='ocrx_word' id='word_1_484' title='bbox 1531 2980 1578 3015; x_wconf 88' lang='lat' dir='ltr'>de</span> <span class='ocrx_word' id='word_1_485' title='bbox 1595 2978 1818 3017; x_wconf 84' lang='lat' dir='ltr'>cohortibus</span> <span class='ocrx_word' id='word_1_486' title='bbox 1831 2978 2078 3023; x_wconf 82' lang='lat' dir='ltr'>Praetorianis</span> <span class='ocrx_word' id='word_1_487' title='bbox 2092 2978 2152 3014; x_wconf 84' lang='lat' dir='ltr'>di·</span> 
     </span>
     <span class='ocr_line' id='line_1_78' title="bbox 1277 3031 2152 3082; baseline -0.001 -13"><span class='ocrx_word' id='word_1_488' title='bbox 1277 3035 1327 3080; x_wconf 90' lang='lat' dir='ltr'>ci,</span> <span class='ocrx_word' id='word_1_489' title='bbox 1338 3038 1385 3071; x_wconf 87' lang='lat' dir='ltr'>ut</span> <span class='ocrx_word' id='word_1_490' title='bbox 1394 3034 1554 3082; x_wconf 74' lang='lat' dir='ltr'>vigilias</span> <span class='ocrx_word' id='word_1_491' title='bbox 1565 3033 1611 3070; x_wconf 79' lang='lat' dir='ltr'>de</span> <span class='ocrx_word' id='word_1_492' title='bbox 1624 3031 1847 3068; x_wconf 81' lang='lat' dir='ltr'>cohortibus</span> <span class='ocrx_word' id='word_1_493' title='bbox 1857 3031 2034 3080; x_wconf 73' lang='lat' dir='ltr'>vigilum.</span> <span class='ocrx_word' id='word_1_494' title='bbox 2043 3033 2152 3069; x_wconf 70' lang='lat' dir='ltr'>ERN.</span> 
     </span>
    </p>

    <p class='ocr_par' dir='ltr' id='par_1_20' title="bbox 1277 3085 2168 3501">
     <span class='ocr_line' id='line_1_79' title="bbox 1330 3085 2155 3134; baseline -0.002 -10"><span class='ocrx_word' id='word_1_495' title='bbox 1330 3089 1527 3124; x_wconf 76' lang='lat' dir='ltr'>Antonius</span> <span class='ocrx_word' id='word_1_496' title='bbox 1544 3085 1670 3134; x_wconf 80' lang='lat' dir='ltr'>Naso]</span> <span class='ocrx_word' id='word_1_497' title='bbox 1698 3085 1935 3122; x_wconf 78' lang='lat' dir='ltr'>Farnesiano</span> <span class='ocrx_word' id='word_1_498' title='bbox 1950 3089 2010 3122; x_wconf 85' lang='lat' dir='ltr'>est</span> <span class='ocrx_word' id='word_1_499' title='bbox 2025 3086 2155 3122; x_wconf 77' lang='lat' dir='ltr'>Aure·-</span> 
     </span>
     <span class='ocr_line' id='line_1_80' title="bbox 1277 3139 2152 3178; baseline -0.003 0"><span class='ocrx_word' id='word_1_500' title='bbox 1277 3142 1368 3178; x_wconf 84' lang='lat' dir='ltr'>lius.</span> <span class='ocrx_word' id='word_1_501' title='bbox 1397 3142 1508 3178; x_wconf 75' lang='lat' dir='ltr'>Lirs.</span> <span class='ocrx_word' id='word_1_502' title='bbox 1548 3139 1692 3177; x_wconf 74' lang='lat' dir='ltr'>Probat</span> <span class='ocrx_word' id='word_1_503' title='bbox 1707 3140 1960 3176; x_wconf 78' lang='lat' dir='ltr'>Burmannus</span> <span class='ocrx_word' id='word_1_504' title='bbox 1977 3140 2026 3175; x_wconf 79' lang='lat' dir='ltr'>ad</span> <span class='ocrx_word' id='word_1_505' title='bbox 2043 3140 2152 3176; x_wconf 78' lang='lat' dir='ltr'>Suet.</span> 
     </span>
     <span class='ocr_line' id='line_1_81' title="bbox 1279 3194 2155 3234; baseline -0.006 0"><span class='ocrx_word' id='word_1_506' title='bbox 1279 3196 1376 3234; x_wconf 79' lang='lat' dir='ltr'>caes.</span> <span class='ocrx_word' id='word_1_507' title='bbox 1422 3206 1458 3232; x_wconf 90' lang='lat' dir='ltr'>c.</span> <span class='ocrx_word' id='word_1_508' title='bbox 1503 3199 1568 3231; x_wconf 75' lang='lat'>52.</span> <span class='ocrx_word' id='word_1_509' title='bbox 1601 3194 1788 3230; x_wconf 76' lang='lat' dir='ltr'>Aurelius</span> <span class='ocrx_word' id='word_1_510' title='bbox 1830 3197 1902 3230; x_wconf 80' lang='lat' dir='ltr'>aut</span> <span class='ocrx_word' id='word_1_511' title='bbox 1934 3194 2155 3230; x_wconf 78' lang='lat' dir='ltr'>Autronius</span> 
     </span>
     <span class='ocr_line' id='line_1_82' title="bbox 1280 3247 2151 3287; baseline -0.003 -1"><span class='ocrx_word' id='word_1_512' title='bbox 1280 3249 1450 3287; x_wconf 87' lang='lat' dir='ltr'>Heinsii.</span> <span class='ocrx_word' id='word_1_513' title='bbox 1478 3251 1593 3285; x_wconf 78' lang='lat' dir='ltr'>Certe</span> <span class='ocrx_word' id='word_1_514' title='bbox 1614 3248 1813 3285; x_wconf 78' lang='lat' dir='ltr'>Antonius</span> <span class='ocrx_word' id='word_1_515' title='bbox 1827 3247 2023 3284; x_wconf 77' lang='lat' dir='ltr'>vitiosum.</span> <span class='ocrx_word' id='word_1_516' title='bbox 2078 3247 2151 3283; x_wconf 87' lang='lat' dir='ltr'>Di·</span> 
     </span>
     <span class='ocr_line' id='line_1_83' title="bbox 1278 3300 2168 3347; baseline -0.003 -8"><span class='ocrx_word' id='word_1_517' title='bbox 1278 3303 1399 3340; x_wconf 80' lang='lat' dir='ltr'>xisset</span> <span class='ocrx_word' id='word_1_518' title='bbox 1431 3303 1535 3338; x_wconf 88' lang='lat' dir='ltr'>enim</span> <span class='ocrx_word' id='word_1_519' title='bbox 1566 3302 1746 3347; x_wconf 82' lang='lat' dir='ltr'>Antonii,</span> <span class='ocrx_word' id='word_1_520' title='bbox 1779 3301 1934 3338; x_wconf 75' lang='lat' dir='ltr'>Taum</span> <span class='ocrx_word' id='word_1_521' title='bbox 1961 3306 1998 3337; x_wconf 85' lang='lat' dir='ltr'>et</span> <span class='ocrx_word' id='word_1_522' title='bbox 2028 3300 2168 3337; x_wconf 76' lang='lat' dir='ltr'>Naso.-</span> 
     </span>
     <span class='ocr_line' id='line_1_84' title="bbox 1279 3353 2154 3400; baseline -0.003 -7"><span class='ocrx_word' id='word_1_523' title='bbox 1279 3357 1374 3394; x_wconf 83' lang='lat' dir='ltr'>Mox</span> <span class='ocrx_word' id='word_1_524' title='bbox 1402 3355 1540 3394; x_wconf 76' lang='lat' dir='ltr'>Julius</span> <span class='ocrx_word' id='word_1_525' title='bbox 1570 3355 1715 3392; x_wconf 82' lang='lat' dir='ltr'>Fronto</span> <span class='ocrx_word' id='word_1_526' title='bbox 1738 3365 1775 3390; x_wconf 78' lang='lat' dir='ltr'>v.</span> <span class='ocrx_word' id='word_1_527' title='bbox 1799 3355 1852 3391; x_wconf 78' lang='lat' dir='ltr'>ad</span> <span class='ocrx_word' id='word_1_528' title='bbox 1880 3361 1922 3400; x_wconf 75' lang='lat'>2,</span> <span class='ocrx_word' id='word_1_529' title='bbox 1950 3357 2018 3391; x_wconf 85' lang='grc'>68.</span> <span class='ocrx_word' id='word_1_530' title='bbox 2045 3353 2154 3391; x_wconf 69' lang='lat' dir='ltr'>ERN.</span> 
     </span>
     <span class='ocr_line' id='line_1_85' title="bbox 1278 3408 2162 3458; baseline 0 -11"><span class='ocrx_word' id='word_1_531' title='bbox 1278 3410 1397 3458; x_wconf 87' lang='lat' dir='ltr'>Apud</span> <span class='ocrx_word' id='word_1_532' title='bbox 1441 3409 1549 3447; x_wconf 85' lang='lat' dir='ltr'>Suet.</span> <span class='ocrx_word' id='word_1_533' title='bbox 1575 3410 1672 3446; x_wconf 84' lang='lat' dir='ltr'>Caes.</span> <span class='ocrx_word' id='word_1_534' title='bbox 1714 3413 1756 3447; x_wconf 79' lang='lat'>9.</span> <span class='ocrx_word' id='word_1_535' title='bbox 1785 3412 1846 3445; x_wconf 79' lang='lat' dir='ltr'>est</span> <span class='ocrx_word' id='word_1_536' title='bbox 1875 3410 1939 3447; x_wconf 90' lang='lat' dir='ltr'>M.</span> <span class='ocrx_word' id='word_1_537' title='bbox 1968 3408 2162 3447; x_wconf 71' lang='lat' dir='ltr'>Actorius.-</span> 
     </span>
     <span class='ocr_line' id='line_1_86' title="bbox 1280 3464 1402 3501; baseline -0.008 0"><span class='ocrx_word' id='word_1_538' title='bbox 1280 3464 1402 3501; x_wconf 86' lang='lat' dir='ltr'>Naso.</span> 
     </span>
    </p>

    <p class='ocr_par' dir='ltr' id='par_1_21' title="bbox 1279 3514 2164 3610">
     <span class='ocr_line' id='line_1_87' title="bbox 1331 3514 2164 3565; baseline -0.004 -12"><span class='ocrx_word' id='word_1_539' title='bbox 1331 3517 1465 3555; x_wconf 72' lang='lat' dir='ltr'>Metus</span> <span class='ocrx_word' id='word_1_540' title='bbox 1480 3514 1655 3565; x_wconf 77' lang='lat' dir='ltr'>initium]</span> <span class='ocrx_word' id='word_1_541' title='bbox 1677 3514 1867 3553; x_wconf 84' lang='lat' dir='ltr'>Heinsius</span> <span class='ocrx_word' id='word_1_542' title='bbox 1886 3514 2059 3554; x_wconf 68' lang='lat' dir='ltr'>malebat</span> <span class='ocrx_word' id='word_1_543' title='bbox 2074 3525 2164 3553; x_wconf 66' lang='lat' dir='ltr'>vno-f</span> 
     </span>
     <span class='ocr_line' id='line_1_88' title="bbox 1279 3569 1901 3610; baseline -0.003 -2"><span class='ocrx_word' id='word_1_544' title='bbox 1279 3577 1356 3610; x_wconf 72' lang='lat' dir='ltr'>tus.</span> <span class='ocrx_word' id='word_1_545' title='bbox 1409 3571 1521 3609; x_wconf 83' lang='lat' dir='ltr'>Acid.</span> <span class='ocrx_word' id='word_1_546' title='bbox 1541 3583 1608 3608; x_wconf 76' lang='lat' dir='ltr'>nec</span> <span class='ocrx_word' id='word_1_547' title='bbox 1624 3569 1668 3607; x_wconf 82' lang='lat' dir='ltr'>id</span> <span class='ocrx_word' id='word_1_548' title='bbox 1681 3570 1901 3607; x_wconf 80' lang='lat' dir='ltr'>remedium.</span> 
     </span>
    </p>
   </div>
  </div>
 </body>
</html>
