2190 3880
435 137 531 234 nr:
563 135 870 188 Monmus
905 137 1294 192 GERMANIAE
1329 139 1466 188 CAP.
1492 124 1573 190 εις.

1819 114 1914 190 331

108 259 322 314 adterit.
369 263 611 332 exempti
655 263 912 315 oneribus
950 274 1007 316 et
1045 264 1467 329 conlationibuS,
1508 273 1566 318 et
1604 271 1817 317 tantum
1863 266 1918 317 in

92 348 264 390 ‚usum
298 331 621 403 proeliorum
660 334 904 403 sepositi,
940 334 1088 387 velut
1126 335 1232 386 tela
1269 347 1433 401 atque
1459 353 1631 400 arma,
1657 336 1809 388 bellis
1838 354 1920 388 re-

108 415 356 454 servan‘tu
363 421 405 454 Γ.

480 403 580 455 Est
620 404 675 456 in
716 405 906 456 eodem
949 406 1215 474 obsequio
1249 416 1306 456 et
1334 403 1728 457 Mattiacorum
1765 424 1920 476 gens·

107 470 347 524 Protulit
384 473 530 527 enim
573 475 898 544 magnitudo
942 475 1145 546 Populi.
1185 475 1419 527 Romani
1462 474 1606 525 ultra
1643 476 1920 540 Rhenum,

106 541 353 613 ultraque
389 556 594 597 veteres
637 547 915 610 termium,
954 545 1177 617 Imperii
1216 545 1592 597 reverentiam.

1671 545 1758 596 Ita
1795 547 1921 597 sede

107 611 417 683 finibusque
457 616 512 667 in
555 633 652 667 sua
691 616 827 686 ripa,
855 628 1035 667 mente
1069 617 1360 685 animoque
1393 615 1701 677 nobiscum,
1729 628 1920 685 agunt,

105 694 285 736 cetera
316 685 518 738 similes
546 685 790 746 BataviS‚
818 686 921 737 nisi
951 687 1095 755 quod
1126 687 1245 756 ipso
1273 685 1452 738 adhuc
1481 695 1637 737 terrae
1666 702 1777 737 suae
1808 685 1945 736 solo'

104 765 161 805 et
186 753 331 807 coelo
361 758 535 808 acrius
562 757 889 813 animantur.
945 757 1071 808 Non
1099 755 1492 808 numeraverim
1524 756 1664 808 inter
1693 754 1926 808 Germa-

104 825 212 876 niae
241 826 490 895 populOS,
517 845 846 896 quamquam
875 838 1022 879 trans
1052 826 1306 879 Rhenum
1338 826 1765 896 Danubiumque
1790 844 1924 878 con-

0 884 3 926 i
53 882 85 910 “
107 895 362 961 sederint,
397 914 511 962 eos,
544 897 638 966 qui
671 896 1001 950 Decumates

101 1065 288 1104 tenentur.
334 1066 383 1104 In
399 1071 585 1115 promptu
605 1068 704 1111 erat,
725 1071 986 1105 conteruntur.

103 1120 171 1156 sed
188 1130 330 1168 parum
349 1120 523 1168 elegans,
541 1132 629 1157 cum
656 1121 759 1157 idem
777 1120 887 1157 verbi
907 1126 988 1158 sta·

99 1173 176 1210 tim
220 1177 424 1222 sequatur,
463 1186 532 1211 nec
567 1174 799 1222 publicanus
840 1175 986 1211 atterit.

102 1226 216 1264 Ferri
244 1233 285 1264 et
314 1227 475 1276 vulgata
501 1231 643 1276 potest.
696 1229 816 1272 Nam,
843 1227 986 1275 quibus

101 1279 258 1317 tributa
283 1279 558 1330 imponuntur,
583 1281 654 1317 hoc
681 1281 781 1330 ipso,
803 1284 850 1317 ut
877 1281 986 1327 victi,

102 1343 176 1382 pro
206 1334 414 1371 contemtis
456 1334 655 1372 habentur
697 1338 739 1371 et
781 1334 986 1382 despretis.

104 1387 242 1436 Steph.
267 1387 430 1436 Pighius
458 1389 501 1426 in
531 1387 705 1425 Hercule
733 1388 910 1425 Prodicio
932 1388 987 1437 (p.

103 1452 159 1478 m.
205 1439 286 1491 13.)
332 1436 484 1487 mallet,
527 1447 822 1478 contenuantur.
874 1443 987 1479 Lips.

105 1495 197 1531 P'ost
224 1505 358 1532 omnes
384 1493 427 1533 *ὃ
443 1493 503 1532 iet}
521 1496 625 1547 φακῇ
639 1494 749 1547 μῦρον
777 1494 875 1531 Lud.
903 1496 989 1531 Au-

103 1547 241 1593 relius,
283 1553 586 1586 consternantur.
643 1550 763 1585 Recte
807 1548 985 1594 Colerus,

82 1633 86 1637 .
107 1599 194 1651 (qui
211 1600 417 1649 vulgatum
447 1601 647 1650 eleganter
676 1602 824 1639 dictum
850 1602 983 1651 putat)

103 1658 146 1693 et
160 1649 319 1707 ἳιῦτεςαι
337 1651 513 1707 φροντίδες
532 1655 668 1703 Lipsii.
713 1655 866 1692 Placuit
884 1656 988 1691 anti-

83 1755 86 1759 ·
103 1707 193 1756 quib
209 1707 329 1744 verba
346 1707 458 1757 λόγον
474 1707 535 1745 ‘ro'v
550 1723 590 1746 vn
608 1706 799 1758 σιγώμενον
815 1708 880 1745 καὶ
898 1705 988 1745 ἔνδον

105 1758 396 1814 ἱπιιτςιφὸμενον
419 1760 485 1799 καὶ
504 1761 564 1798 τᾶν
582 1761 832 1814 προφεςὸμενόν
861 1776 900 1799 τε
921 1762 987 1799 καὶ

104 1813 327 1863 inanimi-ov,
357 1815 436 1852 oris
467 1818 565 1863 puta
597 1826 730 1851 vocem
759 1820 831 1853 aut
863 1816 987 1852 animi

103 1878 263 1906 sensum
280 1868 544 1916 significant-ia
561 1868 618 1904 ita
633 1868 847 1906 transferre
863 1869 988 1906 inter-

100 1921 212 1968 dum,
231 1925 278 1959 ut
303 1922 409 1959 facta
435 1922 719 1961 demonstrent.
773 1922 832 1960 Ut
858 1923 987 1971 objur-

100 1975 361 2025 gareserula,
376 1974 551 2025 colapho,
558 1977 725 2024 flagris,
742 1977 905 2014 laudare
922 1989 988 2013 ar-

97 2030 181 2066 ’πίε
199 2040 321 2078 supra
332 2029 406 2066 hoc
419 2028 537 2074 libro,
553 2031 749 2078 increpare
766 2032 871 2067 saltu
884 2031 990 2078 apud

104 2080 265 2120 Florum
300 2088 337 2128 1,
367 2088 403 2121 1.
433 2089 670 2132 petauroque
688 2083 850 2131 jubente
878 2084 990 2120 modo

102 2137 280 2186 aperior
312 2135 397 2187 (ubi
427 2136 530 2173 male
565 2137 780 2183 conjiciunt
804 2135 986 2186 juvante)

102 2189 209 2238 apud
242 2190 470 2226 Petronium
507 2191 681 2240 (Fmgm.
718 2202 759 2238 p.
796 2195 891 2230 674.
926 2190 985 2227 ed.

103 2240 260 2292 Burm.)
270 2243 431 2290 jussum
443 2255 497 2280 ωε
513 2245 663 2292 spirare
679 2245 845 2281 caminis
861 2244 987 2281 Statio

103 2300 146 2333 et
164 2295 322 2334 similia.
364 2296 550 2334 Laudare
572 2298 694 2334 armis
717 2301 777 2332 est
795 2297 836 2333 in
867 2298 989 2333 hono·

103 2361 187 2387 rem
203 2349 370 2398 alicujus
381 2349 524 2387 collisis
537 2350 655 2386 armis
669 2351 839 2387 sonitum
859 2350 988 2395 edere,

103 2402 206 2452 quod
224 2402 333 2442 valet-
349 2405 469 2453 atque
495 2409 556 2441 est
581 2414 654 2453 pro
680 2403 812 2442 laude.
857 2405 987 2441 Incre-

96 2469 198 2506 pare
220 2457 342 2503 saltu,
359 2456 594 2502 transsilire,
612 2457 716 2505 quod
744 2458 900 2505 signum
928 2462 989 2494 est

102 2510 306 2558 arguentis
331 2514 451 2559 atque
474 2509 735 2559 improbantis
762 2516 804 2547 et
830 2521 928 2559 opus
948 2514 989 2546 et

104 2561 286 2601 vetitum.
321 2563 702 2612 Oly'urgareflagro,
719 2574 851 2600 severe
868 2567 988 2611 atque

101 2627 239 2666 aspere
282 2617 460 2664 accipere
492 2616 672 2663 verbere,
706 2621 751 2654 ut
785 2615 915 2654 verbis
949 2621 990 2653 et

105 2670 220 2708 vultu
237 2670 284 2708 fit
302 2671 344 2707 in
355 2669 504 2718 iurgio.
557 2670 622 2707 Sic
649 2670 808 2707 tributis
824 2676 990 2707 contem-

103 2726 192 2762 nere
218 2728 278 2761 est
307 2723 461 2761 tributa
486 2723 704 2772 imponere,
723 2723 826 2772 quod
851 2727 912 2761 est
930 2724 990 2760 in·

105 2777 342 2815 sultantium
361 2777 475 2815 victis
502 2781 542 2813 et
558 2788 629 2825 pro
647 2777 806 2824 vilibus,
824 2777 990 2826 ignavis,

103 2831 285 2874 obnoxiis
311 2841 376 2868 eos
403 2831 662 2868 tractantium
680 2834 722 2867 et
738 2835 992 2868 contemnen-

103 2885 220 2923 tium.
251 2883 427 2922 Velleius
443 2889 483 2930 2,
501 2889 568 2923 39.
593 2885 641 2920 de
657 2884 822 2921 Galliis:
850 2886 992 2934 quippe

105 2938 192 2987 ejus
223 2937 344 2975 ductu
380 2938 641 2987 auspiciisque
673 2937 855 2987 infractoe
879 2949 993 2986 poene

104 2993 221 3036 idem,
247 2990 352 3041 quod
374 2995 480 3029 totus
505 2997 700 3028 terrarum
729 2990 846 3036 orbis,
870 2992 990 3039 igna-

103 3056 196 3083 vum
225 3044 430 3093 conserunt
453 3044 707 3093 stipendium.
742 3044 845 3092 quod
862 3046 982 3080 etiam

102 3099 253 3136 frustra
269 3100 464 3136 tentatur.
509 3097 709 3146 Ignavum
733 3097 984 3146 stipendium,

103 3153 207 3202 quod
237 3154 515 3201 argumentum
543 3154 605 3186 est
636 3150 680 3187 in
714 3149 818 3187 bello
847 3159 984 3199 segnes

103 3201 314 3255 minusque
330 3206 450 3242 fortes
468 3206 769 3252 constantesque
787 3203 908 3241 fuisse
924 3207 986 3240 at-

105 3270 182 3311 que
209 3269 308 3305 esse,
326 3258 430 3308 quod
450 3269 530 3295 non
557 3257 744 3301 facerent,
763 3258 796 3294 si
824 3256 899 3294 viri
927 3269 987 3294 es-

107 3317 208 3351 sent.
251 3310 386 3361 Ipsum
402 3311 566 3350 verbum
583 3312 702 3348 etiam
720 3312 774 3348 sic
792 3311 929 3348 Cicero
947 3315 986 3348 4.

105 3368 156 3404 ad
194 3364 318 3403 Attio.
353 3368 418 3404 16.
464 3365 515 3402 In
549 3370 835 3403 monumentum
869 3364 986 3410 illud,

106 3419 212 3470 quod
236 3425 280 3455 tu
314 3418 446 3457 tollere
470 3417 651 3456 laudibus
675 3419 834 3464 solebas,
860 3423 905 3456 ut
915 3418 986 3467 so·

104 3486 194 3511 rum
207 3472 431 3509 laxaremus
443 3478 480 3510 et
494 3482 614 3522 usque
630 3471 684 3508 ad
695 3473 839 3510 atrium
850 3471 986 3509 Liber-

104 3528 202 3565 tatis
218 3525 512 3575 explicaremus,
524 3525 817 3573 contempsimus
832 3537 986 3565 sexcen-

1040 911 1199 968 ag'ros
1238 907 1514 950 exercent.
1593 896 1925 949 Levissimus

1040 1067 1113 1105 ties
1128 1068 1360 1106 sestertium.
1389 1066 1428 1104 id
1457 1070 1532 1111 est,
1550 1064 1626 1103 vile
1645 1064 1873 1111 habuimus,
1885 1070 1925 1104 et

1039 1120 1210 1158 libenter
1237 1121 1499 1168 erogavimus,
1517 1120 1794 1167 impendimus,
1819 1121 1925 1157 unde

1039 1179 1219 1223 apparet,
1242 1178 1398 1211 tantum
1424 1173 1599 1221 pecuniae
1615 1184 1694 1223 prae
1710 1173 1825 1209 istius
1842 1185 1926 1210 mo-

1041 1229 1223 1264 numenti
1239 1227 1458 1274 adjectione
1485 1227 1534 1262 ad
1552 1236 1683 1261 aream
1703 1226 1778 1262 fori
1798 1228 1928 1264 Caesa·

1041 1282 1141 1318 riani
1171 1281 1249 1317 vile
1281 1280 1395 1317 nobis
1424 1283 1466 1316 et
1491 1282 1760 1327 contemptum
1791 1280 1928 1318 fuisse.

1040 1335 1293 1372 simillimum
1307 1334 1516 1372 Claudian.
1534 1334 1581 1369 de
1599 1332 1705 1369 bello
1721 1333 1814 1371 Get.
1837 1338 1928 1372 178.

1031 1388 1158 1437 sacili
1166 1394 1421 1436 contemptum
1432 1388 1639 1435 Strymona
1651 1387 1770 1423 saltu.
1788 1387 1928 1424 GRoN.

1041 1442 1242 1487 Alterum,
1260 1454 1328 1478 nec
1339 1440 1571 1490 publicanus
1587 1440 1735 1483 atterit,
1752 1440 1928 1487 pertinet

1043 1496 1093 1532 ad
1121 1495 1340 1543 vectigalia,
1359 1505 1444 1542 quae
1470 1492 1693 1540 publicanis
1717 1492 1901 1530 locantur
1916 1506 1927 1528 τ

1041 1551 1185 1586 Sensus
1214 1560 1307 1596 ergo
1335 1554 1409 1593 est,
1427 1558 1451 1582 a
1477 1546 1640 1582 tributis
1666 1549 1707 1582 et
1724 1547 1928 1597 vectigali·

1040 1603 1118 1639 bus
1135 1601 1251 1638 liberi
1270 1605 1379 1639 sunt.
1417 1600 1502 1637 MS.
1528 1605 1664 1636 tamen
1678 1599 1814 1650 Tutic.
1839 1613 1925 1638 con-

1040 1662 1231 1703 teruntur.
1259 1656 1370 1692 ERN.
1406 1654 1512 1701 Lips.
1532 1651 1575 1690 iu
1591 1664 1715 1700 marg.
1733 1653 1792 1690 ed.
1811 1654 1928 1701 quin-

1040 1715 1091 1746 tae
1107 1709 1228 1745 habet
1244 1708 1543 1746 contunduntur.
1589 1707 1753 1743 Crusius
1770 1704 1929 1743 volebat

1041 1768 1330 1807 consumuntur,
1343 1762 1471 1798 Rhen.
1489 1760 1801 1799 condemnantur.
1831 1761 1928 1798 Con-

1042 1823 1219 1854 teruntur
1237 1815 1417 1863 placebat
1435 1814 1595 1852 Ursino.
1769 1858 1773 1861 ἢ

1093 1867 1393 1918 Mattiacorum]
1432 1867 1631 1904 Leibnitio
1649 1865 1856 1903 videbatur
1872 1866 1929 1905 le·

1040 1924 1212 1970 gendum
1235 1923 1525 1959 Mar-sociorum
1551 1921 1614 1957 vel
1638 1919 1930 1967 Mari-acorum,

1041 1976 1087 2012 de
1106 1976 1250 2024 quibus
1267 1986 1388 2023 supra
1406 1976 1460 2012 H.
1479 1981 1517 2018 4,
1537 1977 1602 2010 56.

1103 2031 1216 2067 Ultra
1235 2027 1430 2078 Rhenum]
1477 2030 1584 2076 Ergo
1602 2038 1682 2064 non
1707 2029 1801 2064 sunt
1817 2027 1930 2065 Mat-

1043 2086 1140 2121 tiaci
1204 2082 1266 2132 (ut
1326 2083 1451 2118 doctis
1503 2082 1601 2118 viris
1656 2079 1800 2130 visum)
1857 2083 1926 2128 qui

1044 2147 1149 2174 nunc
1176 2136 1342 2173 zelandi
1371 2135 1650 2184 appellantur:
1680 2136 1754 2171 etsi
1777 2135 1928 2171 Matio-

1039 2203 1128 2227 rum
1159 2202 1249 2235 vox,
1281 2190 1465 2226 familiari
1501 2187 1783 2236 appellatione,
1821 2189 1928 2224 inter

1041 2255 1106 2281 eos
1133 2244 1264 2280 duret.
1315 2243 1447 2280 Taciti
1476 2243 1555 2278 haec
1570 2243 1721 2278 lustra:
1751 2242 1919 2287 abnuet,

1043 2302 1162 2345 atque
1186 2298 1294 2333 ultra
1309 2297 1493 2333 Rhenum
1515 2295 1726 2344 propinqui
1747 2295 1926 2340 Batavis,

1042 2362 1094 2387 an
1117 2350 1188 2386 ubi
1216 2361 1306 2398 pars
1326 2349 1640 2386 Nortlzollandioe
1667 2359 1772 2384 nunc
1799 2352 1858 2384 est
1887 2353 1929 2384 et

1041 2404 1161 2441 vicini
1178 2401 1318 2441 sinus?
1368 2403 1479 2440 Lu‘s.
1503 2447 1511 2456 ⁸
1537 2402 1595 2438 Cf.
1618 2401 1774 2437 Cluver.
1792 2402 1926 2438 Germ.

1045 2461 1120 2494 vet.
1138 2462 1178 2502 3,
1196 2462 1236 2496 7.

1095 2510 1241 2547 Acrius
1257 2507 1498 2557 animantur]
1548 2507 1656 2548 Quia
1681 2507 1782 2543 mari
1798 2511 1839 2544 et
1856 2507 1927 2544 fri-

1042 2563 1126 2612 gori
1157 2563 1371 2611 propiores.
1421 2562 1560 2609 Neque
1583 2562 1723 2609 opinor
1745 2559 1926 2608 equidem

1041 2616 1169 2653 velex
1188 2617 1261 2653 hoc
1278 2615 1408 2654 Taciti
1424 2615 1523 2660 loco,
1539 2614 1734 2651 Zelandos
1747 2624 1844 2660 esse,
1859 2615 1926 2651 sed

1042 2670 1149 2706 ultra
1194 2670 1388 2713 Rhenum,
1427 2668 1755 2716 Septemtrionem
1789 2678 1926 2704 versus

1045 2722 1211 2771 populos
1226 2735 1236 2759 t
1257 2722 1326 2770 qui
1339 2733 1446 2759 nunc
1463 2722 1506 2758 in
1521 2721 1673 2766 Frisiis,
1692 2723 1764 2757 aut
1776 2721 1925 2758 North·

1044 2777 1212 2813 ollandis
1268 2781 1492 2812 censentur.
1550 2775 1607 2811 At
1649 2785 1757 2810 mare
1800 2774 1928 2812 multa

1044 2830 1207 2866 abrasit.
1252 2829 1364 2867 Lips.
1407 2830 1553 2866 Acrius
1580 2828 1701 2864 anim.
1726 2827 1762 2867 i„
1779 2838 1813 2865 e.
1840 2829 1927 2864 ani·

1045 2884 1231 2920 mosiores
1250 2882 1532 2930 ferocioresque
1551 2884 1659 2918 suut.
1705 2881 1816 2919 ERN.

1099 2938 1191 2973 Non
1201 2935 1498 2984 numeraverim]
1529 2934 1628 2972 Edd.
1642 2934 1745 2982 Spir.
1764 2938 1804 2971 et
1816 2945 1924 2983 seqq.

1042 2994 1135 3026 ante
1151 2991 1279 3027 Rhen.
1298 3000 1557 3027 numeramus.
1586 2989 1624 3024 1s
1642 2990 1925 3026 numeraverim

1039 3055 1060 3079 e
1079 3043 1164 3080 cod.
1191 3044 1320 3092 Kapp.
1336 3043 1470 3079 edidit.
1497 3041 1606 3079 ERN.
1642 3041 1731 3079 Sive
1749 3041 1810 3083 ed.
1823 3041 1923 3079 Nor.
1940 3067 1944 3071 -

1041 3097 1103 3134 Sic
1120 3101 1162 3133 et
1178 3096 1239 3134 ed.
1256 3097 1372 3133 Rom.
1391 3099 1433 3132 et
1452 3095 1536 3133 MS.
1557 3094 1680 3142 Long.
1707 3094 1924 3132 Rhenanus

1038 3151 1081 3187 in
1098 3161 1222 3198 marg.
1248 3149 1309 3186 ed.
1332 3154 1448 3189 1519.
1472 3151 1502 3172 “
1521 3148 1620 3185 alias
1633 3160 1926 3186 connumerave-

1035 3200 1155 3240 rim.‘’
1183 3203 1282 3240 vitio
1302 3202 1552 3252 typographi,
1571 3206 1681 3250 puto,
1700 3203 1741 3238 ni
1766 3202 1923 3250 fugien-

1040 3261 1100 3292 tes
1119 3256 1261 3294 litterae
1278 3257 1320 3293 in
1337 3257 1514 3306 margine
1531 3255 1755 3304 deceperint
1773 3256 1907 3291 istum.

1098 3311 1177 3356 Qui
1192 3310 1429 3347 Decumates
1443 3308 1578 3359 agros]
1610 3309 1755 3347 Errare
1769 3318 1924 3352 censeo,

1041 3363 1109 3413 qui
1126 3365 1330 3412 proprium
1345 3364 1409 3400 hic
1428 3363 1556 3411 gentis
1581 3365 1654 3400 aut
1679 3362 1754 3398 loci
1781 3370 1923 3397 nomen

1041 3420 1235 3466 quaerunt.
1291 3416 1498 3458 Quomodo
1521 3415 1614 3453 vero
1641 3413 1921 3462 iidempopuli

1040 3471 1121 3508 sive
1148 3472 1249 3519 agri,
1275 3475 1385 3507 trans
1413 3470 1596 3506 Rhenum
1625 3473 1665 3505 et
1690 3466 1921 3504 Danubium

1040 3523 1158 3563 simul
1193 3523 1303 3562 sint?
1339 3522 1441 3573 quod
1474 3527 1607 3561 tamen
1632 3522 1747 3573 ponit
1773 3525 1919 3562 noster.
