2190 3880
567 193 571 196 ‚
647 132 818 193 ime,
861 133 926 181 11.
962 133 1126 182 CAP.
1176 138 1256 181 65.
1791 136 1881 183 131

75 255 327 329 Longum
370 255 708 310 interfectori
747 257 956 310 visum:
1014 257 1068 308 in
1109 256 1301 307 itinere
1338 273 1401 307 ac
1441 256 1664 310 taberna
1702 257 1880 329 proje-
1895 272 2023 313 A..U.

71 340 220 382 ctum
250 329 399 381 humi
419 328 729 398 jugulavit:
760 346 958 398 magna
983 326 1344 378 cum'invidia
1364 327 1490 377 novi
1518 327 1882 397 PrincipatuS,
1912 329 2022 366 82&

70 399 229 468 cujus
249 399 356 451 hoc
385 400 620 469 primum
648 400 922 470 specimen
953 398 1295 450 noscebatur.
1374 396 1445 447 Et
1471 395 1694 448 Triariae
1720 382 2019 476 licem-‘⁴500‘

70 467 206 521 tiam
249 469 560 521 modestum
598 487 629 522 e
670 471 924 540 proximo
966 467 1278 537 exemplum
1332 467 1612 531 onerabat,
1667 465 1888 522 Galeria
1983 461 1994 472 ⁸

69 535 425 609 Imperatoris
469 557 630 605 uxor,
659 559 766 592 non
811 540 1046 606 inmixta
1075 540 1353 590 tristibus:
1393 550 1448 589 et
1470 539 1584 608 pari
1616 539 1889 606 probitate

64 622 243 662 mater
278 610 642 675 Vitelliorum,
688 612 936 673 Sextilia,
978 609 1186 679 antiqui
1237 608 1422 661 moris.
1501 608 1726 660 Dixisse
1753 611 1887 678 quin

67 679 255 746 etiam,
283 681 350 733 ad
377 682 582 752 primas
605 681 701 733 filii
731 683 810 732 sui
847 682 1122 751 epistolaS,
1154 680 1450 743 ferebatur,
1478 698 1581 730 non
1611 677 1888 731 Germani-

68 767 184 802 cum
217 771 251 803 a
283 769 350 816 se,
374 751 462 803 sed
504 749 768 804 Vitellium
802 754 1052 822 genitum.
1119 751 1238 803 Nec
1271 751 1390 803 ullis
1433 762 1624 820 postea
1651 750 1886 802 fortunae

67 821 379 885 inlecebris,
406 832 503 873 aut
542 823 751 874 ambitu
794 822 1052 886 civitatiS,
1081 823 1134 874 in
1179 822 1437 892 gaudium
1467 822 1664 885 evicta,
1692 822 1885 873 domus

68 909 183 944 suae
219 902 431 945 tantum
471 892 695 945 adversa
732 894 917 945 sensit.
995 892 1317 962 Digressum
1342 911 1374 944 a
1404 892 1678 962 Lugduno
1714 892 1883 944 Vitel-
1899 896 1967 948 65

62 961 201 1015 lium
228 961 314 1015 M.
345 962 572 1017 Cluvius
601 963 780 1016 Rufus
814 965 1146 1034 adsequitur,
1173 964 1373 1032 omissa
1410 962 1708 1033 Hispania;
1746 963 1886 1014 laeti-

67 1033 198 1085 tiam
229 1044 285 1085 et
311 1034 731 1105 gratulationem
764 1035 913 1087 vultu
939 1034 1333 1097 feren3,animo
1356 1034 1552 1101 anxius
1572 1044 1625 1085 et
1651 1036 1887 1104 petitum

66 1121 125 1156 se
150 1103 627 1157 criminationibus
670 1124 890 1176 gnarus,
967 1104 1230 1169 HilariuS,
1260 1104 1493 1157 Caesaris
1519 1104 1765 1169 libertuS‚
1792 1105 1887 1157 de-

66 1174 287 1240 tulerat,
311 1185 594 1246 tamquam,
625 1175 803 1229 audito
848 1174 1048 1227 Vitellii
1073 1183 1121 1226 et
1153 1173 1371 1231 Othonis
1408 1173 1886 1244 P1·incipatu,pro-

61 1244 236 1314 priam
251 1246 376 1368 dipse
400 1247 686 1317 potentiam
721 1255 769 1299 et
792 1246 1156 1316 possessionem
1195 1244 1584 1315 Hispaniarum
1611 1254 1845 1298 tentasset
1863 1266 1882 1297 .-

288 1335 307 1368 ι

61 1333 216 1386 eoque

299 1315 613 1386 ‘plumatibus
648 1317 849 1370 nullum
888 1316 1190 1386 Principem
1228 1315 1630 1386 prcescripsisset.

1707 1314 1884 1368 Inter-

61 1388 387 1508 plretabatur
422 1388 674 1458 quaedam
711 1406 780 1443 ex
828 1387 1168 1440 orationibus
1214 1387 1352 1457 ejuS,
1386 1386 1783 1439 contumeliosa
1826 1387 1885 1438 in

119 1452 366 1523 iteIlium,
414 1471 471 1511 et
522 1477 619 1529 pro
669 1477 724 1511 se
772 1459 893 1530 ipso
943 1458 1243 1529 popularia.
1317 1458 1635 1510 Auctoritas
1698 1454 1883 1511 Cluvii

106 1528 453 1595 raevaluit,ut
479 1530 660 1600 puniri
700 1529 841 1582 ultro
881 1529 1137 1582 libertum
1170 1546 1326 1582 suum
1368 1527 1883 1598 Vitelliusjuberet.

117 1598 294 1652 luvius
324 1600 612 1653 comitatui
651 1600 925 1672 Principis
961 1601 1228 1670 adjectuS‚
1255 1618 1364 1652 nou
1394 1599 1651 1671 adempta
1678 1598 1885 1670 Hispa-

60 1732 311 1776 Flaminiam.
365 1737 474 1777 ERN.
527 1737 633 1778 Bud.
663 1738 850 1776 devertere
868 1737 944 1775 iter

61 1790 289 1829 ariminum.
538 1794 546 1802 “

115 1842 303 1892 Longum
337 1844 591 1895 werfhctori]
624 1845 705 1884 Hic
733 1845 831 1882 ordo
858 1857 946 1882 ver-

59 1895 204 1934 borum
232 1897 274 1935 in
300 1899 398 1935 meis
427 1898 564 1936 libris:
601 1904 639 1936 et
671 1900 869 1936 sententia
896 1899 944 1935 li-

59 1954 169 1999 quet.
223 1951 308 1989 Alii
332 1952 553 2000 trajiciunt,
572 1953 667 2002 quid
685 1953 762 1990 nisi
779 1953 944 1990 libidine

59 2004 230 2053 quadam
253 2007 387 2043 omnia
412 2005 620 2043 mutandi?
651 2008 762 2044 ers.
789 2006 944 2054 Nempe

59 2057 191 2096 Rhen.
226 2057 264 2110 (e
300 2057 420 2110 Bud.)
455 2061 507 2097 In
542 2061 681 2100 itinere
710 2061 837 2097 visum
869 2063 946 2099 etc.

61 2111 174 2150 Ean.

115 2165 210 2202 Non
246 2166 400 2204 inmitis
435 2165 629 2216 tristibus]
680 2168 824 2204 Fortes
870 2179 948 2204 non

59 2216 246 2256 immixta
263 2220 454 2258 tristibus.
475 2221 501 2258 i.
514 2232 592 2258 non
611 2221 808 2269 particeps
825 2219 946 2257 ullius

59 2270 230 2309 crudelis
246 2277 320 2310 aut
342 2273 474 2312 acerbi
491 2274 658 2311 consilii.
685 2275 822 2311 GRoN.
850 2275 944 2310 Pro-

59 2323 132 2362 bat
162 2325 306 2366 Heius.
339 2327 416 2376 Ep.
454 2328 505 2364 ad
539 2329 667 2365 Graev.
694 2331 728 2366 t.
759 2333 798 2365 4.
844 2327 943 2365 Coll.

55 2377 199 2417 Burm.
230 2391 273 2428 p.
309 2385 400 2424 135.
453 2382 586 2418 Ducta
622 2385 682 2419 est
713 2382 941 2419 correctioe

58 2431 146 2470 MS.
162 2432 266 2471 Flor.
281 2434 325 2471 in
343 2445 421 2484 quo
436 2447 513 2472 non
529 2436 670 2472 immit-
689 2435 879 2480 tristibus,
898 2439 946 2474 ut

59 2486 104 2523 in
131 2486 193 2524 ed.
222 2498 282 2535 pr.
304 2501 381 2525 mm
408 2489 727 2525 inmixcricibus:
755 2489 860 2525 unde
884 2489 942 2525 nil

57 2538 167 2576 aliud
183 2541 382 2579 commode
400 2543 582 2579 extricari
600 2548 742 2590 potest.
762 2541 939 2579 Consen-

54 2592 189 2640 titque
222 2596 503 2632 consuetudini
537 2596 683 2643 Taciti,
716 2596 785 2644 qui
819 2598 939 2634 etiam

53 2647 278 2695 permut-m
294 2650 482 2694 consiliis,
506 2661 578 2697 pro
597 2650 806 2699 particeps,
830 2656 871 2687 et
889 2652 941 2687 si-

58 2699 170 2735 milia
188 2699 299 2738 dixit.
351 2702 500 2750 -ltaque
518 2703 574 2739 sic
595 2703 637 2739 in
654 2707 770 2740 textu
787 2704 942 2753 scripsi,

9 2764 12 2768 ’
58 2762 134 2801 pro
152 2755 332 2800 immitis,
351 2756 454 2804 quod
472 2767 497 2791 e
510 2757 740 2803 conjectura
765 2757 944 2797 Pichenae.

57 2806 103 2843 in
118 2810 273 2844 textum
300 2810 423 2846 venit.
462 2809 547 2847 MS.
568 2806 700 2847 Guelf.
717 2810 803 2848 edd.
824 2821 848 2846 a
864 2812 941 2847 Pu-

57 2859 154 2897 teol.
186 2871 311 2909 usque
340 2863 391 2899 ad
423 2863 532 2900 Pich.
561 2865 726 2900 minaae:
754 2875 826 2910 pro
861 2875 941 2912 quo

58 2912 190 2952 Rhen.
214 2913 252 2966 (e
270 2914 396 2966 Bud.)
417 2916 590 2953 malebat
604 2918 740 2954 minis.
776 2917 941 2954 Triariae

58 2966 224 3005 licentia
246 2969 340 3015 fuit,
363 2971 465 3018 quod
485 2981 526 3006 se
553 2970 768 3007 immiscuit
793 2981 940 3007 caussae

60 3020 291 3068 Dolabellae,
319 3027 360 3060 et
388 3023 578 3062 Sabinum
609 3024 769 3073 impulit
784 3024 946 3060 terrori-

60 3072 136 3111 bus
152 3075 202 3112 ad
219 3076 461 3124 perdendum
478 3077 691 3116 hominem.
748 3077 946 3116 Modestia

59 3137 155 3176 ergo
172 3129 354 3176 Galeriae,
373 3131 477 3179 quod
501 3136 583 3168 tam
605 3131 780 3168 tristium
811 3142 945 3168 rerum

60 3182 258 3231 particeps
286 3194 371 3221 non
395 3185 488 3231 fuit,
520 3186 587 3222 sed
613 3186 744 3233 potius
766 3186 940 3233 protexit

61 3244 144 3280 eos,
176 3236 322 3284 quiin
357 3238 534 3286 periculo
562 3243 708 3284 essent,
745 3243 793 3275 ut
821 3250 942 3286 supra

61 3287 315 3328 Trachalum.
354 3291 463 3330 ERN.
510 3291 605 3340 Agr.
637 3305 714 3329 non
742 3293 941 3330 immanis.

60 3340 101 3378 J.
114 3341 236 3380 Gron.
251 3343 371 3382 dabat
386 3357 461 3382 non
468 3346 627 3393 juncta.

115 3396 280 3433 Ambitu
310 3399 484 3436 civitatis
506 3401 548 3436 in
575 3400 772 3448 gaudiam
796 3397 936 3447 evicta]

61 3449 265 3487 Ambitum
293 3452 467 3491 civitatis
484 3458 595 3491 vocat
613 3453 779 3491 effusum
807 3456 942 3501 gratu-

997 1737 1125 1774 landae
1158 1736 1374 1783 felicitatis,
1402 1735 1666 1784 adulandique
1691 1736 1883 1776 studium.

998 1792 1151 1828 Evinci
1166 1794 1301 1828 autem
1327 1792 1371 1828 in
1393 1791 1589 1838 gaudium
1606 1794 1681 1835 est,
1695 1790 1761 1827 vel
1782 1790 1883 1827 invi-

999 1849 1088 1882 tum
1106 1846 1230 1894 redigi
1255 1849 1297 1882 et
1320 1845 1406 1893 cogi
1423 1846 1474 1880 ad
1491 1844 1727 1880 laetandum:
1758 1855 1883 1892 eoque

998 1897 1118 1936 verbo
1137 1899 1179 1935 in
1196 1899 1333 1948 primis
1352 1899 1570 1935 delectatur
1587 1898 1762 1935 Tacitus.
1818 1898 1883 1935 Sic

998 1952 1048 1990 A.
1081 1958 1144 1998 ll,
1169 1958 1238 1992 37.
1260 1954 1387 1989 evinci
1405 1953 1460 1988 ad
1483 1951 1777 1988 miserationem.
1816 1955 1881 1997 15,

999 2007 1066 2043 64.
1095 2006 1367 2044 blandimentis
1394 2007 1485 2042 vitoe
1511 2007 1636 2042 evicta
1663 2016 1718 2041 sc.
1745 2005 1795 2041 ad
1823 2006 1884 2040 vi-

1002 2059 1187 2096 vendum.
1215 2059 1347 2108 Atque
1368 2060 1495 2096 evicta
1514 2061 1574 2094 est
1593 2058 1634 2094 in
1651 2058 1758 2096 Flor.
1777 2062 1880 2095 teste

1001 2113 1215 2160 Gronovio,
1235 2124 1314 2150 non
1331 2118 1474 2157 evecta,
1492 2116 1540 2148 ut
1556 2111 1726 2159 Ryckius
1749 2113 1882 2161 prodi-

1001 2166 1074 2212 dit,
1092 2167 1193 2204 etin
1222 2166 1353 2203 Guelf.
1381 2178 1406 2203 a
1431 2177 1536 2202 man.
1561 2177 1622 2214 pr.
1668 2165 1731 2202 Sic
1758 2166 1883 2204 edidit

1000 2221 1151 2270 primus
1179 2221 1309 2258 Rhen.
1343 2218 1381 2270 (e
1406 2217 1527 2268 Bud.)
1560 2220 1739 2267 idemque
1770 2220 1883 2256 exhi-

989 2275 1094 2311 hent
1103 2285 1237 2311 omnes
1251 2277 1341 2322 post
1351 2273 1462 2318 editi,
1477 2277 1620 2321 praeter
1635 2273 1743 2310 Pich.
1757 2273 1882 2321 Ryck.
1902 2296 1907 2298 -

994 2328 1096 2366 Edd.
1114 2332 1206 2365 ante
1223 2328 1352 2365 Rhen.
1378 2338 1514 2365 omnes
1534 2332 1675 2372 evecta,
1703 2330 1744 2364 et
1765 2327 1880 2365 MSS.

995 2382 1176 2420 nonnulli
1188 2383 1294 2431 apud
1309 2382 1530 2419 Pichenam.
1564 2380 1695 2417 Evehi
1709 2381 1879 2429 gaudio,

1000 2436 1081 2473 sive
1097 2437 1231 2485 potius
1246 2435 1374 2483 efferri
1386 2435 1539 2484 gaudio
1555 2433 1631 2470 dici
1650 2444 1764 2481 posse
1783 2435 1878 2478 scio,

996 2500 1077 2527 non
1094 2490 1201 2527 evehi
1212 2491 1254 2526 in
1268 2489 1478 2538 gaudium.
1534 2489 1643 2524 ERN.
1688 2487 1750 2526 Cf.
1771 2491 1812 2523 et
1830 2486 1878 2524 A.

994 2549 1035 2589 4,
1057 2548 1123 2583 57.

1050 2595 1385 2646 Interpretabatur
1409 2593 1604 2643 quoedam]
1634 2595 1796 2637 Vereor,
1828 2603 1879 2628 ne

994 2650 1058 2686 hic
1077 2655 1113 2687 et
1130 2650 1360 2697 absorptum
1374 2649 1427 2684 sit
1443 2660 1468 2684 a
1484 2648 1726 2695 praecedente
1741 2646 1879 2691 verbo,

997 2705 1077 2740 sive
1101 2716 1174 2753 que
1188 2714 1213 2739 a
1231 2706 1433 2750 sequente.
1494 2701 1742 2737 Orationibus
1776 2700 1877 2735 bene

995 2757 1124 2793 Rhen.
1154 2755 1219 2805 (ex
1237 2753 1413 2803 ingenio)
1442 2766 1514 2802 pro
1532 2753 1878 2795 exhortationibus,

993 2810 1098 2858 quod
1133 2812 1193 2847 est
1227 2808 1270 2844 in
1307 2809 1392 2844 edd.
1425 2812 1519 2844 ante
1556 2806 1754 2853 omnibus,
1790 2806 1877 2843 MS.

993 2863 1124 2900 Guelf.
1142 2860 1274 2912 (Eud.)
1290 2867 1364 2898 etc.
1393 2861 1613 2910 Popularia
1625 2872 1701 2909 pro
1714 2873 1755 2897 se
1766 2864 1878 2904 sunt,

991 2915 1136 2964 quibus
1161 2926 1203 2952 se
1220 2915 1442 2952 venditaret
1465 2914 1627 2963 populu,
1652 2926 1739 2962 quae
1764 2917 1880 2961 grata

993 2974 1034 3006 et
1051 2970 1100 3006 ad
1118 2968 1468 3006 commendandum
1497 2972 1592 3016 apta
1621 2967 1727 3017 apud
1752 2978 1880 3016 popu-

998 3023 1095 3060 lum.
1150 3023 1259 3061 ERN.

1056 3077 1217 3114 Cluvius
1244 3076 1429 3113 comitata
1458 3073 1547 3123 eta]
1596 3074 1659 3112 Sic
1690 3074 1801 3111 MSS.
1838 3077 1880 3110 et

999 3130 1085 3166 edd.
1106 3133 1198 3166 ante
1215 3130 1343 3165 Rhen.
1370 3129 1439 3176 qui
1457 3129 1628 3170 correxit
1644 3128 1850 3164 comitatui
1862 3144 1877 3167 ,-

993 3195 1082 3220 cum
1097 3184 1216 3219 etiam
1237 3184 1336 3219 luxu
1365 3193 1436 3230 pro
1465 3181 1583 3218 luxui
1601 3182 1652 3217 sit
1672 3182 1714 3217 in
1733 3181 1882 3217 Annal,

994 3241 1035 3273 et
1050 3237 1141 3273 alia.
1191 3236 1264 3272 Sed
1283 3236 1439 3272 videtur
1457 3234 1541 3271 MS.
1559 3234 1663 3272 Bud.
1683 3235 1737 3270 sic
1754 3234 1881 3270 habu-

996 3292 1088 3333 isse.
1107 3289 1282 3339 (omnino
1301 3289 1356 3324 sic
1374 3286 1509 3336 habet)
1527 3288 1629 3336 qnod
1650 3292 1691 3323 et
1710 3288 1756 3323 de
1775 3288 1882 3324 Flor.

994 3348 1170 3380 testatur
1197 3343 1238 3380 J.
1267 3342 1390 3379 Gron.
1421 3342 1503 3379 Mei
1523 3353 1657 3378 omnes
1678 3342 1880 3377 comitatu.

994 3398 1119 3434 Vetus
1145 3397 1324 3433 restituit
1351 3396 1520 3443 Lipsius.
1576 3395 1630 3432 At
1660 3394 1759 3430 bene
1788 3403 1881 3427 mox

995 3451 1165 3489 Picheno.
1187 3463 1273 3487 eum
1292 3461 1363 3499 pro
1381 3461 1505 3499 quem,
1527 3459 1546 3483 e
1572 3447 1747 3497 vestigiis
1775 3445 1882 3484 Flor.

1066 3509 1159 3556 1<ss
