2190 3880
358 179 395 222 ‘4
941 174 1562 230 HISTORIARUM

489 304 567 349 50.
597 300 837 366 Trepidam
860 306 1009 352 urbem
1041 322 1179 353 novus
1205 308 1260 353 de
1285 307 1467 354 Vitellio
1499 310 1683 354 nuntius
1704 316 1908 358 exterret.
1980 311 2147 373 Vespa·

422 368 601 414 sianum
621 372 830 416 nonnulli
865 377 1165 431 augurantur.
1233 376 1310 420 51.
1335 373 1478 419 Initia
1505 373 1739 421 Vitelliam
1769 381 1913 422 motus
1946 392 1999 422 ex
2031 379 2148 423 bello

423 432 544 479 Julii
591 434 806 489 Vindicis,
844 443 888 482 et
924 439 1086 482 secutis
1119 438 1224 483 inde
1256 439 1493 487 discordiis
1526 441 1643 484 inter
1671 440 1863 501 legiones
1899 447 1942 486 et
1972 443 2145 487 Gallos.

425 493 503 544 52.
527 503 604 546 53.
635 500 858 555 Vitellius,
878 516 959 546 suo
993 502 1171 561 ingenio
1208 504 1413 563 ignavus,
1438 504 1498 549 ad
1531 519 1602 549 res
1637 519 1774 553 novas
1809 507 2072 552 stimulatur
2116 521 2147 550 a

430 563 618 610 Valente
653 573 697 611 et
733 568 909 612 Coecina
942 567 1117 626 legatis.
1181 570 1258 614 54.
1279 572 1356 615 55.
1380 569 1596 628 Legiones
1626 574 1858 630 utriusque
1896 572 2151 616 Germanice

409 630 558 691 fidem
593 633 642 677 in
681 632 893 677 Galbam
907 638 1088 685 exuunt,
1144 635 1221 678 56.
1243 635 1370 693 segni
1400 638 1652 697 spectatore
1687 635 1950 681 Hordeonio
1985 635 2147 681 Flacco

425 694 616 755 legato.
673 701 750 749 57
781 695 943 742 Valens
970 696 1200 743 Vitellium
1234 697 1560 758 Imperatorem
1580 700 1853 749 consalutat,
1877 715 2039 760 magno
2061 703 2146 745 mi-

425 759 558 805 litum
579 763 761 810 studim
819 766 895 807 58.
919 762 1077 822 quibus
1097 764 1377 822 poscentibus
1410 764 1543 809 multi
1565 765 1678 811 caesi
1746 768 1822 812 59.
1846 765 2000 810 Julius
2026 767 2146 811 Civi-

427 826 483 870 lis
515 827 764 887 periculum
806 829 973 874 evadit.
1046 827 1253 888 Undique
1284 829 1453 874 viribus
1491 834 1664 882 auctus,
1730 833 1808 875 60.
1855 832 1972 875 inter
1993 830 2150 893 foedas

425 891 705 951 Legatorum
740 893 1005 944 discordias,
1073 895 1150 942 61.
1189 894 1300 938 duos
1321 897 1538 939 exercitus
1559 895 1606 939 in
1628 893 1818 940 Italiam
1841 898 1999 941 mittit.
2065 899 2146 941 62.

433 956 597 1016 Torpet
642 957 881 1008 Vaelium,-
931 972 983 1002 ar
986 958 1069 1002 dor
1095 962 1139 1002 et
1175 959 1242 1002 vis
1283 959 1479 1004 militum
1501 959 1622 1003 ultro
1642 959 1790 1005 Ducis
1812 963 1965 1006 munia
1990 961 2147 1020 inplet.
2187 960 2190 965 “

424 1024 503 1069 63
525 1023 684 1069 Subito
693 1022 862 1085 furore
889 1028 1123 1083 conreptus
1144 1022 1272 1068 miles
1309 1022 1364 1067 ab
1385 1026 1557 1069 excidio
1580 1023 1809 1071 Divoduri
1845 1041 1962 1085 aegre
1985 1032 2150 1085 tempe-

424 1093 516 1133 rat.
589 1090 769 1135 Gallias
800 1095 945 1140 terror
966 1088 1158 1135 invadit.
1224 1092 1300 1134 64.
1327 1088 1512 1145 Vitellio
1548 1080 1792 1135 adficerent.
1859 1095 1937 1136 65.
1961 1089 2152 1150 Lugdu-

423 1168 577 1199 nenses
599 1169 652 1199 esc
678 1161 824 1200 vetere
845 1152 946 1203 odio
969 1154 1135 1202 milites
1166 1154 1215 1199 in
1251 1156 1517 1200 eversionem
1544 1151 1852 1201 Viennensium
1889 1156 2147 1216 inpellunt,·
2162 1194 2170 1202 ,

365 1253 372 1257 -
424 1222 503 1264 66.
523 1221 605 1266 isti
622 1226 778 1266 tamen
799 1220 928 1267 donis
954 1219 1200 1278 placantur
1221 1223 1264 1263 et
1296 1220 1512 1281 precibus.
1584 1219 1783 1267 Valentis
1803 1222 2006 1266 avaritia
2024 1226 2067 1266 et
2091 1221 2150 1264 li-

367 1325 372 1330 .
425 1285 544 1330 bido.
610 1288 783 1337 6268.
807 1284 1052 1337 Helvetios,
1083 1277 1522 1344 Vitellii-Imperium
1545 1285 1800 1338 abnuentes,
1827 1285 2019 1339 Caecina,
2042 1285 2150 1333 belli

364 1383 366 1385 »
424 1351 600 1404 avidus,
623 1351 769 1396 caedit.
835 1353 913 1397 69.
934 1348 1201 1394 Aventicum
1238 1363 1354 1408 oegre
1389 1351 1690 1411 inpunitatem
1718 1351 1997 1410 salutemque
2023 1351 2150 1410 inpe-

365 1456 373 1462 .
424 1420 535 1462 trat.
597 1420 679 1468 ..70
703 1415 760 1460 In
786 1413 960 1462 Vitellii
974 1419 1131 1475 partes
1164 1420 1444 1477 transgressa
1476 1415 1627 1461 Italiae
1644 1421 1793 1476 parte,
1819 1416 1992 1462 Caecina
2011 1416 2152 1476 Alpes

410 1486 622 1540 ‚superat

487 1549 567 1598 71.
593 1545 711 1591 Otho
733 1526 978 1607 prudenter
995 1558 1042 1589 se
1060 1545 1208 1604 gerit,·
1246 1543 1401 1591 Mario
1430 1545 1554 1592 Celso
1575 1546 1780 1606 ignoscit.
1851 1550 1929 1599 72,
1961 1546 2148 1606 Tigelli-

422 1625 508 1656 nus
528 1609 746 1672 infamem
781 1611 926 1655 vitam
945 1611 1068 1654 exitu
1102 1609 1330 1655 inhonesto
1350 1609 1516 1672 foedat.
1579 1615 1659 1663 73.
1687 1611 1856 1657 Galvia
1886 1612 2153 1672 Crispinilla

366 1724 371 1728 ,
426 1690 528 1722 cum
548 1677 674 1722 mala
697 1675 886 1721 Othonis
896 1674 1035 1736 fama
1054 1675 1255 1735 periculo
1277 1681 1463 1722 exemta.
1528 1681 1606 1728 74.
1629 1677 1867 1737 Principes
1890 1683 2044 1723 mutuo
2065 1676 2151 1721 sibi

424 1742 702 1790 conditiones
739 1741 932 1802 offerunt
947 1758 965 1790 ,·
1017 1754 1119 1784 mox
1154 1741 1355 1785 rixantes
1375 1740 1571 1803 flagitia
1607 1743 1791 1793 invicem
1823 1739 2066 1802 objectant.
2106 1745 2151 1786 et

364 1832 369 1843 ι·
423 1809 504 1857 75.
531 1808 818 1853 insidiatores
854 1806 1105 1851 inmittunt.
1166 1809 1246 1856 76.
1274 1805 1525 1852 Distractis
1547 1809 1665 1852 inter
1684 1811 1923 1868 utrumque
1943 1808 2150 1852 exerciti-

422 1872 502 1917 bus
520 1886 574 1917 ac
591 1874 855 1932 provinciis,
877 1872 990 1917 bello
1013 1885 1136 1929 opus.
1186 1875 1266 1924 77.
1294 1871 1412 1916 Otho
1435 1871 1756 1932 Imperatorem
1778 1874 1911 1931 agit,-
1946 1873 2153 1924 honores,

368 1968 369 1971 =
421 1941 504 1988 78.
526 1939 776 1991 civitatem,
810 1935 923 1996 Jura
971 1936 1250 1997 dilargitur:
1316 1937 1379 1982 de'
1411 1938 1677 1990 celebranda
1711 1938 1906 1984 Neronis
1937 1939 2153 1990 memoria

424 2004 595 2062 agitat.

487 2073 520 2119 ‘7
524 2073 568 2116 9
593 2069 820 2116 Sarmatae
850 2068 1078 2115 Roxolani
1099 2067 1305 2115 Moesiam
1336 2069 1638 2128 inrumpentes
1659 2069 1773 2115 caesi.
1839 2072 2047 2115 80—82.
2071 2067 2152 2113 Se·

424 2134 542 2179 ditio
561 2136 733 2194 gravis,
754 2136 803 2180 in
824 2137 923 2195 ipsa
946 2134 1051 2180 urbe
1086 2139 1246 2179 temere
1282 2138 1404 2186 orta,
1428 2148 1528 2183 cum
1562 2148 1726 2193 magno
1755 2138 1878 2188 metu
1902 2140 2040 2194 atque
2060 2134 2154 2179 dis·

421 2199 612 2245 crimine
639 2201 895 2260 primorum
923 2200 1139 2252 civitatis,
1163 2198 1366 2260 precibus
1399 2203 1444 2243 et
1466 2199 1676 2258 lacrymis
1714 2198 1902 2253 Othonis
1923 2199 2153 2259 componi-

424 2268 516 2316 tur,
557 2266 636 2324 qui
711 2268 789 2311 83.
820 2270 897 2311 84.
934 2265 1101 2308 milites
1136 2265 1198 2309 ad
1231 2264 1517 2308 concordiam
1557 2269 1601 2308 et
1635 2264 1898 2309 modestiam
1922 2264 2149 2310 hortatur.

422 2332 501 2376 85.
522 2328 631 2376 Istis
653 2332 925 2391 compositis,
949 2331 1102 2374 omnia
1139 2329 1440 2389 suspicionum
1462 2333 1506 2374 et
1512 2327 1785 2389 formidinis
1815 2330 1971 2389 plena,
1989 2329 2151 2388 praeci-

369 2428 375 2433 .
417 2408 512 2454 puo
556 2395 754 2441 Patrum
795 2402 930 2441 metu.
1003 2397 1080 2440 86.
1119 2394 1346 2452 Prodigia
1381 2393 1569 2438 Othonis
1612 2394 1784 2448 cladem
1818 2394 2153 2455 praesagientia.

388 2502 391 2506 .
423 2463 506 2511 87.
528 2459 590 2512 Is,
615 2461 814 2507 lustrata
834 2461 957 2513 urbe,
983 2459 1314 2504 Narbonensem
1342 2458 1547 2503 Galliam
1567 2459 1757 2517 adgredi
1777 2460 1941 2512 statuit
1963 2465 2006 2504 et
2070 2461 2151 2505 88.

368 2559 372 2563 »
422 2538 526 2569 cum
547 2525 704 2571 multis
739 2526 959 2573 nobilibus
980 2523 1037 2571 L.
1076 2523 1306 2570 Vitellium
1329 2523 1479 2568 <emuli
1485 2522 1691 2583 fratrem
1710 2538 1858 2569 secum
1879 2525 2018 2570 ducit.
2071 2527 2149 2571 89

424 2589 537 2635 Inde
558 2593 678 2636 varii
700 2592 954 2636 animorum
975 2594 1136 2635 motus.
1205 2594 1283 2637 90.
1308 2587 1631 2633 Commendata
1653 2583 1870 2643 Patribus
1903 2587 2152 2663 Republica
2180 2611 2183 2613 >

379 2695 383 2699 ,
421 2655 541 2701 Otho
549 2653 752 2717 festinat
773 2657 835 2701 ad
855 2655 1034 2702 bellum.
1095 2653 1310 2700 Trachali
1331 2653 1589 2713 eloquentia
1623 2667 1728 2699 usus
1763 2652 1896 2712 Otho,
1935 2654 1984 2723 in
2021 2668 2151 2714 quem

411 2722 576 2767 studia
598 2727 643 2767 et
663 2735 790 2769 voces
809 2722 951 2781 vulgi.
1027 2719 1167 2765 Gesta
1187 2719 1280 2766 licec
1296 2720 1457 2780 paucis
1479 2718 1713 2772 mensibus,

781 2813 889 2846 IMP.
915 2813 1055 2845 SERV.
1080 2811 1244 2845 GALBA
1267 2812 1331 2842 ET
1353 2811 1401 2843 T.
1425 2810 1575 2842 vlmo
1600 2810 1736 2842 COSS.

315 2881 339 2926 Ῑ
363 2819 701 2945 ῘΝΙΤΙΠΜ
730 2888 864 2941 mihi
887 2887 1064 2959 opelis
1093 2887 1209 2940 Ser.
1237 2885 1416 2938 Galba
1440 2885 1653 2950 iterum,
1688 2882 1754 2936 T.
1778 2883 1970 2937 Vinius
2006 2884 2154 2939 Con·
2183 2851 2187 2855 ⁸

358 2958 498 3014 sules
541 2971 716 3013 erunt.
791 2959 954 3025 Nam,
982 2969 1107 3031 post
1148 2957 1423 3011 conditam
1463 2956 1668 3022 urbem,
1694 2950 2082 3028 septingentos
2098 2969 2156 3009 et

366 3065 371 3073 ι
410 3103 495 3139 Ser.
517 3101 641 3138 Galba
658 3102 812 3144 iterum,
835 3101 880 3137 T.
902 3099 1047 3136 Vinius
1066 3095 1226 3147 COSS]
1290 3098 1444 3135 Vinius.
1474 3095 1546 3134 etsi
1572 3096 1744 3145 Appiani
1774 3096 1968 3146 scriptura
1992 3096 2075 3135 Civ.
2110 3102 2152 3142 4,
2186 3085 2190 3092 ’

356 3156 485 3205 Vulgo
516 3154 715 3204 appellant
740 3155 790 3191 T.
815 3154 994 3192 sunium.
1048 3152 1104 3188 At
1135 3151 1232 3188 mihi
1285 3156 1352 3196 44,
1370 3151 1498 3188 firmat
1526 3150 1736 3198 vulgatam.
1791 3151 1891 3188 Sane
1917 3151 2040 3188 «Iunia
2058 3161 2152 3198 gens

356 3210 496 3258 religio
513 3220 591 3246 non
610 3209 686 3245 fuit
702 3210 811 3257 sequi
829 3208 1059 3256 scripturam
1077 3205 1231 3253 antiqui

358 3264 562 3301 marmoris
578 3262 682 3299 eruti
696 3261 745 3299 ad
769 3262 918 3300 radices
933 3259 1076 3296 montis
1095 3260 1226 3295 Caelii.
1217 3272 1226 3281 ·

361 3328 450 3355 sna.
481 3327 616 3354 GALBA
647 3327 698 3354 11.
729 3326 767 3355 τ.
795 3326 934 3353 νιΝιο.
967 3323 1077 3351 coss.
1095 3324 1229 3361 aquo

355 3372 571 3420 praesertim
599 3374 721 3408 staret
746 3370 990 3411 Plutarchus,
1007 3369 1074 3415 qui
1097 3379 1131 3404 c.
1159 3372 1226 3407 27.

355 3427 438 3463 fere
473 3427 575 3463 hunc
605 3426 800 3462 hominem
836 3421 938 3462 Τίτον
970 3419 1064 3460 ’soC'v
1066 3436 1126 3466 ov,
1158 3423 1229 3458 aut

354 3477 426 3517 ovi*
410 3495 490 3529 mog
534 3475 717 3528 appellat.
771 3478 903 3515 Simile
951 3475 1133 3513 mendum
1187 3475 1229 3511 in

357 3534 464 3571 Suet.
472 3533 586 3581 'Aug.
617 3537 681 3573 27.
697 3532 767 3570 ubi
788 3533 834 3571 T.
863 3532 1013 3567 Junius
1035 3530 1229 3577 Philopoe-

356 3599 457 3636 men,
477 3587 676 3636 scribitur,
695 3586 763 3638 qui
791 3597 842 3624 ex
871 3585 999 3624 Dione
1028 3589 1095 3632 47,
1115 3588 1151 3620 4.
1169 3586 1229 3620 est

1285 3204 1467 3250 nobilior,
1481 3215 1596 3253 quam
1614 3209 1660 3241 nt
1676 3204 1716 3241 in
1734 3205 1837 3242 hunc
1850 3205 2044 3242 hominem
2062 3216 2154 3240 con-

1283 3259 1434 3295 veniat:
1465 3258 1575 3305 cujus
1592 3263 1703 3306 pater
1719 3259 1922 3295 dumtaxat
1939 3270 1988 3296 ex
2005 3259 2155 3295 familia

1283 3313 1479 3355 Praetoria,
1495 3316 1542 3348 ut
1557 3312 1716 3350 Tacitus
1743 3312 1846 3349 iufra
1872 3312 2004 3350 refert.
2038 3313 2151 3351 Lxrs.

1280 3366 1382 3403 Bud.
1399 3367 1556 3403 Servius
1573 3367 1693 3403 Galba
1711 3367 1849 3402 iterum
1865 3366 1905 3403 T
1902 3368 1979 3404 itus
1990 3365 2153 3404 Junius.

1282 3420 1342 3456 De
1373 3421 1527 3458 nomine
1559 3421 1673 3458 Vinii
1706 3433 1741 3457 v.
1771 3419 1940 3457 casaub.
1965 3419 2014 3456 ad
2043 3419 2152 3458 Suet.

1283 3473 1309 3510 1.
1327 3485 1361 3510 c.

1333 3528 1459 3563 DCC.
1478 3532 1512 3564 et
1532 3525 1643 3576 XX]
1666 3527 1811 3564 Exac‘oe
1829 3527 2001 3576 siputas,
2017 3526 2151 3564 xxn.

1281 3582 1463 3630 reperies.
1515 3581 1625 3619 st.
1677 3579 1742 3619 Sic
1794 3579 1964 3631 (nccxx)
2019 3590 2151 3619 omnes
