2190 3880
681 172 844 221 LIB.
882 172 941 219 V.
1000 174 1273 224 CAP.11.·
1761 181 1857 226 333

60 300 258 372 saepius
283 299 809 372 adversassexcepere.
884 300 1005 364 Qui,
1025 300 1118 354 ubi
1146 300 1279 366 fam,
1315 309 1408 353 aut
1434 302 1598 355 taedio
1632 302 1852 369 oceidit,
1867 321 1918 359 A.
1937 320 1990 360 U.

57 373 225 430 missu
253 370 487 425 Neronis
513 371 871 444 Vespasianus
899 372 1117 424 fortuna
1139 372 1389 442 famaque
1415 385 1467 424 et
1490 375 1723 445 egregiis
1749 375 1850 426 mi-
1870 372 1976 440 '3524-

56 444 258 509 nistri3‚
304 442 446 495 intra
485 444 616 496 duas
657 456 889 508 aestateS‚
936 457 1133 497 cuneta
1181 462 1495 516 camporum
1541 428 1972 524 ornnesq11e‚A721({'

53 526 258 588 ‚praeter
282 513 683 586 Hierosolyma,
714 517 890 581 urbes>
917 515 1123 581 victore
1149 517 1390 568 exercitu
1419 518 1655 568 tenebat.
1720 518 1852 570 Pro-

27 587 237 647 „ximus
264 605 435 639 annus
462 587 608 640 civili
640 587 776 640 bello
809 588 1068 653 intentuS,
1095 598 1356 659 quantum
1396 588 1462 640 ad
1489 588 1733 654 Judaeos‚
1763 607 1854 658 per

57 658 230 712 otium
258 659 492 712 transiit.
569 659 712 722 Paee
756 677 849 730 per
885 658 1097 725 Italiam
1135 672 1312 730 parta,
1339 670 1395 711 et
1423 671 1671 726 ‘externae
1710 678 1854 712 eurae

55 730 276 784 rediere.
318 791 320 794 v
353 730 608 801 Augebat
634 731 754 795 iraS‚
782 731 927 800 quod
955 731 1052 793 soli
1079 730 1261 796 Judaei
1290 750 1398 798 non
1425 733 1728 797 cessissent.
1770 731 1854 782 Si·-

53 801 170 855 mul
197 820 409 860 manere
449 802 591 872 apud
639 804 910 867 exereitus
944 801 1155 868 Titum,
1184 803 1250 855 ad
1291 822 1478 856 omnes
1510 803 1856 874 Principatus

52 873 183 934 novi
210 885 434 927 eventus
472 891 694 927 casusve
722 873 907 926 utilius
952 873 1253 927 videbatur.
1315 875 1507 946 'Igitur
1541 875 1855 939 castriS,‚uti

55 945 315 1010 diximus,
343 955 468 997 ante
513 946 720 997 moenia
765 944 1271 1016 Hierosolymorum
1314 947 1522 1017 positiS,
1566 947 1854 1014 instructas

53 1016 294 1088 legiones
322 1017 636 1090 ostentavit.
673 1015 855 1073 Judaei
883 1018 1158 1093 subjpsos
1187 1037 1365 1070 muros
1394 1030 1636 1078 struxere
1662 1019 1852 1081 aciem,
1875 1033 1931 1076 11

54 1089 214 1142 rebus
243 1088 490 1153 secundis
518 1087 733 1159 longius
759 1089 956 1154 ausuri,
988 1102 1059 1155 et,
1088 1090 1131 1141 si
1156 1085 1708 1161 pelle1·enttir‚;pa1·ato
1738 1110 1854 1161 per—

53 1159 228 1232 fugio.
322 1159 526 1212 Missus
567 1160 637 1222 ⁴in
687 1179 778 1211 eos
838 1165 999 1232 eques
1050 1179 1173 1220 eum
1219 1161 1486 1232 expeditis
1539 1162 1854 1215 cohortibus

54 1232 310 1303 ambigue
355 1231 599 1299 certavit.
676 1230 819 1290 Mox
881 1249 1084 1300 cessere
1136 1231 1335 1296 hostes,
1394 1246 1450 1285 et
1507 1235 1855 1303 sequentibus

52 1303 242 1369 diebus
293 1305 482 1355 crebra
531 1321 628 1374 pro
678 1302 846 1373 portis
909 1304 1103 1373 proelia
1153 1306 1432 1359 serebant:
1486 1305 1659 1357 donee
1714 1306 1856 1358 adsi-

54 1375 176 1429 duis
203 1375 412 1432 damnis
458 1376 597 1429 intra
641 1376 848 1427 moenia
894 1375 1229 1446 pellerentur.
1276 1376 1542 1428 'Romani
1585 1377 1650 1428 ad
1680 1396 1856 1448 oppu-

11 1471 14 1475 ·
53 1447 338 1519 gnandumv
361 1446 517 1510 versi,
557 1464 731 1516 neque
755 1447 898 1500 enim
937 1446 1165 1517 dignum*
1203 1448 1502 1518 videbatur,
1533 1449 1727 1502 famem
1757 1449 1856 1501 ho-

54 1519 217 1573 stium
246 1518 515 1590 opperiri.
544 1519 959 1588 poscebantque
987 1519 1256 1590 pericula,
1295 1539 1415 1589 pars
1445 1522 1661 1585 virtute,
1698 1520 1854 1573 multi

52 1589 257 1658 ferocia
282 1602 336 1642 et
370 1589 631 1660 cupidine
676 1591 1038 1661 praemiorum.
1116 1590 1228 1661 Ipsi
1266 1590 1392 1643 Tito
1424 1591 1602 1660 Roma
1640 1605 1694 1644 et
1723 1611 1853 1662 opes

52 1661 464 1737 voluptatesque
489 1661 856 1715 ante-oeulos:
896 1681 977 1726 ae,
1011 1662 1066 1714 ni
1094 1663 1274 1716 statim
1315 1659 1697 1735 Hierosolyma
1725 1683 1852 1716 con-

51 1734 312 1803 ciderent,
336 1734 531 1800 morari
562 1733 896 1788 videbantur.
953 1735 1058 1786 Sed
1087 1735 1294 1800 urbem,
1322 1735 1542 1788 arduam
1571 1737 1696 1800 situ,
1724 1754 1853 1807 ope-

50 1823 111 1873 ra
157 1805 447 1875 molesque,
471 1805 835 1870 firmaverant,
872 1807 993 1876 quis
1023 1806 1106 1858 vel
1147 1806 1304 1877 plana
1342 1808 1469 1859 satis
1495 1808 1852 1860 munirentur.

53 1875 198 1930 Nam
225 1876 582 1945 duos-colles,
617 1876 919 1929 inmensum
959 1877 1151 1942 edum,
1198 1878 1520 1931 claudebant
1562 1880 1718 1943 muri,
1759 1897 1854 1950 per

52 1959 221 2001 artem
253 1947 488 2018 obliqui,
530 1961 622 2000 aut
658 1949 918 2001 introrsus
960 1951 1190 2002 sinuati:
1234 1947 1292 2002 ut.
1331 1950 1500 2003 latera
1529 1947 1854 2023 oppugnam

49 2021 188 2084 tium
215 2021 282 2074 ad
308 2022 448 2081 ictus
473 2032 825 2091 patescerent.
896 2019 1156 2075 Extrema
1183 2022 1329 2095 rupis
1361 2023 1621 2094 abrupta:
1662 2036 1717 2075 et
1745 2032 1854 2075 tur-

1032 2200 1144 2238 Intra
1171 2201 1271 2238 duae
1288 2199 1454 2250 testate-5]
1486 2201 1608 2239 Intra
1637 2200 1761 2238 edidit
1789 2199 1855 2248 (ex

978 2253 1151 2305 ingenio)
1195 2256 1422 2293 Rhenanus.
1495 2255 1724 2303 Superiores
1766 2256 1855 2292 edd.

51 2197 313 2245 Consularem,
345 2200 544 2249 suppetias
566 2197 773 2248 set-ensem,
807 2206 923 2250 rupta

49 2253 184 2302 aquila
199 2253 419 2303 sug-armit-
472 2254 520 2291 In
540 2255 711 2303 Josepho
726 2255 807 2291 haec
823 2255 923 2304 ipsa,

49 2310 90 2342 et
107 2307 224 2355 plane
240 2308 374 2345 omnia
401 2307 488 2353 vide
508 2309 560 2345 A.
590 2313 656 2354 20,
687 2313 711 2347 9
748 2308 854 2360 (11).
874 2310 923 2347 Β.

47 2359 141 2399 Jud.
161 2367 201 2406 2,
217 2367 267 2399 23
293 2360 396 2412 (18).
430 2361 503 2401 Sed
520 2362 606 2411 quis
619 2366 752 2399 tamen
766 2363 926 2411 Praepo-

46 2414 148 2452 situs
180 2415 246 2452 ille
280 2415 438 2454 cresus?
483 2417 540 2453 ita
567 2417 669 2454 enim
697 2416 921 2463 Suetonius,

48 2477 121 2505 nec
150 2482 234 2515 rem
265 2473 348 2507 tam
375 2470 591 2508 notabilem
624 2471 685 2508 vel
711 2472 921 2520 Josephus,

48 2523 110 2560 vel
137 2521 317 2570 TacitnS,
348 2525 494 2562 dixere.
548 2525 672 2562 Immo
708 2525 773 2562 ille
805 2526 923 2573 plane

47 2580 205 2614 contra:
249 2578 424 2625 Florum,
457 2578 526 2627 qui
559 2583 656 2616 tunc
680 2580 924 2627 praepositus,

48 2628 214 2670 erasisse
232 2636 273 2669 et
291 2632 437 2670 bellum
456 2633 503 2669 iis
519 2632 670 2671 fecisse.
724 2633 790 2669 An
807 2646 923 2670 coeso-

48 2699 120 2735 que
132 2686 351 2734 proesidio?
379 2687 437 2724 ita.
465 2687 570 2724 enim
600 2688 833 2736 Eutrdpius,
854 2687 922 2735 qui

47 2751 120 2777 sua
135 2738 233 2778 solet
246 2753 293 2778 ex
305 2742 536 2790 Tranquillo
549 2741 764 2779 describere
779 2755 787 2777 ε
833 2741 924 2780 Ea·-

47 2795 202 2831 stim-tis
217 2795 407 2832 Romanis
421 2797 629 2845 prm-idm,
644 2798 819 2845 legatum
832 2808 924 2844 quo·

49 2861 120 2899 que
153 2849 282 2898 Syrioe
325 2851 524 2899 suppetias
556 2850 762 2897 serentem,
808 2857 923 2898 rapta

49 2904 183 2951 aquila
201 2904 420 2952 fugarunt.
474 2904 576 2941 Sunt
603 2904 702 2951 ipsa,
733 2907 778 2940 ut
801 2905 924 2950 vides,

43 2957 283 3005 Tranquilli.
311 2958 374 2995 An
394 2958 538 3003 verius,
559 2947 925 3007 Gessiumque“Proe-

42 3012 215 3061 positum
232 3011 252 3047 ?
280 3015 328 3048 ut
347 3012 417 3048 hoc
433 3011 552 3057 dieat,
575 3013 748 3048 Gessium
764 3013 925 3048 Florum

51 3064 107 3116 (id
127 3067 161 3102 ei
194 3063 352 3114 nomen)
385 3066 580 3114 fugatum,
613 3077 658 3102 ac
689 3066 924 3103 tum-etiam

49 3120 230 3158 cestium
255 3119 445 3157 Gallum?
482 3121 716 3167 interpretes
744 3119 843 3155 nihil
861 3119 923 3156 hic

49 3184 180 3221 prom
197 3175 348 3212 dicunt.
376 3178 422 3210 tu
453 3175 553 3211 serie
584 3174 851 3226 historiarum,
868 3174 924 3209 le-

51 3232 148 3274 ctor,
177 3228 382 3266 arbitrare.
411 3228 522 3266 st.
549 3228 648 3264 Vide
679 3228 782 3264 dieta
811 3238 836 3264 a
861 3238 923 3265 me

50 3282 100 3318 ad
116 3281 243 3320 locum
261 3282 450 3325 Suetonii,
468 3284 563 3320 item
580 3294 665 3330 qnae
682 3282 866 3319 Dukerus
886 3286 926 3318 et

51 3336 381 3389 Oudendorpius„
406 3338 514 3374 ERN.
555 3335 678 3385 Lipsii
706 3341 854 3381 notam,
883 3336 928 3373 in

51 3390 174 3428 Gron.
194 3389 430 3426 editionibus
466 3402 598 3428 versus
620 3392 736 3427 finem
765 3394 926 3428 trunca-

47 3448 147 3489 tam,
164 3443 382 3490 integritati
402 3456 479 3481 suae
498 3445 668 3481 restitui.

101 3498 276 3546 Adversa
293 3499 485 3548 excepere]
520 3499 614 3536 Cod.
637 3497 741 3535 ssud.
767 3499 925 3537 adversa

48 3553 235 3600 excipere.
266 3550 339 3588 Ed.
354 3562 416 3597 pr.
430 3554 611 3602 accipere.
648 3551 755 3590 ERN.
798 3553 925 3590 Rhen.

49 3606 219 3643 correxit
238 3605 408 3654 ingenio,

978 2307 1062 2347 MS.
1080 2309 1211 2348 Guelf.
1229 2304 1340 2348 inter.
1364 2310 1459 2346 Mox
1477 2309 1586 2346 MSS.
1603 2309 1704 2346 Bud.
1723 2310 1856 2347 Guelf.

983 2361 1095 2412 (Reg.
1112 2360 1228 2413 Lall.)
1251 2365 1309 2401 ed.
1330 2376 1388 2413 pr.
1409 2364 1736 2413 Hierosolymam.
1764 2364 1857 2401 Vid.

977 2428 1096 2465 supra
1122 2418 1171 2454 ad
1201 2429 1234 2455 c.
1252 2425 1291 2455 2.
1319 2420 1428 2455 ERN.
1458 2418 1559 2457 Bud.
1579 2420 1677 2454 duas
1702 2424 1853 2454 oestates

977 2471 1060 2507 sine
1079 2484 1244 2521 praepos.
1301 2474 1348 2509 In
1377 2472 1480 2517 notis
1503 2472 1630 2509 Rhea.
1648 2483 1731 2508 eam
1758 2484 1853 2519 quo-

977 2537 1052 2573 que
1081 2526 1385 2563 submovendam
1419 2526 1544 2571 docet,
1572 2526 1637 2563 sed
1667 2526 1708 2562 in
1739 2529 1853 2562 textu

976 2580 1091 2627 ponit
1110 2581 1229 2617 intra».

1030 2633 1136 2672 Pace
1165 2635 1270 2672 domi
1296 2641 1416 2684 parta
1451 2631 1544 2683 etc.]
1594 2634 1679 2671 MS.
1721 2632 1853 2670 Guelf.

962 2685 1119 2737 v(Bud.)
1158 2689 1243 2726 edd.
1268 2695 1360 2725 ante
1395 2687 1526 2739 Rhen.v
1550 2694 1712 2736 parata,
1737 2687 1854 2724 male.

977 2742 1025 2778 V.
1046 2742 1094 2778 ad
1113 2742 1163 2778 A.
1187 2745 1250 2787 16,
1271 2749 1312 2779 2..
1362 2743 1423 2780 Ex
1442 2742 1599 2790 ingenio
1612 2741 1709 2778 bene
1728 2754 1855 2777 corre-

977 2795 1036 2831 xit
1055 2797 1283 2845 Rhenanus.
1339 2797 1434 2833 Mox
1461 2802 1495 2832 et
1525 2799 1595 2832 aut
1626 2796 1711 2832 tolli
1738 2800 1778 2832 et
1805 2795 1856 2832 ad

978 2847 1182 2898 sequentia
1208 2851 1318 2898 rejici
1334 2851 1419 2888 vult
1447 2850 1752 2895 Freinshemius,
1784 2853 1855 2886 aut
1881 2886 1884 2890 ,

978 2905 1123 2941 mutari
1140 2904 1181 2940 in
1209 2911 1268 2941 ut.
1322 2905 1426 2942 Illud
1453 2903 1607 2948 melius,
1627 2906 1692 2940 sed
1721 2908 1855 2942 tamen

978 2969 1057 2994 non
1077 2959 1350 2996 necessarium.
1384 2959 1468 2996 Liv.
1496 2963 1537 3003 2,
1556 2964 1622 2997 52.
1653 2959 1741 2996 urbi
1766 2970 1854 2997 cum

971 3025 1070 3060 pace
1086 3013 1205 3049 etiam
1223 3014 1354 3051 laoeior
1373 3024 1526 3049 annona
1543 3013 1674 3050 rediit.
1705 3012 1854 3049 Abesse

979 3070 1019 3102 et
1038 3066 1100 3102 hie
1132 3071 1261 3115 posset
1290 3068 1408 3104 etiam
1422 3081 1434 3103 .·
1463 3066 1530 3102 sed
1549 3071 1756 3116 propterea
1775 3079 1860 3105 non.

979 3120 1160 3157 vitiosum
1182 3124 1254 3158 est.
1283 3121 1391 3158 Infra
1408 3120 1492 3158 edd.
1509 3124 1601 3179 alite
1618 3122 1723 3159 Pich.
1744 3121 1855 3158 MSS.

979 3175 1074 3222 Agr.
1103 3174 1234 3212 Guelf.
1266 3177 1373 3213 utile.
1418 3175 1521 3213 Flor.
1558 3173 1692 3227 (Eud.)
1731 3175 1855 3213 utilis.

979 3229 1090 3268 ERN.

1040 3282 1108 3320 Uti
1124 3282 1312 3333 dioeimus]
1346 3283 1443 3330 Gap.
1468 3286 1502 3319 l.

1034 3337 1232 3386 Ambigue
1249 3336 1422 3386 certavit]
1462 3336 1530 3374 Sec
1560 3348 1580 3371 s
1605 3337 1687 3373 Jos.
1710 3335 1779 3384 qui
1807 3335 1855 3372 B.

980 3386 1074 3427 aud.
1095 3396 1134 3436 5,
1154 3396 1193 3429 2.
1215 3391 1334 3428 ferme
1347 3402 1505 3439 oppress
1588 3391 1724 3427 Titum
1744 3393 1783 3425 ct
1800 3390 1855 3425 le·-

980 3443 1133 3494 gionem
1152 3445 1341 3482 decimam
1370 3444 1507 3480 castris
1532 3444 1683 3493 pulsam
1713 3454 1857 3479 memo·

981 3502 1056 3535 rat.

1033 3552 1114 3590 Per
1129 3559 1252 3590 artem
1272 3549 1429 3602 obliqui]
1462 3551 1670 3589 Rationem
1697 3549 1764 3586 dat
1782 3548 1857 3587 Ve-

981 3609 1046 3652 get
1066 3611 1087 3641 4
1094 3630 1106 3650 ‚
1127 3611 1163 3641 2.
