2190 3880
284 167 384 213 226
893 156 1493 211 HISTORIARUM

153 301 207 339 A.
225 294 361 346 uda
388 310 508 365 pars
539 291 710 364 plebis
743 292 1067 364 supplicium
1098 293 1287 348 Sabini
1322 292 1593 365 exposcit,
1619 291 1795 346 minas
1827 286 2094 343 adulatio·

157 357 260 448 2²35
292 383 494 436 nesque
521 365 728 418 miscet.
805 366 1051 418 Stantem
1081 385 1178 438 pro
1207 367 1463 437 gradibus
1495 364 1679 436 palatii
1709 362 2009 426 Vitellium,
2035 368 2092 426 et

182 437 274 507 7⁸0..
291 456 475 509 preces
503 446 800 509 parantem,
829 437 1119 508 pervicere,
1148 450 1206 489 ut
1237 438 1536 489 absisteret.
1599 434 1740 488 Turn
1778 434 2092 489 confossum

289 511 816 580 conlaceratumque,
841 522 896 561 et
933 510 1114 580 capite
1152 522 1424 572 truncum,
1446 525 1642 577 corpus
1679 507 1867 559 Sabini
1896 506 1951 559 in
1980 503 2093 557 Ge-

201 580 499 635 751nonias
547 581 787 635 trahunt.
866 579 977 632 Hic
1026 581 1206 632 exitus
1259 579 1359 632 viri
1413 579 1555 631 haud
1608 596 1736 630 sane
1787 574 2092 648 spernendi.

290 655 549 725 Quinque
585 665 639 705 et
681 651 905 722 triginta
948 652 1218 723 stipendia
1253 651 1306 703 in
1354 650 1658 722 Republica
1697 649 1916 714 fecerat,
1941 645 2092 700 domi

286 727 608 796 militiaeque
655 723 864 776 clarus:
903 723 1271 776 innocentiam
1299 723 1682 794 justitiamque
1707 719 1824 792 ejus
1863 737 1972 773 n-on
2010 736 2093 771 ar-

286 817 509 870 gueres:
565 795 824 847 sermonis
875 795 1076 848 nimius
1126 809 1257 849 erat.
1335 794 1398 846 [d
1451 813 1618 847 unum
1667 790 2095 865 septem,anni8,

286 871 483 940 quibus
515 868 797 932 Moesiam,
824 865 1132 935 duodecim,
1157 868 1354 938 quibus
1383 865 1774 920 Praet'ectu-ram
1811 862 1961 918 urbis
1995 861 2097 916 ob·-

288 942 471 1006 tinuit,
499 940 858 993 calumniatus
892 954 975 990 est
1017 957 1218 992 rumor.
1294 938 1358 990 In
1400 939 1505 991 fine
1545 940 1685 1007 vitael
1716 936 1807 990 alii
1851 950 2093 1008 segnem,

284 1014 443 1066 multi
491 1012 828 1064 moderatum
873 1022 928 1063 et
967 1011 1172 1065 civium
1218 1011 1496 1082 sanguinis
1538 1027 1759 1082 parcum
1798 1007 2095 1062 credidere.

288 1085 451 1145 Quod
483 1086 621 1137 int-er
648 1094 835 1136 omnes
865 1083 1190 1148 constiterit,
1206 1095 1332 1135 ante
1357 1081 1732 1153 Principatum
1751 1078 2096 1152 Vespasiani,

285 1158 449 1211 decus
500 1158 699 1209 domus
746 1174 908 1228 penes
963 1156 1226 1208 Sabinum
1275 1167 1408 1208 erat.
1484 1153 1707 1207 Caedem
1746 1151 1864 1224 ejus
1910 1151 2105 1207 laetam.

284 1227 452 1283 fuisse
492 1229 757 1281 Muciano
796 1228 1122 1299 accepimus,
1199 1227 1467 1280 Ferebant
1506 1226 1765 1297 plerique,
1786 1223 1940 1277 etiam
1966 1219 2093 1294 paci

282 1302 584 1366 consultum,
627 1301 876 1370 dirempta
916 1299 1234 1352 aemulatione
1273 1299 1406 1352 inter
1443 1297 1584 1362 ᾱαος,
1622 1314 1838 1370 quorum
1874 1294 2008 1348 alter
2042 1310 2093 1346 se

264 1373 501 1447 fratrem
541 1372 892 1442 ImperatoriS,
918 1371 1048 1424 alter
1084 1381 1355 1425 consortem
1394 1368 1609 1441 Imperii
1645 1369 1907 1440 cogitaret.
1982 1363 2090 1420 Sed

292 1446 535 1499 Vitellius
590 1445 843 1498 Consulis
905 1443 1232 1515 supplicium
1298 1442 1545 1515 poscenti
1605 1441 1808 1514 populo
1871 1439 2091 1503 restitit,

283 1518 549 1590 placatuS,
596 1537 658 1570 ac
707 1516 855 1570 velut
900 1517 1074 1568 vicem
1127 1515 1372 1580 reddenS,
1414 1514 1560 1586 quod
1609 1510 2093 1584 interrogantibuS,

282 1591 396 1662 quis
434 1589 729 1661 capitolium
766 1588 1077 1652 incendisset,
1105 1606 1160 1640 se
1200 1605 1348 1639 reum
1375 1587 1593 1640 Atticus
1621 1583 1909 1638 obtulerat.
1985 1582 2092 1635 Ea·

282 1681 388 1733 que
411 1662 770 1727 confessione,
800 1662 911 1714 sive
939 1672 1128 1732 aptum
1158 1660 1390 1732 tempori
1428 1657 1768 1711 mendacium
1799 1654 1923 1720 fuit,
1950 1655 2092 1708 invi-

282 1736 428 1787 diam
470 1735 782 1806 crimenque
820 1733 1126 1807 agnovisse,
1153 1743 1208 1784 et
1245 1751 1276 1785 a
1316 1731 1559 1805 partibus
1591 1728 1779 1783 Vitelli
1818 1726 2092 1795 amolituS,

283 1808 588 1860 videbatur.

200 1875 279 1935 761
360 1878 560 1932 Iisdem
590 1880 780 1932 diebus
813 1877 872 1939 L.
902 1878 1173 1945 Vitellius,
1189 1877 1381 1951 positis
1409 1875 1554 1948 apud
1577 1872 1862 1929 Feroniam
1883 1871 2096 1938 eastriS,

283 1953 502 2004 excidio
528 1950 835 2004 Tarracinae
863 1952 1197 2006 inminebat:
1228 1950 1422 2004 clausis
1450 1949 1559 2002 illic
1585 1947 1977 2021 gladiatoribus
2009 1963 2094 1998 re-

282 2024 649 2095 migibusque,
692 2025 785 2095 qui
827 2043 937 2076 non
981 2024 1166 2097 egredi
1211 2023 1437 2088 moenia,
1480 2039 1655 2092 neque
1694 2018 1993 2092 periculum
2034 2016 2093 2070 in

280 2097 795 2167 apertossaudebant.
874 2096 1132 2162 Praeerat‚
1163 2107 1221 2148 ut
1258 2112 1420 2166 supra
1456 2093 1892 2156 memoravimuS,
1917 2089 1953 2145 J
1961 2089 2094 2159 ulia-5

278 2187 382 2220 nus
410 2167 820 2240 gladiatoribu‘S,
848 2167 1177 2239 Apollinaris
1205 2166 1520 2239 remigibus,
1570 2163 1793 2218 lascivia
1819 2162 2092 2216 socordia-

279 2258 386 2311 que
416 2240 775 2311 gladiatorum
814 2241 1009 2312 magiS,
1036 2259 1199 2311 quam
1238 2239 1458 2292 Ducum
1497 2238 1715 2303 simileS,
1740 2254 1851 2288 non
1881 2233 2094 2307 vigilias

278 2330 459 2385 agere,
486 2331 593 2381 non
634 2312 812 2365 intuta
849 2313 1119 2365 moenium
1157 2312 1389 2377 firmare,
1414 2321 1582 2363 noctu
1622 2310 1817 2379 dieque
1861 2307 1996 2358 fluxi
2036 2319 2092 2358 et
2147 2371 2151 2378 ἃ

279 2403 501 2438 amoena
529 2384 744 2437 litorum
777 2401 1144 2455 personantes,
1173 2386 1224 2436 in
1264 2382 1622 2435 ministerium
1649 2381 1810 2434 luxus
1837 2378 2091 2450 dispersis

278 2456 563 2522 militibus,
618 2457 685 2509 de
736 2456 876 2508 bello
930 2463 1141 2509 tantum
1194 2457 1333 2508 inter
1395 2454 1650 2507 convivia
1709 2451 2091 2523 loquebantur.

281 2528 494 2583 Pau-cos
535 2541 660 2581 ante
707 2528 821 2581 dies
861 2529 1178 2581 discesserat
1226 2527 1460 2599 Apinius
1503 2523 1668 2578 Tiro:
1717 2523 1982 2593 donisque
2027 2540 2094 2575 ac

279 2602 525 2672 pecuniis
568 2601 760 2654 acerbe
803 2619 896 2673 per
935 2601 1235 2672 municipia
1271 2597 1673 2668 conquirendis,
1712 2595 1832 2668 plus
1869 2593 2090 2648 invidiae

194 2677 260 2731 77
279 2693 440 2746 quam
488 2673 680 2726 virium
717 2674 962 2745 partibus
1003 2673 1254 2726 addebat.
1332 2670 1559 2723 Interim
1594 2668 1661 2722 ad
1705 2668 1768 2721 L.
1811 2666 2090 2720 Vitellium

1212 2801 1318 2838 hunc
1348 2799 1557 2848 Apinium,
1586 2795 1857 2835 deficientibus
1881 2806 1906 2832 a
1930 2793 2094 2832 Vitellio

326 2803 538 2852 'Stipendia
562 2804 604 2840 in
636 2802 801 2852 Repuhl.
825 2801 994 2853 jecerat]
1026 2800 1160 2839 Verba

1213 2867 1254 2892 se
1270 2855 1421 2892 Ducem
1439 2851 1642 2899 obtulisse,
1658 2852 1832 2901 adeoque
1847 2861 1873 2888 a
1889 2848 2095 2898 Vespasia-

277 2859 321 2895 ἶφι
352 2857 567 2907 Republica
595 2857 693 2895 mihi
723 2859 916 2906 suspecta.
958 2857 1157 2898 Quorsum

278 2913 382 2949 enim
410 2915 449 2949 et
476 2924 553 2961 quo
570 2911 750 2960 exemplo
765 2911 979 2957 adduntur,
998 2923 1159 2960 praeser-

275 2966 350 3002 tim
385 2978 410 3002 a
444 2966 650 3003 brevitatis
682 2970 796 3003 tanto
835 2964 1042 3003 amatore?
1081 2965 1160 3003 nisi

275 3021 378 3057 forte
410 3021 666 3069 transpositio
695 3021 800 3058 facta
828 3025 888 3058 est
915 3031 939 3056 a
971 3020 1159 3067 librariis,

275 3075 483 3123 Tacitique
502 3087 642 3113 manus
659 3075 714 3112 sic
732 3075 861 3112 dedit:
890 3074 1070 3112 XXXV.
1089 3076 1160 3112 sei-

268 3129 417 3180 pendia
442 3129 624 3177 fecerat:
653 3132 698 3167 in
726 3131 824 3180 Περ.
861 3130 900 3167 d.
933 3141 985 3167 m.
1017 3132 1157 3168 claras.

274 3180 387 3222 Infra
416 3184 553 3221 vitiose
585 3184 670 3220 cdd.
703 3189 795 3221 ante
826 3184 956 3221 Rhen.
989 3184 1157 3233 direpta,

275 3247 349 3287 pro
373 3239 551 3276 dib-anta.
596 3238 704 3276 ERN.
749 3239 811 3275 Ex
844 3239 1003 3288 ingenio
1027 3238 1155 3276 Rlien.

276 3303 368 3330 nam
402 3291 505 3329 Bud.
548 3290 713 3342 direpta.
757 3292 895 3329 Paullo
928 3297 1021 3329 ante
1053 3292 1155 3330 Bud.

275 3347 351 3385 alii
366 3347 619 3392 moderatum,
637 3346 765 3383 Rhea.
786 3345 912 3383 multi.

338 3399 394 3439 Ut
408 3412 529 3451 supra
547 3397 856 3449 memoravimus]
881 3399 926 3436 C.
945 3404 1012 3438 57.

329 3454 518 3493 Luscinia
536 3454 628 3505 eta]
666 3454 769 3491 Ante
798 3454 878 3490 hoec
907 3453 1026 3490 verba
1055 3463 1157 3501 pun-

274 3514 384 3549 etum
401 3510 533 3547 minus
550 3521 637 3546 cum
657 3509 752 3556 Bip.
773 3519 876 3556 pono
895 3511 935 3544 et
953 3508 1159 3555 sequentia

276 3565 326 3602 ad
343 3565 593 3615 loquebantur
611 3575 734 3611 usque
758 3574 838 3600 uno
854 3565 986 3599 tractu
1001 3563 1140 3609 jungo.

330 3621 502 3669 Apinius
533 3617 644 3669 Tiro]
676 3616 724 3656 V.
751 3621 871 3659 c.«fi7.
900 3616 1004 3655 unde
1031 3619 1159 3666 patet,

1214 2911 1256 2947 ni
1275 2908 1456 2958 partibus
1474 2909 1607 2945 fuisse.
1660 2908 1768 2944 ERN.

1266 2965 1337 3000 Ad
1352 2963 1402 3000 L.
1439 2959 1659 3010 Vitellium]
1691 2962 1917 2999 Praenomen
1941 2956 2093 2995 addunt

1215 3017 1319 3057 Flor.
1358 3015 1491 3070 (Bud.)
1528 3017 1626 3065 Agr.
1658 3015 1790 3053 Guelf.
1819 3016 1915 3051 vett..
1940 3023 2090 3050 omnes.

1215 3072 1374 3111 Excidit
1399 3083 1492 3109 casu
1528 3071 1570 3108 in
1606 3069 1666 3107 ed.
1694 3068 1896 3106 Pichenoe:
1926 3077 2016 3103 nam
2049 3066 2090 3103 in

1212 3139 1258 3163 ea
1285 3127 1455 3176 primum
1475 3126 1580 3162 inter
1596 3124 1716 3161 libros
1733 3132 1839 3161 meos
1856 3120 2090 3158 desideravi.

1211 3182 1403 3220 Restituit
1430 3180 1613 3228 Ryckius.
1669 3178 1766 3215 Mox
1786 3174 1899 3214 MSS.
1929 3174 2049 3225 (Bud.
2066 3186 2091 3211 a

1215 3241 1250 3273 1.
1268 3235 1335 3286 m.)
1358 3235 1461 3273 Flor.
1479 3235 1576 3282 Agr.
1595 3230 1726 3270 Guelf.
1743 3230 1804 3268 ed.
1820 3241 1879 3278 pr.
1905 3230 2091 3278 Virgilii,

1210 3294 1258 3326 ut
1277 3289 1331 3328 H.
1349 3295 1389 3335 4,
1408 3294 1446 3325 3.
1466 3287 1582 3324 male.
1641 3285 1779 3336 Capito
1807 3289 1868 3321 est
1884 3284 2091 3332 Verginio-

1210 3355 1299 3381 rum
1342 3352 1570 3392 cognomen.
1637 3341 1737 3378 Item
1779 3338 1899 3377 iidem
1947 3342 2091 3387 praeter

1211 3397 1343 3435 Guelf.
1368 3400 1472 3446 post,
1489 3394 1598 3433 tradi
1615 3395 1817 3444 fiturum,
1847 3404 1919 3443 pro
1936 3392 2088 3442 sicrtt'm

1210 3453 1464 3490 traditurum.
1515 3451 1622 3488 Eas.
1679 3448 1839 3498 Optime
1874 3458 1916 3485 se
1941 3445 2090 3484 habent

1210 3506 1320 3545 codd.
1338 3506 1381 3543 in
1396 3504 1540 3554 quibus
1558 3508 1597 3540 et
1614 3502 1718 3541 Bud.
1747 3502 1863 3540 lectio
1891 3501 2002 3540 tradi
2013 3500 2090 3549 su-

1211 3567 1358 3606 turam,
1384 3571 1502 3610 quam
1528 3569 1617 3597 cum
1644 3557 1735 3607 Bip.
1762 3557 1902 3594 Tacito
1928 3555 2091 3594 reddeu-

1213 3615 1302 3655 dam
1322 3619 1433 3665 puto.
1486 3612 1692 3652 Puteolani
1711 3615 1771 3651 est
1790 3613 1867 3651 ista
1881 3609 2029 3664 spuria.
