2190 3880
472 120 567 170 DE
598 117 904 168 MORIBUS
937 114 1326 168 GERMANIAE
1358 118 1496 168 cAP.
1530 125 1577 171 9.

1837 125 1935 173 359

121 253 277 314 gunt.
353 245 621 306 Vidimus»,
655 243 756 295 sub
792 242 922 294 divo
961 235 1626 311 Vespasiano,‘Veledam‚
1656 244 1747 298 diu
1789 243 1937 315 apud

120 315 404 384 plerosque
436 314 690 366 Numinis
717 313 840 365 loco
865 311 1134 364 habitam.
1203 312 1306 363 Sed
1333 323 1386 363 et
1407 315 1534 366 olim
1566 314 1851 367 Auriniam
1880 327 1937 368 et

119 384 414 455 compluris
441 385 571 436 alias
599 384 837 436 venerati
865 394 1009 447 sunt,
1036 400 1144 434 non
1172 381 1502 447 adulatione,
1530 403 1629 437 nec
1657 399 1936 456 tamquam

55 455 65 459 “
118 454 362 507 facerent
404 455 568 506 Deas,
648 454 890 506 Deorum
934 453 1173 504 maxime
1222 451 1559 505 Mercurium
1602 456 1808 519 colunt,
1847 457 1987 532 cui9

120 525 282 576 certis
333 526 524 578 diebus
570 525 823 579 humanis
870 536 1088 593 quoque
1133 523 1328 574 hostiis
1378 523 1534 574 litare
1582 523 1662 576 fas
1715 528 1937 580 habent.

121 594 415 648 Herculem
458 614 521 648 ac
555 595 795 647 Martem
838 595 1109 646 concessis
1147 592 1470 645 animalibus
1520 592 1773 663 placant:
1818 617 1940 667 pars

123 665 426 718 Suevorum
457 678 512 718 et
550 665 682 717 Isidi
726 664 1013 716 sacrificat.

1090 664 1251 716 Unde
1289 682 1479 715 caussa
1516 675 1571 715 et
1601 666 1757 746 origo
1789 686 1940 737 pere-

120 737 293 805 grino.
322 755 493 801 sacm,
533 754 722 806 parum
761 737 1024 804 comperi,
1062 735 1165 785 nisi
1205 735 1350 804 quod
1391 735 1608 804 signum
1650 755 1847 806 ipsum,
1883 739 1941 790 in

118 809 344 884 modum
392 807 620 874 liburnae
670 806 1006 882 figuratum,
1037 804 1217 880 docet,
1267 805 1564 880 advectam¹
1600 808 1941 880 religionem.

115 994 340 1046 συμμάχους
365 993 561 1044 ἀμφῖῧολαι
586 992 627 1033 δι’
653 993 787 1033 ἐκείνων
811 990 1000 1048 ssgoecsbov-

119 1063 192 1091 ns.
238 1051 351 1087 L1Ps.

177 1101 376 1152 Veledam]
415 1104 476 1140 De
495 1114 574 1151 qua
591 1102 717 1139 multa
734 1103 866 1139 noster
884 1101 940 1138 H.
958 1105 999 1146 11,

117 1159 184 1194 61.
206 1158 275 1194 65.
303 1167 422 1206 quam
449 1157 643 1204 captivam
672 1159 713 1192 et
740 1156 783 1192 in
798 1155 1001 1203 triumpho

115 1213 254 1259 postea
272 1210 430 1248 ductam
454 1210 611 1258 colligas
630 1222 678 1246 ex
697 1209 822 1246 Statio
841 1207 937 1246 silv.
963 1212 1000 1252 1,

116 1268 158 1309 4,
189 1268 254 1304 89.
310 1264 402 1303 Non
429 1268 542 1308 vacat
570 1263 740 1300 Arctoas
769 1262 872 1299 acies
899 1261 1003 1298 Rhe-

116 1329 300 1366 numque,
340 1317 515 1354 rebellem
575 1317 822 1364 Captivoeque
871 1326 1004 1363 preces

122 1371 382 1419 Veledae5qui
412 1381 555 1407 nomeu
584 1373 718 1406 tamen
748 1369 788 1405 id
817 1367 1000 1416 corripit:

115 1425 230 1471 cujus
259 1435 485 1474 germanam
504 1423 739 1471 scripturam
766 1422 887 1458 fuisse
912 1432 1000 1457 eeu-

118 1488 185 1515 seo
212 1476 415 1515 lVetdam.
471 1478 579 1514 Huic
597 1475 783 1513 successit
798 1476 840 1512 in
865 1475 1002 1522 digna-

116 1531 228 1569 tione
254 1534 296 1568 et
323 1530 565 1568 divinatione
589 1531 742 1575 Gauna,
771 1528 845 1566 sub
865 1528 1003 1565 Domi-

117 1585 229 1622 tiano
256 1583 434 1622 celebris.
487 1585 567 1622 Dio
596 1583 638 1619 in
666 1584 824 1631 Fragm.
853 1581 1001 1618 XLIX.

120 1639 204 1689 (67,
233 1637 288 1688 5.)
350 1637 422 1675 Καὶ
449 1635 569 1675 razim
599 1635 778 1688 παρθένος
807 1633 909 1684 μετὰ
939 1633 1003 1674 τὴν

119 1688 278 1732 Bastar
294 1689 327 1727 ἰν
345 1692 394 1742 τῇ
413 1691 578 1741 Κελτικῇ
595 1689 806 1739 θειάζουσα.
855 1688 999 1726 Addit:

118 1745 167 1782 ad
194 1743 468 1783 Domitianum
490 1744 658 1789 venisse,
684 1746 722 1780 et
752 1742 922 1791 praemiis
951 1740 1001 1777 ab

118 1810 165 1836 eo
183 1799 375 1836 affectam.
430 1798 531 1839 Quae
549 1798 635 1846 ipsa
651 1807 698 1834 ex
712 1796 841 1833 Dione
860 1795 1001 1833 Suidas

121 1852 259 1902 (tacito
285 1851 458 1896 nomine,
482 1855 528 1888 ut
558 1848 673 1899 solet)
708 1850 750 1886 in
772 1860 864 1886 voce
897 1848 1004 1886 2210}-

118 1905 226 1953 ζεσα.
272 1907 382 1943 Lu’s.
436 1905 603 1953 Egregie
647 1903 695 1939 de
731 1902 879 1939 Veleda
922 1902 1004 1950 egit

117 1960 347 1997 Gebaverus
360 1959 392 1995 l.
410 1970 444 1996 c.
471 1970 509 2006 p.
527 1962 622 1997 939.
661 1957 761 1997 Quae
778 1957 842 1992 hic
862 1957 1003 1993 Gauna

116 2020 293 2059 vocatur,
308 2014 455 2050 rectius
469 2013 607 2049 Ganna
622 2010 780 2054 dicitur,
796 2013 844 2046 ut
859 2012 900 2046 et
914 2010 1002 2046 Sui-

117 2067 185 2104 das
202 2066 335 2105 habet.
389 2066 449 2102 De
462 2063 695 2102 mulieribus
712 2063 882 2100 fatidicis
896 2066 1004 2099 vete-

60 2140 63 2142 ·
116 2133 205 2159 rum
222 2121 281 2158 icf.
307 2119 471 2166 Keysler
493 2120 535 2155 in
557 2117 695 2165 Antiq.
723 2117 829 2164 Sept.
847 2128 890 2165 p.
912 2119 1004 2154 456.

117 2176 165 2213 In
200 2173 402 2212 Plutarchi
439 2171 569 2209 Mario
607 2171 747 2207 mulier
789 2173 850 2207 est
893 2170 1005 2218 Syra,

116 2227 297 2272 Martha,
325 2237 443 2274 quam
469 2225 502 2262 is
531 2222 847 2261 circumducebat
872 2235 907 2261 c.
944 2228 1004 2262 17.

117 2293 156 2329 p.
177 2284 270 2318 503.
299 2280 361 2317 Sic
377 2285 419 2315 et
434 2277 618 2328 Vitellius
633 2279 759 2314 Cattoe
771 2277 1005 2314 vaticinanti
1022 2294 1026 2297 ·

118 2334 230 2372 velut
255 2333 414 2371 oraculo
441 2329 728 2381 acquiescebat,
755 2334 858 2367 teste
891 2331 1004 2369 Suet.

118 2399 152 2426 c.
175 2392 238 2425 14.
262 2402 268 2410 ·
319 2404 325 2410 ·
372 2422 379 2431 ,

170 2437 402 2488 Auriniam]
451 2441 614 2477 Fames.
640 2437 743 2475 liber
767 2437 1004 2474 Plurimum.

118 2495 257 2532 Putem
273 2494 412 2539 fuisse,
423 2493 666 2530 Aluriniam:
702 2491 818 2532 Quod
833 2491 1004 2526 Jornan-

117 2549 184 2585 des
200 2548 299 2584 mihi
315 2550 455 2583 auctor
479 2547 522 2582 in
545 2545 664 2582 rebus
683 2543 860 2581 Gothicis
879 2554 914 2580 c.
933 2548 999 2580 24.

117 2612 199 2640 non
215 2601 419 2650 proprium
437 2609 596 2644 nomen,
615 2598 681 2635 sed
698 2607 904 2634 commune
921 2607 1003 2632 om-

116 2655 228 2693 nium
251 2665 433 2703 sagarum
459 2652 594 2704 fuisse.
636 2651 836 2700 Repperit,
856 2650 1001 2697 inquit,

118 2710 161 2746 in
170 2709 315 2757 populo
333 2707 522 2758 quasdam
536 2717 680 2754 magas
695 2705 887 2744 mulieres,
905 2714 1003 2751 quas

113 2763 246 2811 patrio
273 2772 441 2799 sermone
458 2762 674 2797 Alioranas
700 2759 782 2806 ipse
805 2757 1003 2805 cognomi-

116 2821 199 2853 nat.
228 2815 289 2851 De
305 2813 476 2851 fatidicis
494 2817 628 2849 autem
645 2810 819 2848 foeminis
839 2811 1002 2846 Germa·

117 2879 274 2913 norum,
307 2871 451 2915 praeter
485 2868 677 2904 Caesarem
701 2865 750 2902 B.
786 2865 835 2901 G.
867 2868 904 2908 1,
937 2867 1028 2899 50.v

118 2921 371 2959 Plutarchum
399 2922 441 2956 in
471 2920 601 2956 Mario
627 2922 668 2956 et
694 2919 846 2956 Caesare
877 2928 909 2952 c.
940 2921 1001 2955 19.

119 2977 158 3024 p.
193 2979 282 3011 121.
325 2973 555 3011 Strabonem
583 2972 610 3009 l.
635 2977 673 3012 7.
700 2982 741 3019 p.
767 2975 859 3010 294.
905 2969 1003 3006 Vide

118 3029 238 3066 etiam
267 3027 512 3066 Clementem
543 3027 740 3063 Sti-emate
775 3030 809 3060 1.
842 3035 881 3071 p.
910 3025 1000 3060 131.

117 3084 232 3121 Lm.
276 3082 391 3118 Notae
413 3083 507 3116 sunt
523 3079 688 3115 Alremoe
707 3078 1002 3125 Septentriona-

117 3135 233 3182 lium,
252 3135 300 3171 de
321 3132 464 3183 quibus
483 3132 561 3168 vid.
596 3131 810 3169 schilterus
828 3130 870 3166 in
888 3129 1003 3166 Glos-

119 3190 236 3235 sario,
269 3189 366 3226 item
401 3186 508 3223 Sam.
545 3185 714 3222 Schmid
738 3184 780 3221 in
812 3182 1002 3231 peculiari

118 3243 226 3281 Diss.
246 3247 283 3280 8.-
311 3240 427 3278 Halae
449 3244 565 3279 1789.
597 3242 638 3275 et
656 3238 707 3276 G.
725 3238 819 3275 Chr.
838 3237 945 3274 Roth
963 3241 1002 3274 8.

120 3295 292 3334 Helmst.
314 3299 431 3335 1737.
776 3287 782 3294 ’

172 3349 414 3386 Mercurium
445 3345 590 3394 colum]
648 3344 768 3382 Plura
801 3343 925 3392 igitur
955 3354 1002 3380 ae

120 3402 288 3439 certiora
300 3403 346 3438 de
361 3401 548 3449 religione
559 3400 844 3437 Germanorum
861 3397 1001 3434 Tacito

119 3457 229 3499 nota,
249 3465 366 3503 quam
385 3454 543 3498 Caesari,
565 3453 632 3500 qui
651 3455 788 3488 eontra
803 3451 940 3488 scribit
959 3454 1000 3498 6,
1031 3500 1035 3502 Π

120 3513 159 3547 2.
193 3508 368 3547 Deorum
383 3519 538 3548 numero
556 3518 617 3547 eos
632 3499 895 3546 solosdlcemse
907 3517 1001 3558 quos

1055 994 1199 1040 vident,
1218 995 1360 1040 Solem,
1379 996 1598 1034 Vulcanum
1615 1003 1652 1034 et
1669 997 1827 1035 Lunam
1838 1013 1854 1039 ‚·
1883 1008 1945 1036 re-

1055 1048 1180 1096 liquos
1195 1048 1363 1096 nesama
1380 1049 1533 1098 quidem
1546 1058 1785 1100 acceperunt.
1815 1051 1945 1091 Falso.

1053 1101 1158 1137 Nam
1185 1106 1318 1138 noster
1345 1103 1466 1139 etiam
1495 1104 1545 1140 A.
1568 1109 1632 1149 13,
1652 1110 1719 1143 57.
1753 1105 1946 1154 scriptum

1054 1154 1235 1202 reliquit:
1255 1155 1303 1191 ab
1319 1155 1607 1196 Hermunduris
1616 1160 1807 1196 diversam
1823 1161 1947 1196 aciem

1055 1207 1187 1244 Mam·
1217 1219 1264 1243 ac
1289 1208 1489 1246 Mercurio
1519 1217 1728 1248 sacratam.
1781 1213 1946 1249 Paullus

1055 1261 1256 1297 Diaconus
1294 1267 1332 1306 1,
1364 1267 1403 1301 9.
1440 1266 1568 1308 notat,
1598 1263 1865 1312 Longobardis
1897 1265 1947 1316 (ii

1057 1317 1190 1350 autem
1235 1313 1440 1364 Germani)
1478 1316 1654 1354 lVodam
1698 1318 1946 1356 Mercurium

1057 1367 1263 1415 appellari.
1311 1379 1383 1417 ego
1423 1369 1582 1416 legerim
1625 1371 1693 1407 W
1688 1371 1839 1408 ondam.
1881 1372 1947 1409 vel

1058 1421 1298 1458 Wonstam:
1328 1433 1353 1457 a
1382 1422 1491 1458 lucro
1514 1423 1678 1469 scilicet,
1697 1425 1761 1461 cui
1789 1429 1946 1473 praeest.

1056 1474 1278 1521 Majoribus
1312 1475 1470 1523 quidem
1504 1477 1649 1513 nostris
1685 1477 1745 1514 ita
1779 1479 1946 1526 dictum,

1056 1527 1178 1563 claret
1197 1529 1260 1565 vel
1288 1538 1336 1565 ex
1356 1529 1545 1566 Mercurii
1573 1531 1651 1576 die,
1671 1531 1739 1579 qui
1757 1532 1882 1569 veteri
1904 1533 1947 1570 e't

1054 1581 1195 1629 gentili
1225 1581 1488 1629 appellatione
1529 1583 1641 1620 nobis
1680 1585 1943 1624 JVonstdaclz.

1057 1636 1173 1672 Lu‘s·
1227 1633 1395 1683 Nempe,
1417 1636 1601 1684 quicquid
1627 1641 1761 1675 noster
1788 1639 1834 1675 de
1855 1640 1944 1676 Diis

1040 1688 1099 1724 'in
1117 1689 1331 1725 Germania
1354 1689 1470 1725 cultis
1499 1690 1609 1736 dicit,
1628 1691 1946 1740 intelligendum,

1058 1745 1104 1778 ut
1140 1741 1243 1777 infra
1279 1741 1353 1787 ait,
1385 1743 1710 1790 interpretatione
1750 1747 1944 1784 Romana.

1058 1794 1244 1844 Appellat
1273 1797 1377 1833 Deos
1406 1797 1692 1834 Germanorum
1718 1800 1945 1837 nominibus

1045 1849 1260 1895 Romania,
1297 1849 1553 1886 similitudine
1592 1863 1741 1897 eorum,
1777 1864 1862 1900 quae
1897 1854 1946 1890 de

1057 1902 1144 1938 Diis
1163 1901 1435 1948 tradebantur,
1456 1904 1609 1941 ductus.
1663 1905 1708 1941 Id
1727 1906 1846 1942 semel
1864 1919 1948 1943 mo-

1056 1955 1190 1992 nuisse
1210 1959 1271 1992 sat
1288 1957 1378 2002 erit,
1398 1957 1514 2004 idque
1532 1961 1573 1994 et
1590 1957 1639 1994 ad
1658 1963 1806 1995 ceteros
1823 1959 1946 2006 Deos,

1057 2009 1287 2054 Herculem,
1331 2010 1519 2056 Martem,
1564 2011 1708 2048 Isidem
1759 2014 1947 2060 pertinet.

1059 2062 1169 2100 ERN.
1224 2064 1289 2099 Ad
1320 2063 1359 2099 h.
1390 2063 1418 2101 l.
1445 2064 1492 2099 de
1522 2064 1593 2100 hoe
1624 2066 1734 2102 cultu
1768 2057 1947 2106 ficorum

1058 2115 1182 2153 videri
1227 2119 1404 2153 meretur
1440 2116 1668 2155 Gebaverus
1713 2119 1757 2156 in
1793 2120 1947 2169 Vestig.

1054 2169 1158 2216 juris
1172 2170 1305 2206 Germ.
1325 2174 1402 2207 vet.
1424 2181 1466 2216 p.
1489 2176 1581 2208 838.

1115 2223 1315 2260 Humanis
1330 2235 1478 2273 quoque
1493 2223 1645 2275 hostiis]
1683 2226 1802 2266 Quod
1820 2226 1945 2264 Gallis

1059 2276 1344 2329 Germanisque
1359 2288 1583 2313 commune:
1611 2283 1651 2315 et
1668 2280 1806 2326 priscis
1824 2284 1946 2318 testa-

1057 2332 1144 2365 tum
1173 2328 1322 2367 creb'ro.
1375 2329 1482 2366 Illud
1507 2334 1616 2376 noto,
1641 2333 1830 2370 mansisse
1858 2346 1945 2371 eam

1058 2383 1256 2419 diritatem
1277 2383 1397 2419 etiam
1411 2383 1585 2420 inferiori
1604 2396 1697 2423 aevo.
1731 2388 1944 2435 Procopius

1060 2441 1099 2481 Ω,
1120 2441 1185 2473 25.
1231 2437 1293 2472 De
1307 2436 1421 2484 Bello
1439 2438 1559 2473 Goth.
1575 2438 1649 2484 ait,
1667 2440 1851 2486 Francos,
1867 2431 1964 2478 etsi

1059 2490 1259 2526 Christum
1279 2490 1363 2536 Jam
1393 2490 1581 2535 colerent,
1600 2491 1781 2529 humanis
1809 2496 1945 2531 tamen

1057 2543 1107 2578 ad
1124 2554 1240 2579 suum
1259 2553 1385 2579 aevum
1409 2542 1548 2579 hostiis
1576 2542 1682 2581 usos.
1736 2546 1942 2584 Ditmarus

1057 2595 1126 2633 lib.
1157 2601 1190 2632 l.
1243 2595 1483 2632 Nortmanos
1510 2599 1550 2633 et
1570 2598 1706 2634 Dauos
1732 2601 1943 2648 quotannis

1055 2660 1188 2685 mense
1234 2649 1426 2685 Januario
1471 2649 1543 2686 Dis
1597 2651 1678 2687 suis
1725 2653 1944 2691 immolasse

1055 2702 1205 2739 XCIX.
1247 2701 1439 2748 homines,
1480 2703 1644 2740 totidem
1690 2716 1808 2753 equos
1853 2719 1944 2746 cum

1056 2756 1220 2792 canibus
1253 2759 1293 2792 et
1327 2756 1466 2805 gallis:
1518 2756 1568 2794 ab
1601 2768 1723 2806 eaque
1760 2759 1944 2798 barbarie

1056 2810 1274 2847 Henricum
1300 2807 1504 2858 Aucupem
1531 2811 1702 2859 primum
1731 2824 1796 2850 eos
1820 2814 1947 2852 abdu-

1056 2864 1172 2900 xisse.
1219 2863 1332 2899 L1Ps.

1108 2917 1282 2953 Illartem
1317 2917 1500 2953 concessis
1539 2919 1790 2969 animalibus]
1849 2921 1945 2959 Non

1058 2975 1163 3006 certe
1183 2969 1330 3006 Gothi:
1362 2969 1409 3005 de
1436 2970 1582 3017 quibus
1597 2973 1815 3011 Jornandes
1843 2986 1878 3011 c.
1904 2982 1942 3012 5.

1054 3023 1228 3060 Martem
1245 3034 1392 3070 semper
1408 3025 1621 3071 asperrima
1639 3028 1842 3075 placavere
1858 3031 1942 3066 cul-

1055 3082 1144 3113 tura
1158 3091 1170 3112 .·
1195 3088 1286 3112 nam
1306 3077 1473 3113 victimae
1490 3076 1575 3125 ejus
1590 3084 1731 3118 mones
1737 3081 1858 3129 suere
1874 3095 1940 3120 ca—

1049 3136 1217 3178 ptorum.
1252 3129 1364 3165 Llrs.
1399 3131 1591 3168 Concessa
1607 3134 1794 3171 animalia
1811 3141 1939 3181 vocat,

1055 3183 1204 3231 quibus·
1226 3183 1311 3218 aliae
1340 3182 1591 3222 humaniores
1621 3191 1758 3234 gentes
1794 3190 1940 3226 sacrifi-

1054 3240 1161 3282 cant,
1179 3236 1361 3273 humanis
1385 3237 1552 3275 victimis
1579 3239 1697 3277 litera
1726 3242 1834 3278 nefas
1864 3252 1939 3290 pu-

1054 3294 1201 3335 tantos,
1219 3294 1264 3326 ut
1284 3293 1356 3330 est.
1394 3291 1506 3330 Eas.

1110 3344 1160 3380 In
1184 3338 1340 3380 mnodum
1369 3343 1533 3381 liburnoe
1550 3345 1795 3395 figuratum]
1854 3347 1938 3387 Qui

1053 3395 1210 3445 aliquid·
1236 3394 1298 3434 sui
1333 3397 1453 3432 moris
1480 3399 1652 3445 reperire
1681 3400 1835 3444 volunt,
1865 3405 1939 3438 aut

1054 3461 1210 3488 caussas
1229 3461 1361 3486 rerum
1381 3450 1667 3499 incognitarum
1688 3453 1877 3500 indagant
1895 3458 1938 3492 et

1053 3504 1228 3549 nomina,
1247 3514 1346 3551 saepe
1367 3503 1455 3553 plus
1469 3504 1615 3554 vident,
1635 3516 1752 3554 quam
1767 3500 1850 3557 alii,
1864 3512 1937 3546 aut

1147 3563 1291 3608 aad:
