2190 3880
731 164 885 222 ΜΒ.
934 172 975 220 1.
1024 173 1193 220 CAP.
1227 177 1308 221 38.
1855 174 1920 226 39

117 301 260 372 genii
283 296 339 353 in
363 296 467 366 via,
502 298 794 370 Turpiliani
828 299 898 352 inv
922 297 1062 364 urbe,
1094 296 1397 370 Nymphidii
1440 297 1496 349 in
1538 295 1754 352 castris?
1796 297 2057 363 QuaeA.U.

117 390 330 442 usquam
357 372 644 442 provincia,
669 390 780 442 quae
817 379 985 423 castra
1020 379 1153 435 sunt,
1178 370 1277 421 nisi
1301 378 1507 421 cruenta
1541 377 1588 420 et
1621 369 1924 423 maculata?
1952 380 2044 416 823⁶

117 452 227 507 aut,
264 453 322 495 ut
357 443 378 495 i
411 461 460 495 se
485 443 754 513 praedicat,
787 441 1049 494 emendata
1093 448 1141 493 et
1183 439 1444 493 correcta?
1487 440 1643 504 Nam,
1684 460 1793 511 quae
1828 442 1923 494 alii
1937 434 2031 530 A7'0·

118 512 322 578 scelera,
360 463 439 566 dic
455 546 459 550 -
477 514 693 567 remedia
727 522 904 566 vocat:
940 513 1062 566 dum
1086 511 1251 584 falsis
1289 511 1586 576 nominibus,
1617 512 1925 566 severitatem

109 589 211 655 'pro
229 585 440 650 saevitia,
458 585 824 656 parsimoniam
850 603 950 655 pro
974 584 1216 648 avaritia,
1252 583 1498 654 supplicia
1523 592 1571 635 et
1604 583 1926 636 contumelias

117 664 325 722 vestras,
366 656 686 727 disciplinam
729 656 970 726 adpellat.
1046 656 1239 725 Septem
1278 673 1311 706 a
1352 654 1569 707 Neronis
1587 654 1704 723 fine
1744 672 1927 706 menses

117 735 251 791 sunt,
277 729 453 799 etjam
470 728 590 799 plus
614 727 787 798 rapuit
813 727 996 792 Icelus,
1023 745 1176 798 quam
1202 726 1337 797 quod
1363 725 1616 795 Polycleti
1649 733 1696 778 et
1729 723 1928 777 Vatinii

119 805 167 850 et
191 797 309 850 Elii
327 808 660 870 paraverunt.
736 797 944 861 Minore
969 798 1191 851 avaritia
1215 815 1274 850 ac
1301 796 1503 850 licentia
1524 805 1784 868 grassatus
1807 806 1925 848 esset

123 869 186 922 T.
219 868 415 936 Vinius,
450 871 496 922 si
532 870 635 940 ipse
672 869 986 940 imperasset:
1025 888 1158 922 nunc
1205 878 1253 921 et
1296 869 1536 940 subjectos
1591 886 1682 921 nos
1725 867 1924 933 habuit,

119 949 382 1012 tamquam
405 948 533 1007 suas,
559 949 606 992 et
632 940 772 1008 viles,
798 950 854 993 ut
888 941 1093 994 alienos.
1166 939 1280 992 Una
1316 939 1410 992 illa
1435 940 1608 993 domus
1630 938 1810 1008 sufficit
1834 939 1924 991 do·-

2006 433 2057 472 C.

78 1051 82 1055 -
117 1013 311 1078 nativO,
336 1013 472 1084 quod
493 1012 634 1065 vobis
659 1031 917 1083 nunquam
942 1011 1114 1078 datur,
1138 1020 1186 1064 et
1210 1011 1390 1064 cotidie
1413 1011 1760 1081 exprobratur.
1821 1010 1921 1078 Ac,
1937 1034 2005 1085 33

119 1102 182 1135 ne
205 1101 307 1154 qua
330 1082 504 1137 saltem
528 1085 583 1136 in
617 1102 884 1136 successore
910 1083 1097 1136 Galbce
1128 1102 1231 1153 spes
1255 1092 1388 1148 esset,
1415 1083 1620 1135 accersit
1645 1082 1708 1134 ab
1735 1082 1925 1149 exsilio,

118 1173 266 1225 quem
301 1155 511 1208 tristitia
547 1164 595 1208 et
623 1155 846 1207 avaritia
879 1155 959 1208 sui
991 1153 1303 1207 simillimum
1330 1153 1619 1224 judicabat.
1700 1151 1925 1219 Vidistis,

123 1226 496 1292 commilitones,
536 1225 752 1279 notabili
787 1234 1070 1296 tempestate
1109 1226 1260 1278 etiam
1303 1223 1441 1277 Deos
1484 1224 1763 1297 infausta—m
1801 1225 1925 1276 ado-

110 1297 338 1366 ptionem
362 1306 670 1351 aversantes.
734 1296 880 1350 Idem
908 1298 1137 1362 Senatus,
1163 1297 1292 1350 idem
1320 1292 1520 1366 Populi-
1546 1296 1700 1350 Rom.
1731 1297 1929 1348 animus

120 1377 210 1422 est.
288 1368 463 1422 Vestra
489 1369 650 1422 virtus
674 1378 999 1440 exspectatur,
1026 1367 1167 1439 apud
1200 1386 1322 1439 quos
1358 1386 1499 1420 omne
1533 1366 1744 1420 honestis
1768 1368 1927 1420 consi-

121 1437 205 1492 liis
228 1440 400 1506 robur,
426 1450 474 1493 et
498 1441 601 1494 sine
625 1439 823 1510 quibu3‚
846 1442 1076 1512 quamvis
1100 1440 1320 1511 egregia,
1344 1438 1575 1492 invalida
1610 1447 1745 1491 sunt.
1806 1438 1929 1491 Non

122 1510 196 1562 ad
219 1509 400 1564 bellum
427 1528 531 1579 vos,
567 1530 654 1564 nec
681 1511 751 1562 ad
777 1510 1063 1582 periculum
1086 1529 1206 1564 voco
1222 1532 1238 1563 .·
1275 1511 1498 1563 omnium
1533 1510 1755 1564 militum
1781 1529 1929 1563 arma

119 1581 376 1636 nobiscum
399 1593 533 1636 sunt.
610 1582 716 1635 Nec
743 1601 846 1635 una
874 1583 1043 1635 cohors
1070 1591 1245 1655 togata
1269 1581 1492 1654 defendit
1516 1601 1649 1634 nunc
1678 1580 1928 1647 Galbam,

117 1653 206 1706 sed
227 1653 429 1708 detinet.
506 1654 638 1708 Cum
663 1671 748 1706 vos
773 1653 1069 1726 adspexerit,
1097 1673 1210 1708 cum
1231 1654 1431 1724 signum
1467 1672 1630 1705 meum
1665 1655 1926 1721 acceperit,

120 1722 210 1778 hoc
234 1725 392 1779 solum
429 1727 524 1779 erit
549 1734 812 1796 certamen,
838 1744 950 1799 quis
983 1725 1109 1779 mihi
1141 1725 1424 1797 plurimum
1448 1724 1660 1796 inputet.

177 1912 276 1957 Quae
295 1906 440 1962 castra]
464 1906 567 1950 Eud.
589 1911 687 1958 Qua·
703 1910 745 1949 in
764 1906 917 1949 castris.

179 1963 347 2011 Vatinii,
364 1972 402 2003 et
427 1966 533 2011 Elii,
560 1972 597 2003 et
623 1965 712 2015 alii]
741 1965 922 2014 Vulgatis
949 1959 996 2001 11-

122 2017 204 2056 bris
220 2025 373 2066 erat,-et
384 2019 505 2068 Egii,
523 2021 590 2068 qui
606 2020 701 2057 mihi
719 2020 876 2068 quidem
893 2019 999 2056 inter

119 2073 360 2122 potentiores
379 2073 539 2111 libertos
557 2074 752 2123 irreperti.
782 2074 840 2111 At
862 2073 997 2112 Elium

120 2127 278 2165 invenio
302 2128 438 2178 (Dioni
467 2131 535 2174 63,
563 2134 625 2166 12.
654 2132 722 2174 64,
745 2135 784 2166 ὅ.
811 2127 999 2166 scribitur

110 2179 255 2231 “HM-5)
275 2181 343 2230 qui
362 2190 528 2230 maguus
552 2183 658 2231 apud
680 2182 893 2228 Neronem,
910 2181 998 2231 qui-

117 2246 215 2285 que,
238 2234 410 2273 abeunte
443 2247 490 2273 eo
519 2235 560 2272 in
597 2236 786 2273 Graeciam
819 2235 998 2275 cantilla·-

118 2294 221 2335 tum,
240 2290 447 2328 Praefectus
464 2291 609 2327 mansit
629 2290 718 2327 urbi
734 2292 881 2329 anae.
926 2291 999 2328 Est

119 2343 154 2379 is
181 2345 280 2394 ipse,
308 2344 355 2380 de
383 2356 461 2393 quo
485 2344 646 2383 Tacitus
671 2350 734 2390 13,
757 2350 792 2382 1.
820 2345 871 2382 P.
891 2346 1000 2382 Celer

120 2390 255 2447 Eques
284 2398 486 2436 Romanus
515 2405 551 2436 et
583 2397 705 2436 Elius
733 2395 906 2444 libertus,
942 2400 1000 2435 rei

108 2451 318 2499 familiari
349 2449 552 2502 Principis
590 2453 635 2490 in
665 2454 768 2490 Asia
812 2453 997 2503 impositi.

122 2505 240 2546 Quod
267 2505 460 2554 sequitur,
493 2512 531 2544 et
562 2507 639 2544 alii
650 2520 663 2543 .-
690 2506 914 2551 videndum,
949 2518 999 2543 ne

120 2560 351 2608 superfluat,
377 2565 592 2609 natumque
626 2560 679 2598 sit
705 2573 754 2598 ex
778 2561 999 2598 haesitantia

119 2610 288 2659 librarii,
310 2621 351 2650 et
366 2614 568 2652 adfinitate
586 2615 688 2653 vocis
706 2615 860 2664 prioris.
888 2617 999 2653 Lu’s.

122 2667 411 2714 Conjiciebam:
440 2675 476 2705 et
492 2668 583 2717 jam
595 2670 690 2717 plus
703 2670 836 2719 rapuit
856 2670 998 2716 Icelus,

117 2733 238 2771 quam
253 2721 446 2771 Polycleti
472 2729 509 2759 et
530 2723 685 2759 Vatinii
706 2729 743 2760 et
760 2723 853 2760 Elii
873 2730 910 2761 et
929 2723 998 2760 Ti-

117 2775 264 2823 gellini
289 2781 541 2824 paraverunt.
570 2777 708 2814 GRoN.
762 2777 931 2824 Ryckius
960 2783 998 2814 et

118 2828 265 2866 Haloti
290 2841 338 2865 ex
374 2833 438 2876 12,
464 2832 532 2867 66.
570 2830 677 2868 Suet.
697 2829 810 2867 Galb.
842 2835 904 2867 15.
935 2829 998 2880 (Id

117 2881 270 2931 recepit
286 2880 414 2933 Brot.)
434 2884 519 2920 Jac.
537 2883 657 2920 Gron.
674 2895 723 2921 ex
740 2890 776 2920 et
795 2886 877 2932 oegi
896 2884 997 2932 quod

120 2940 183 2974 cst
214 2938 258 2973 in
290 2936 396 2974 Flor.
427 2936 559 2975 Guels.
592 2944 665 2974 etc.
723 2938 895 2986 Cethegi,
930 2939 999 2986 qui

118 2991 279 3030 aliunde
312 3002 392 3027 non
425 2991 509 3028 noti
545 2991 587 3027 in
622 2992 787 3028 historia
817 2992 997 3030 Neronis.

121 3043 216 3082 Mox
229 3057 277 3082 ac
292 3044 392 3082 bene
409 3055 432 3082 e
448 3045 551 3083 Flor.
571 3056 643 3094 pro
660 3051 729 3084 aut
746 3046 851 3083 Pich.
879 3046 942 3082 Sic
959 3049 999 3084 et

124 3097 184 3148 (in
200 3099 302 3136 Bud.
321 3096 378 3149 et)
398 3099 528 3137 Guelf.
545 3101 605 3137 ed.
623 3111 683 3148 pr.
727 3099 834 3136 Idem
861 3100 999 3136 deinde

121 3152 211 3189 dedi
241 3153 495 3199 adversantes,
522 3165 594 3203 pro
621 3153 728 3202 vulg.
759 3166 882 3191 avers.
911 3165 999 3191 cum

124 3205 248 3256 (Mur.
266 3204 321 3256 et)
341 3207 522 3245 Pichena.
543 3208 590 3244 de
607 3218 684 3256 quo
702 3219 821 3257 supra
833 3208 999 3245 vidimus

122 3262 172 3298 ad
200 3273 235 3298 c.
276 3266 310 3297 1.
364 3262 412 3298 In
455 3262 618 3298 delendo
657 3262 760 3312 quod
798 3263 1000 3300 consentio

125 3313 318 3364 (Acidalio
363 3313 419 3366 et)
467 3315 677 3357 GronoviO.
721 3316 830 3354 ERN.
895 3316 999 3355 Bud.

124 3368 379 3406 adversantes.

176 3421 259 3459 Nec
291 3434 371 3459 una
401 3423 531 3460 cohors
557 3421 715 3474 togata]
759 3423 894 3464 Quare
921 3423 1001 3462 To·

123 3473 247 3524 gata?
291 3476 503 3515 etsatisne
537 3488 584 3513 ea
614 3489 689 3514 vox
723 3477 847 3514 sana?
893 3488 1000 3515 sana.

123 3527 309 3575 Appellat
328 3530 432 3567 enim
449 3530 520 3575 ita,
538 3531 648 3568 velut
665 3531 822 3568 elevans
838 3535 879 3569 et
895 3532 1006 3568 infir·

126 3590 254 3632 maus,
284 3584 378 3634 quia
405 3585 539 3636 moris,
566 3590 615 3624 ut
642 3584 711 3625 ina
736 3585 888 3634 cohors,
919 3598 1005 3637 qua

1738 1723 1930 1777 Nullus

1049 1915 1155 1946 more
1173 1902 1323 1949 militiae
1340 1904 1572 1957 excubabat,
1600 1904 1769 1959 idipsum
1785 1904 1930 1947 faceret

1049 1964 1134 2000 sine
1178 1967 1310 2012 armis,
1344 1966 1484 2014 gladiis
1518 1969 1675 2003 tantum
1708 1964 1930 2012 lanceisque

1049 2022 1248 2057 contenta.
1302 2021 1503 2068 Itaqueet
1524 2019 1626 2067 togis
1654 2019 1782 2056 induti
1801 2023 1930 2063 erant,

1049 2084 1130 2110 non
1147 2074 1263 2122 sagis.
1316 2074 1520 2111 Modestiae
1535 2085 1673 2111 caussa
1699 2073 1929 2122 institutum

1051 2126 1090 2163 id
1107 2127 1285 2171 videtur:
1316 2132 1356 2165 et
1385 2139 1433 2164 ne
1461 2128 1568 2165 Mars
1594 2127 1723 2178 palam
1752 2126 1930 2164 habitare

1050 2181 1247 2218 videretur
1284 2181 1326 2218 in
1366 2188 1439 2219 sua
1472 2181 1599 2219 urbe.-
1640 2182 1732 2220 Huc
1763 2185 1931 2231 spectat,

1050 2236 1152 2284 quod
1177 2236 1282 2272 infra
1310 2236 1422 2284 legis,
1450 2243 1627 2285 apertum
1644 2237 1688 2273 in
1709 2237 1848 2273 castris
1865 2241 1932 2272 ai·-

1049 2292 1348 2327 mamentarium
1360 2291 1506 2339 juisse,
1534 2297 1652 2340 rapta
1681 2302 1806 2327 arma.
1834 2301 1932 2338 quo·

1051 2354 1138 2381 rum
1164 2343 1314 2381 scilicet
1329 2356 1526 2381 armorum
1551 2354 1631 2382 non
1656 2344 1704 2380 iis
1722 2344 1840 2391 vulgo
1862 2344 1929 2390 jus

1051 2402 1121 2434 aut
1162 2404 1271 2444 usus,
1305 2399 1381 2435 nisi
1414 2398 1604 2436 Tribunis
1640 2401 1712 2435 aut
1745 2397 1931 2435 Pr‘oefecto

1051 2453 1315 2500 permittente.
1354 2453 1445 2489 Ideo
1464 2453 1506 2489 in
1533 2451 1712 2490 Martiali
1730 2452 1777 2488 de
1804 2453 1931 2489 Fusco

1055 2505 1111 2556 (6,
1143 2503 1238 2556 76.).
1272 2507 1457 2544 Praefecto
1481 2507 1681 2544 Praetorii:
1725 2507 1802 2543 Ille
1825 2508 1932 2543 sacri

1052 2559 1187 2598 lateris
1215 2566 1340 2598 custos
1369 2562 1589 2610 lilartisque
1611 2561 1755 2609 togati,
1774 2560 1931 2597 Credita

1051 2616 1119 2651 eui
1148 2616 1291 2651 summi
1322 2622 1449 2652 castra
1472 2615 1592 2663 ficere
1618 2611 1760 2652 Ducis.
1806 2614 1931 2649 Vocat

1051 2679 1137 2704 ecce
1155 2669 1285 2716 togati
1297 2669 1446 2706 Martis
1463 2669 1660 2706 custodem
1689 2667 1739 2703 ab
1761 2668 1834 2703 hoe
1861 2668 1932 2703 ha⁴

1051 2721 1162 2758 bituz
1193 2726 1311 2771 atque
1329 2723 1424 2758 adeo
1442 2723 1483 2758 in
1510 2722 1597 2769 ipsa
1614 2721 1732 2760 Italia
1747 2723 1833 2757 tota
1857 2723 1931 2758 mi·

1051 2776 1139 2812 lites
1163 2780 1314 2824 togatos
1340 2787 1422 2812 esse
1450 2775 1575 2812 voluit
1600 2774 1658 2813 M.
1686 2775 1930 2821 Antoninus,

1051 2830 1098 2865 de
1133 2841 1210 2877 quo
1239 2829 1484 2878 Capitolinus
1511 2841 1542 2866 c.
1574 2835 1640 2870 27.
1691 2828 1773 2866 Per
1795 2830 1929 2866 Brun-

1051 2883 1197 2920 disium
1212 2885 1364 2920 veniens
1381 2885 1422 2920 in
1441 2884 1619 2930 Italiam,
1636 2889 1772 2932 togam
1786 2889 1822 2921 et
1849 2885 1930 2934 ipse

1050 2938 1228 2987 sumpsit,
1263 2943 1299 2975 et
1330 2937 1476 2975 milites
1507 2942 1662 2987 togatos
1686 2950 1771 2975 ‘esse
1790 2938 1931 2988 jussit.

1051 3003 1118 3028 nec
1135 3003 1316 3041 umquam
1332 2992 1469 3039 sagati
1482 2992 1652 3040 suerunt
1677 2991 1748 3028 sub
1764 3004 1806 3029 eo
1822 2993 1932 3029 miti-

1052 3050 1119 3082 tes.
1173 3043 1270 3082 Haec
1295 3049 1429 3082 tamen
1456 3045 1503 3082 de
1533 3046 1627 3093 ipsis
1653 3046 1848 3083 Praetoriis
1866 3058 1930 3083 co·-

1053 3098 1233 3135 hortibus
1248 3102 1405 3136 tantum
1423 3100 1584 3147 accipio,
1603 3111 1688 3148 quoe
1705 3110 1728 3136 e
1752 3099 1901 3136 civibus
1916 3115 1929 3135 ι

1053 3153 1101 3189 de
1117 3152 1279 3190 Batavis
1297 3153 1579 3202 Germanisque
1596 3152 1838 3200 custodibus,
1856 3155 1930 3191 sci-

1053 3218 1140 3244 mus
1173 3207 1288 3244 aliter
1318 3206 1453 3244 fuisse.
1489 3209 1602 3246 prs.
1657 3209 1839 3245 ceterum
1873 3208 1931 3245 lc-

1052 3261 1223 3309 gendum
1245 3261 1401 3299 videtur
1424 3273 1493 3298 nec
1520 3263 1594 3300 illa
1621 3261 1752 3299 cohors
1767 3268 1928 3310 togata.-

1054 3315 1130 3352 nisi
1146 3315 1348 3363 vulgatum
1376 3315 1523 3352 dictum
1550 3320 1734 3366 putemus
1760 3315 1930 3364 abrupta

1053 3367 1261 3416 brevitate,
1289 3381 1375 3418 pro,
1406 3380 1485 3406 nec.
1508 3369 1578 3407 illa
1604 3370 1755 3415 cohors,
1782 3381 1866 3418 quae
1888 3373 1929 3405 et

1053 3434 1134 3461 una
1157 3427 1198 3459 et
1222 3427 1358 3473 togata
1375 3428 1458 3460 est:
1487 3423 1590 3472 quod
1617 3434 1701 3462 uon
1726 3424 1928 3471 praefracte

1054 3487 1208 3526 negem.
1240 3479 1307 3516 sed
1341 3476 1437 3514 iilud
1467 3476 1625 3515 mollius
1658 3481 1699 3513 et
1731 3477 1930 3514 usitatius.

1054 3529 1164 3571 Ean.

1113 3584 1213 3629 Quis
1228 3582 1328 3624 milti
1337 3583 1555 3635 plurimum
1571 3582 1748 3635 imputet]
1767 3582 1930 3624 Dictum

1075 3643 1224 3691 ·n4
