2190 3880
686 168 689 170 ’
763 159 999 214 1213.ae
1055 163 1225 214 cAP.
1260 167 1339 214 36.
1855 162 1921 218 87

111 292 244 349 aella
266 291 549 348 levaretur.
624 290 858 347 Obvius
874 291 931 343 in
965 290 1167 362 palatio
1193 289 1372 346 Julius
1398 290 1634 356 AtticuS,
1675 289 1981 362 specula-A.
2000 304 2054 345 U.

114 377 219 431 tor,
244 376 526 418 cruentum
557 362 804 434 gladium
841 373 1139 428 ostentans,
1166 382 1377 415 occzsum
1400 381 1431 413 α
1455 380 1504 413 se
1534 360 1795 428 Othonem,
1821 381 1916 415 ex·
1948 363 2041 399 333·

111 435 400 489 clamavit:
440 447 495 488 et
536 435 731 499 Galba,
773 434 1081 499 CommilitO,
1122 435 1319 505 inquit,
1346 434 1457 506 quis
1474 431 1679 505 jussit?
1716 415 2054 515 insigniAfflc

112 508 300 560 animo
329 508 397 561 ad
421 507 772 561 coemendam
811 506 1096 558 militarem
1135 505 1428 570 licentiam,
1467 505 1799 557 minantibus
1838 525 1918 557 m-

115 579 377 660 trepidus,
416 580 669 632 adversus
709 577 1044 630 blandientes
1085 578 1459 648 inconr.uptus
1533 576 1703 629 Haud
1738 576 1917 628 dubiae
1935 562 2006 628 36

109 668 229 721 Jam
272 650 326 702 in
367 651 556 703 eastris
599 651 844 702 omnium
882 661 1125 702 mentes:
1169 660 1455 719 tantusque
1493 650 1669 713 ardor,
1709 658 1772 699 ut
1813 666 1923 699 non

46 733 50 737 '
118 722 363 775 contenti
393 723 611 793 agmine
636 731 690 772 et
727 722 1065 791 corporibuS,
1109 721 1166 773 in
1207 740 1307 792 sug
1312 733 1486 791 gestu,
1525 721 1579 772 in
1592 738 1716 802 ‘quo
1739 719 1924 789 paullo

117 805 244 846 ante
268 811 429 846 aurea
455 793 646 845 Galbae
675 803 851 844 statua
884 792 1081 857 fuerat,
1119 793 1356 845 medium
1386 793 1526 844 inter
1562 792 1719 862 signa
1746 790 1926 843 Otho-

115 882 242 918 nem
272 863 482 917 vexillis
520 864 933 917 circumdarent.
1010 864 1128 916 Nec
1154 863 1408 916 Tribunis
1442 875 1543 915 aut
1574 862 1926 915 Centurioni-

116 936 219 990 bus
246 935 478 989 adeundi
502 935 684 989 locus:
724 936 1002 1007 gregarius
1029 935 1182 987 miles
1209 935 1386 988 caveri
1411 935 1633 1005 insuper
1660 935 1923 1005 praeposi-

111 1018 201 1060 tos
219 1007 469 1077 jubebat.
541 1007 791 1077 Strepere
819 1019 1017 1060 cuncta
1037 1008 1362 1059 elamoribus
1382 1019 1444 1058 et
1471 1007 1706 1060 tumultu
1732 1021 1788 1058 et
1825 1024 1926 1057 ex-

112 1077 428 1131 hortatione
453 1089 659 1143 mutua,
684 1096 795 1130 non
821 1089 1097 1148 tamquam
1135 1076 1190 1130 in
1227 1078 1431 1150 populo
1458 1097 1521 1132 ac
1559 1078 1734 1150 plebe,
1763 1077 1923 1129 variis

114 1151 272 1221 segni
295 1150 603 1203 adulatione
631 1150 874 1215 vocibuS,
911 1150 1022 1215 sed,
1051 1161 1110 1202 ut
1134 1166 1402 1220 quemque
1432 1151 1796 1202 adfluentium
1821 1150 1925 1201 mi-

111 1220 276 1277 litum
303 1221 681 1302 adspexerant,
706 1239 958 1292 prensare
984 1223 1252 1288 manibuS,
1275 1222 1563 1293 complecti
1590 1222 1780 1286 armiS,
1792 1239 1949 1272 con--

117 1292 296 1345 locare
313 1293 496 1363 Juxta,
564 1293 716 1344 raeire
741 1305 1154 1358 sacramentum,
1177 1294 1340 1346 modo
1367 1293 1754 1364 Imperatorem
1781 1292 1923 1344 mili-

116 1364 282 1430 tibus,
320 1311 595 1416 inodofm
545 1364 833 1435 inperatori
877 1365 1075 1417 milites
1111 1366 1507 1417 commendare.
1581 1364 1700 1416 Nee
1740 1364 1925 1416 deerat

120 1435 291 1517 Otho,
319 1435 643 1506 protendens
672 1454 880 1500 manuS‚
908 1436 1129 1488 adorare
1156 1438 1397 1508 vulgum,
1426 1437 1613 1518 jacere
1642 1436 1841 1499 oscula,
1869 1449 1925 1486 et

115 1507 300 1559 omnia
326 1507 587 1559 serviliter
615 1525 712 1577 pro
738 1508 1127 1561 dominatione.
1187 1478 1485 1578 Postquam
1514 1509 1762 1560 universa
1789 1508 1850 1559 cl·
1841 1527 1925 1559 is-

113 1578 348 1632 sicorum
374 1578 517 1650 legio
545 1591 937 1632 sacramentum
964 1579 1081 1650 ejus
1113 1580 1356 1652 accepit,
1397 1580 1566 1632 fidens
1595 1579 1820 1646 viribuS,
1847 1591 1922 1644 et,

111 1757 266 1796 faerno
280 1756 462 1807 placebat
479 1755 536 1808 (et
551 1754 734 1807 Heinsio)
751 1769 761 1793 τ
789 1757 906 1806 idque
923 1768 989 1795 ve·
1037 1757 1231 1806 tandum3
1258 1757 1414 1804 vellem,
1439 1758 1621 1808 amplecti
1646 1759 1780 1796 armis.
1810 1759 1923 1798 Ln’s.

113 1824 203 1849 rum
222 1815 331 1861 puto.
389 1813 519 1848 Prima
545 1811 692 1860 syllaba
718 1811 904 1861 absorpta.
929 1816 989 1850 est
1037 1812 1256 1862 Vulgatum
1286 1817 1345 1850 est
1372 1814 1414 1850 in
1443 1812 1556 1850 libris
1587 1824 1661 1851 scr.
1682 1812 1802 1864 (mor.
1820 1813 1924 1851 Bud.

111 1878 139 1903 a
175 1866 284 1903 finali
318 1866 568 1914 praecedentis
600 1865 723 1913 verbi,
765 1869 811 1903 ut
841 1867 988 1905 centies
1041 1866 1158 1917 Agr.)
1179 1871 1221 1905 et
1237 1867 1322 1906 edd.
1341 1867 1511 1916 Ryckius
1524 1871 1563 1904 et
1579 1866 1924 1905 Schurzfleischius

112 1920 211 1956 alibi
227 1921 270 1957 in
288 1920 398 1958 MSS.
428 1921 614 1957 [resistens
631 1921 714 1958 MS.
734 1921 832 1970 Agr.
845 1921 911 1959 ed.
927 1933 988 1970 pr.
1042 1921 1319 1972 intelligebant
1374 1934 1518 1968 armos,
1578 1921 1753 1960 brachia.
1807 1922 1925 1960 male.

114 1974 212 2011 Mox
228 1975 475 2020 exclamavit,
504 1975 606 2022 quod
626 1986 646 2010 e
665 1975 769 2012 Flor.
794 1975 901 2013 dedit
926 1976 990 2013 Pi·
1039 1975 1231 2014 Schurzfl.
1259 1977 1330 2013 hie
1365 1978 1485 2013 etiam
1528 1980 1730 2024 comparat
1775 1977 1926 2014 frustra

111 2028 250 2074 ebena,
269 2028 388 2065 etiam
400 2028 530 2066 Guelf.
549 2027 680 2080 (Eud.)
701 2030 760 2067 ed.
776 2041 834 2078 pr.
852 2033 989 2067 ceterae
1042 2029 1181 2078 Virgil.
1201 2031 1293 2068 AEn.
1316 2035 1379 2076 11,
1398 2034 1492 2069 641.
1538 2030 1662 2068 Immo
1678 2042 1788 2068 arma
1806 2031 1928 2068 intel-

112 2083 299 2120 clamavit
311 2097 323 2119 .-
353 2083 447 2119 item
465 2084 729 2130 coercendam,
749 2084 851 2132 quod
868 2084 989 2121 edidit

112 2136 243 2174 Rhea.
263 2135 301 2187 (e
317 2135 439 2187 Bud.)
470 2141 558 2186 post
585 2139 674 2174 Put.
698 2142 741 2175 at
761 2138 857 2175 Ber.
887 2150 989 2176 coer-

113 2190 288 2238 cendum,
320 2190 424 2239 quod
469 2192 603 2240 ipsum·
643 2203 796 2241 quoque
838 2197 990 2230 rectum

113 2255 212 2290 esse,
228 2245 342 2281 hodie
361 2246 455 2282 satis
477 2250 642 2284 constat.
670 2246 779 2285 ERN.
835 2247 991 2285 Rhena-

113 2309 210 2336 num
227 2298 328 2336 male
346 2301 451 2348 cepit
468 2300 638 2348 Lipsius.
656 2301 760 2338 Bu'd.
792 2301 850 2338 ita
871 2300 992 2338 habet

112 2353 285 2390 irruenti
290 2354 412 2391 tmboe
423 2366 541 2404 neque
551 2367 703 2403 corpore
713 2356 866 2401 sistens,
875 2357 991 2393 omis-

113 2406 167 2443 sis
183 2419 301 2456 neque
318 2414 442 2445 oetate.
498 2410 592 2447 Inde
610 2410 738 2446 Rhen.
756 2409 916 2458 conjicit
935 2410 990 2446 le·

112 2461 283 2509 gendum
300 2463 474 2499 *irruente
489 2463 602 2500 turba
614 2479 629 2504 ,·
660 2464 702 2500 in
717 2467 832 2500 textu
855 2468 991 2502 tamen

110 2514 316 2563 vulgatum
345 2519 487 2554 servat.
535 2517 637 2555 Mox
663 2530 704 2555 se
727 2519 866 2556 sistem-
892 2519 987 2568 Bip.

114 2568 294 2608 mallent.

164 2623 302 2660 Aurea
318 2623 448 2661 G'alboe
458 2624 606 2675 statua]
627 2626 806 2674 Apparet
820 2625 876 2663 ita
888 2630 989 2663 tunc

108 2679 317 2724 receptum
345 2676 387 2714 in
415 2680 566 2725 castris,
590 2680 641 2718 A.
663 2684 730 2725 ·15‚
751 2686 816 2719 29.
855 2681 990 2718 Aledio

111 2730 289 2768 tribunal
308 2731 434 2768 sedem
459 2735 630 2770 curulem
645 2740 681 2771 et
695 2735 800 2772 sedes
826 2734 991 2784 effigiem

115 2784 286 2822 Neronis
302 2787 527 2823 sustinebat.
559 2789 669 2824 ers.

166 2838 376 2888 Prensare]
399 2840 461 2876 Sic
488 2841 662 2878 dedimus
684 2853 755 2890 pro
768 2841 876 2891 vulg.
897 2853 987 2891 pre-

114 2891 273 2930 hensoere
284 2907 296 2929 .·
325 2894 418 2941 quia
433 2894 594 2931 Tacitus
611 2895 666 2931 sic
683 2907 849 2944 semper,
868 2896 902 2932 si
913 2895 990 2932 bo·

113 2947 176 2984 nis
202 2946 316 2984 libris
335 2947 439 2986 fides.
467 2948 552 2986 MS.
582 2949 686 2986 Flor.
719 2948 775 2998 (et
793 2947 908 3000 Agr.)
929 2950 988 2987 ed.

112 3011 174 3050 pr.
202 3012 379 3051 pressare
412 3005 460 3039 ut
493 3007 556 3048 14,
591 3007 652 3039 10.
690 3002 760 3040 ubi
793 3005 868 3040 vid.
902 3004 989 3041 Jac.

106 3056 237 3092 Gron.
267 3056 335 3104 qui
363 3056 412 3093 ad
429 3068 463 3095 c.
492 3059 558 3094 66.
584 3060 670 3093 tam
692 3057 836 3094 acriter
857 3059 990 3094 defen-

113 3108 187 3155 dit,
203 3109 385 3146 Tacitum
400 3110 547 3159 ubique
571 3111 768 3159 scripsisse
791 3123 989 3161 prensare,

112 3166 246 3200 tamen
275 3164 337 3200 hic
370 3164 477 3201 illam
510 3176 620 3202 suam
655 3166 847 3203 rationem
880 3166 988 3202 dese-

105 3217 208 3254 ·ruit.
236 3218 302 3254 sed
329 3218 483 3255 videtur
501 3230 582 3256 esse
610 3219 750 3257 vitium
768 3231 989 3268 operarum,

113 3280 206 3307 nam
222 3270 251 3308 1.
274 3278 307 3309 c'.
324 3273 442 3308 etiam
471 3274 575 3309 hunc
604 3274 730 3310 locum
758 3274 887 3320 affert,
918 3273 988 3311 ubi

109 3335 296 3373 prensare
339 3327 585 3364 scribendum
619 3324 682 3365 sit.
723 3329 829 3367 ERN.
882 3328 985 3365 Bud.

108 3389 306 3426 prensare.

175 3429 381 3482 Complecti
407 3433 542 3485 armis]
576 3435 758 3472 Muretus
777 3435 908 3482 vellet,
926 3447 990 3472 ar·

115 3484 232 3522 etius.
263 3485 375 3528 Non
392 3489 595 3536 equidem·
625 3493 665 3525 et
689 3489 870 3527 militaris
886 3489 991 3527 salu-

115 3539 216 3574 tatio
234 3538 324 3584 fuit,
343 3544 383 3577 et
410 3542 525 3579 affusi
554 3546 646 3579 sunt
673 3554 762 3580 cum
786 3544 926 3591 gladiis
950 3548 991 3580 et

115 3592 251 3651 scutis,
278 3597 396 3644 atque
425 3595 472 3634 iis
500 3594 688 3647 amplexi.
743 3597 878 3646 Siquid
896 3608 991 3639 mu-

1041 2083 1212 2132 ligenda,
1241 2085 1268 2123 i.
1285 2097 1320 2122 e.
1350 2089 1521 2131 scutum,
1540 2096 1618 2133 quo
1648 2085 1690 2121 in
1717 2085 1925 2134 complexu

1035 2139 1190 2176 arctius
1222 2140 1451 2176 admovetur
1479 2141 1625 2188 pectori
1656 2140 1816 2176 amicus.
1871 2141 1923 2178 Et

1043 2196 1137 2230 sunt
1167 2193 1267 2232 tales
1299 2194 1505 2243 amplexus
1540 2194 1646 2242 apud
1690 2194 1923 2232 Homerum.

1044 2247 1238 2364 Effe-cere
1282 2301 1430 2353 oscula]
1491 2299 1702 2351 Φιλῆματα
1753 2299 1923 2350 πέμπειν.

1045 2355 1357 2448 Xlg'lllciissicorum
1375 2408 1495 2460 legio]
1515 2410 1613 2446 Haec
1630 2412 1690 2446 est
1704 2409 1821 2446 lectio
1835 2410 1921 2447 MS.

1037 2464 1146 2502 -Flon
1158 2464 1262 2501 Bud.
1282 2465 1379 2512 Agr.
1399 2465 1458 2500 ed.
1481 2476 1540 2512 pr.
1557 2476 1674 2512 quam
1691 2463 1791 2500 bene
1808 2463 1923 2500 resti-

1042 2519 1123 2555 tuit
1147 2519 1187 2555 J.
1216 2520 1338 2556 Gron.
1368 2519 1526 2556 Falsum
1555 2522 1692 2555 tamen
1715 2522 1790 2563 est,
1820 2517 1923 2566 quod

1043 2574 1333 2610 classiariorum
1350 2576 1466 2621 putat
1483 2584 1565 2609 esse
1587 2572 1637 2609 ab
1659 2573 1817 2620 ingenio
1843 2572 1922 2608 Be·

1042 2626 1179 2663 roaldi.
1231 2626 1332 2663 Nam
1361 2627 1415 2663 sic
1433 2627 1518 2664 MS.
1540 2626 1670 2664 Guelf.
1694 2627 1752 2663 ed.
1771 2625 1923 2663 Puteol.

1045 2693 1092 2717 ex
1111 2692 1188 2731 qua
1204 2681 1353 2728 accepit
1368 2680 1597 2718 Beroaldus.
1636 2681 1773 2728 Neque
1791 2680 1922 2727 credo,

1045 2747 1123 2771 non
1146 2738 1191 2772 ‘et
1218 2736 1509 2772 classiariorum
1533 2735 1725 2782 legionem
1753 2734 1830 2771 dici
1857 2738 1924 2770 eo-

1045 2789 1134 2825 demv
1158 2799 1274 2825 sensu
1297 2793 1424 2836 po'sse,
1453 2791 1493 2824 et
1519 2799 1599 2824 non
1628 2788 1810 2825 classicos
1838 2799 1923 2826 eos-

1042 2843 1128 2878 dem
1146 2843 1368 2879 classiarios
1384 2842 1527 2888 vocari,
1543 2845 1590 2878 ut
1609 2842 1695 2878 vult
1707 2841 1920 2879 Fabrettus

1041 2897 1090 2932 ad
1119 2896 1300 2933 Column.
1332 2895 1447 2944 Traj.
1476 2907 1508 2932 c.
1538 2901 1577 2933 3.
1607 2907 1647 2944 p.
1675 2899 1741 2936 69.
1773 2907 1920 2945 negans

1043 2951 1160 2987 etiam
1177 2962 1217 3000 p.
1234 2955 1296 2987 84.
1314 2948 1485 2998 legiones
1502 2949 1680 2987 classicas
1694 2951 1921 2988 classim-ias

1042 3004 1116 3042 dici
1145 3016 1255 3052 posse
1280 3016 1327 3042 ex
1345 3004 1384 3041 h.
1402 3004 1431 3042 1.
1449 3003 1592 3052 Taciti,
1610 3015 1698 3041 cum
1713 3005 1848 3050 Lazio,
1878 3008 1919 3041 et

1042 3060 1332 3096 classiariorum
1372 3059 1559 3106 legionem
1591 3058 1721 3096 vocari
1755 3062 1917 3108 putans,

1042 3112 1145 3160 quod
1163 3123 1209 3148 ea
1226 3111 1328 3161 legio
1354 3113 1491 3159 fuerit,
1517 3123 1634 3162 quam
1662 3123 1684 3148 e
1709 3112 1918 3150 classiariis

1043 3167 1150 3203 Nero
1182 3167 1475 3217 conscripserat.
1526 3166 1629 3203 Nam
1665 3166 1739 3204 etsi
1780 3178 1919 3205 verum

1043 3225 1118 3266 est,
1135 3220 1355 3258 classiarios
1371 3220 1535 3257 subinde
1554 3219 1721 3269 intelligi
1737 3222 1916 3269 remiges,

1043 3277 1083 3310 et
1109 3274 1296 3323 distingui
1323 3285 1348 3311 a
1375 3275 1487 3311 sociis
1513 3274 1733 3320 navalibus,
1750 3275 1822 3311 hoc
1843 3278 1916 3318 est,

1041 3327 1237 3366 militibus
1274 3327 1433 3365 classem
1476 3329 1832 3378 propugnantibus,
1875 3333 1916 3364 et

1035 3381 1187 3420 ‘benum
1204 3384 1302 3419 mari
1316 3381 1559 3430 gerentibus,
1577 3386 1711 3420 tamen
1727 3384 1828 3419 idem
1846 3393 1916 3418 no·-

1042 3448 1133 3473 men
1173 3435 1291 3474 etiam
1324 3435 1370 3472 de
1405 3436 1596 3473 militibus
1631 3437 1721 3480 dici,
1755 3436 1913 3472 minime

1041 3490 1235 3539 ambiguis
1267 3490 1453 3538 exemplis
1487 3490 1613 3526 doceri
1651 3494 1794 3540 potest,
1829 3499 1914 3537 quae

1043 3545 1161 3583 etiam
1180 3545 1223 3580 in
1250 3544 1383 3580 lexicis
1411 3543 1670 3589 exliibentur3
1701 3542 1817 3586 unde,
1845 3542 1915 3589 qui

1044 3598 1086 3636 in
1112 3597 1285 3645 antiquis
1309 3596 1556 3638 monimentis
1581 3597 1757 3636 Centurio
1782 3597 1914 3634 classi-

1109 3657 1206 3702 1³3
