2190 3880
321 150 419 197 soe
919 142 1541 196 HISTORIARUM

194 271 432 329 A.o.bus
485 268 838 341 temperabat,
879 268 1182 328 inmodicus
1226 269 1431 341 lingua,
1474 283 1531 324 et
1580 270 1827 340 obsequii
1875 269 2128 322 insolens.

213 345 305 410 8233
332 340 536 392 litteras
581 341 646 392 ad
699 340 1088 410 Vespasianum
1135 341 1464 410 composuit,
1509 341 1810 409 jactantius
1851 357 2014 410 quam
2046 340 2150 396 ad.

204 395 319 491 ‘⁸50⁶'
338 410 668 480 Principem,
694 428 794 463 nec
823 411 938 462 sine
964 409 1180 463 occulta
1208 412 1262 461 in
1300 409 1622 462 Mucianum
1658 411 2044 463 insectatione:
2081 426 2132 462 se

289 475 300 487 ⁶
335 479 669 533 Pannonicas
693 479 908 550 legiones
937 481 992 531 in
1025 498 1171 531 arma
1198 480 1349 548 egisse
1369 500 1385 530 :
1420 480 1523 531 sais
1544 479 1760 531 stimulis
1783 481 1964 535 excitos
1985 479 2128 533 Μιε-

326 551 412 603 siae
431 549 631 603 Duces.-
667 568 759 601 sua
783 549 1067 601 constantia
1077 557 1348 616 perruptas
1369 547 1544 619 Alpes,
1568 559 1862 619 occupatam
1891 549 2130 610 Italiam,

326 621 595 690 intersepta
622 618 999 671 Germanorum
1027 617 1425 687 Rhaztorumque
1451 618 1669 671 auxilia.
1690 622 1693 628 ’
1711 617 1865 673 Quod
1886 618 2133 672 discordes

326 691 672 760 dispersasque
700 686 899 740 Vitellii
923 689 968 741 le
1004 688 1138 746 iones
1160 688 1376 757 equestri
1390 688 1638 757 procella,
1663 707 1777 741 mox
1805 689 2035 758 peditum
2059 688 2132 751 vi,

317 780 416 832 per
448 759 579 811 diem
614 767 922 829 noctemque,
930 706 1188 879 fudisset,
1229 758 1286 809 id
1321 758 1716 827 pulcherrimum
1753 766 1800 810 et
1836 759 1915 812 sui
1937 759 2130 827 operis.

332 830 520 884 Casum
571 828 829 881 Cremonae
875 827 1000 879 belo
1036 827 1392 897 inputandam.
1429 830 1622 899 majore
1656 829 1859 891 damno,
1897 828 2130 899 plurium

325 901 531 961 urbium
566 897 796 964 excidiis,
821 906 1003 951 veteres
1037 898 1227 950 civium
1261 897 1540 952 discordias
1578 899 1894 968 Reipublicae
1928 898 2129 951 stetisse.

330 969 454 1022 Non
477 987 524 1021 se
549 969 760 1034 mcntiis,
784 987 940 1039 neque
975 967 1208 1038 epistolis,
1235 968 1322 1020 sed
1354 986 1511 1020 manu
1551 978 1598 1021 et
1638 970 1792 1021 armis
1825 968 2132 1039 Imperatori

323 1059 413 1092 suo
448 1039 688 1092 militare.
726 1057 882 1108 neque
916 1037 1105 1106 officere
1138 1037 1318 1108 gloria:
1355 1056 1543 1101 eorum,
1582 1039 1670 1109 qui
1709 1039 1892 1092 Asiam
1926 1039 2129 1092 interim

324 1109 704 1179 composuerint.
743 1109 849 1161 illis
885 1108 1086 1161 Maesiae
1112 1126 1310 1177 pacem,
1333 1107 1432 1160 sibi
1466 1108 1678 1161 salutem
1721 1110 2130 1178 securitatemque

326 1180 366 1234 I
365 1181 521 1245 taliae,
561 1180 702 1232 cordi
710 1178 898 1250 fuisse.
975 1177 1094 1230 Suis
1125 1178 1555 1231 exhortationibus
1582 1177 1790 1232 Gallias
1818 1178 2130 1250 Hispanias-

325 1270 438 1321 que,
463 1250 827 1303 validissimam
851 1258 1103 1302 terrarum
1122 1257 1342 1317 partem,
1367 1249 1438 1300 ad
1466 1247 1826 1318 Vespasianum
1851 1267 2127 1303 conversas.

327 1322 431 1374 Sed
454 1320 681 1373 cecidisse
698 1321 754 1372 in
777 1320 991 1372 inritum
1017 1318 1231 1382 laboreS,
1255 1320 1301 1371 si
1318 1320 1534 1388 praemia
1549 1319 1894 1389 periculorum
1913 1319 2009 1373 soli
2033 1319 2129 1373 ad-

321 1401 613 1462 sequantur,
639 1391 727 1461 qui
745 1389 986 1460 periculis
1004 1406 1106 1442 uon
1131 1387 1408 1460 adfuerint.
1451 1391 1570 1442 Nec
1598 1390 1834 1443 fefellere
1859 1408 1922 1443 ea
1946 1389 2154 1445 Muci-.

323 1480 507 1514 anum.
555 1463 680 1514 inde
720 1478 908 1529 graves
946 1459 1284 1512 simultates:
1329 1478 1462 1529 quas
1500 1460 1776 1513 Antonius
1813 1460 2130 1532 simplicius,

325 1531 624 1584 Mucianus
652 1532 862 1596 callide,
887 1548 1061 1600 eoque
1090 1529 1468 1600 inplacabilius
1497 1531 1791 1592 nutriebat.

241 1607 310 1655 54
395 1603 472 1654 At
524 1602 793 1667 VitelliuS,
847 1602 1034 1653 fractis
1097 1600 1242 1670 apud
1281 1600 1622 1653 Cremonam
1672 1603 1850 1668 rebus,
1907 1601 2130 1654 nuntios

323 1673 493 1726 cladis
534 1674 830 1737 occultanS,
858 1671 1023 1724 stulta
1060 1671 1509 1737 dissimulatione,
1536 1673 1773 1724 remedia
1808 1672 1992 1743 potius
2015 1690 2132 1724 ma-

318 1744 515 1809 lorum,
554 1761 718 1813 quam
759 1742 917 1810 mala,
950 1741 1254 1794 differebat.
1331 1742 1554 1812 Quippe
1593 1742 1875 1811 confitenti
1915 1742 2132 1805 consul-

320 1815 569 1883 tantique
607 1826 922 1884 supererant
965 1829 1086 1884 spes
1125 1812 1408 1881 viresque:
1461 1831 1586 1866 cum
1625 1831 1656 1865 e
1692 1815 1966 1867 contrario
2003 1813 2133 1866 laeta
2173 1839 2176 1842 ⁴

319 1885 504 1937 omnia
528 1884 776 1955 fingeret,
803 1883 950 1936 falsis
979 1884 1410 1953 ingravescebat.
1451 1883 1659 1936 Mirum
1687 1884 1833 1955 apud
1859 1883 2034 1955 ipsum
2063 1883 2131 1936 de

318 1955 463 2007 bello
503 1955 814 2007 silentium:
863 1953 1129 2024 prohibiti
1169 1971 1262 2023 per
1297 1954 1576 2006 civitatem
1612 1972 2131 2024 sermones2e0que

238 2056 240 2058 v
319 2025 520 2096 plureS,
547 2044 628 2089 ac,
657 2026 699 2077 si
728 2025 934 2091 liceret,
964 2042 1087 2079 vere
1117 2022 1380 2076 narraturi
1407 2045 1422 2089 3
1460 2026 1588 2093 quia
1615 2026 1957 2090 vetabantur,
1983 2036 2128 2077 atro-

320 2097 470 2147 ciora
494 2097 864 2166 vulgaverant.
933 2095 1052 2147 Nec
1082 2094 1265 2146 Duces
1292 2095 1531 2146 hostium
1560 2095 1824 2166 augendae
1853 2095 2014 2148 famae
2038 2095 2130 2148 de-

321 2179 494 2230 erant,
519 2179 709 2237 captos
738 2165 947 2217 Vitellii
984 2165 1356 2236 exploratores
1393 2166 1921 2236 circumductosque,
1949 2178 2011 2225 ut
2043 2183 2158 2230 ro·-

316 2236 454 2288 bora
487 2236 708 2288 victoris
737 2236 1008 2288 exercitus
1037 2245 1342 2300 noscerent,
1370 2236 1700 2290 remittendo
1725 2259 1738 2290 ε
1777 2255 1914 2306 quos
1941 2253 2133 2289 omnes.

318 2305 589 2371 Vitellius,
643 2318 849 2359 secreto
888 2317 1290 2376 percunctatuS,
1344 2306 1575 2359 interfici
1620 2307 1807 2378 jussit.
1881 2307 2130 2375 Notabili

316 2448 550 2488 Mucianum
576 2448 819 2486 criminando
846 2447 1032 2494 effecisse,
1052 2452 1099 2485 ut
1123 2447 1198 2484 Ve-

317 2504 523 2551 spasianus
540 2514 617 2548 res,
628 2514 652 2538 a
667 2513 708 2538 se
725 2502 882 2539 fortiter
895 2505 934 2538 et
952 2513 1041 2539 cum
1057 2513 1198 2550 magno

315 2555 492 2606 periculo
509 2560 655 2604 gestas,
681 2567 760 2592 non
787 2555 948 2603 perinde
971 2556 1198 2601 aestimaret,

316 2620 363 2646 ac
381 2609 508 2658 dignae
526 2614 668 2646 essent.
699 2610 940 2646 coaluissent
961 2609 1063 2647 foret
1083 2615 1201 2646 aucta

315 2669 453 2708 essent,
472 2663 575 2710 quod
593 2666 652 2700 est
670 2662 966 2700 alienissimum.
1011 2661 1108 2699 Mox
1126 2662 1201 2699 lin-

314 2729 402 2765 gua
419 2715 523 2753 Flor.
545 2714 679 2766 (Bud.)
704 2716 836 2753 Guelf.
856 2716 954 2764 Agr.
978 2716 1037 2752 ed.
1057 2727 1115 2763 pr.
1135 2727 1200 2752 ve-

315 2774 498 2817 teresque
516 2781 649 2806 omnes
667 2773 761 2806 ante
781 2769 959 2817 Lipsium
976 2765 1076 2817 quas‘
1090 2769 1192 2805 vidi:

316 2823 387 2871 qui
403 2824 566 2872 linguoe,
584 2823 715 2860 nescio
732 2823 852 2868 unde,
865 2822 999 2861 edidit.
1027 2822 1196 2859 Pichena

315 2876 417 2913 illud
438 2876 619 2914 reddidit.
662 2876 886 2924 Utrumque
908 2877 1102 2914 usitatum
1117 2875 1196 2913 Ta-

314 2930 410 2966 cito.
463 2930 553 2976 Sed,
572 2930 887 2978 quia‘genitisus
909 2930 1103 2978 sequitur,
1119 2930 1195 2966 lin·

311 2994 400 3030 gua
418 2982 457 3020 h.
475 2982 503 3020 1.
521 2983 676 3021 melius.
708 2983 818 3021 ERN.
859 2983 1059 3028 Pericula,
1079 2982 1196 3019 intel-

314 3033 394 3084 lige
412 3036 631 3074 exantlata.

372 3087 424 3125 Id
442 3089 746 3136 palchen-imum
762 3094 801 3127 et
817 3089 881 3126 sui
899 3086 1040 3138 operis]
1090 3088 1195 3125 Ten-

312 3143 379 3178 tor
393 3141 620 3186 rescribere,
637 3142 683 3178 id
706 3143 771 3180 sui
795 3143 930 3190 operis.
988 3143 1061 3180 Est
1089 3142 1194 3179 enim

312 3194 456 3231 fortius
476 3197 515 3230 et
534 3194 700 3231 Antonii
715 3196 847 3232 animo
869 3195 1025 3243 dignius
1041 3208 1049 3231 :
1080 3202 1121 3232 et
1139 3195 1194 3232 sic

313 3246 396 3285 uon
413 3257 494 3285 uno
522 3246 607 3283 loco
625 3251 666 3283 et
687 3247 771 3294 ipse
790 3248 953 3285 Tacitus
976 3252 1017 3285 et
1044 3249 1194 3293 Livius,

310 3299 422 3339 velut
452 3304 494 3345 2,
517 3303 555 3336 2.
581 3299 627 3337 id
654 3299 812 3349 qffi’cere,
839 3301 884 3338 id
908 3302 1055 3340 obstare
1083 3302 1195 3339 liber·

311 3354 405 3392 tati.
451 3353 546 3390 Post
568 3353 876 3390 Cremonensium
895 3353 979 3390 MS.
997 3354 1092 3403 Agr.
1115 3365 1194 3402 quo

309 3405 442 3446 tendit
458 3405 519 3443 ed.
536 3415 596 3454 pr.
633 3406 889 3443 Cremonensi.
926 3406 1036 3444 ERN.
1088 3407 1194 3446 Bud.

311 3463 355 3498 et
370 3458 479 3509 vulg.
518 3459 725 3496 Cremonae.

362 3511 518 3553 bloest'oe
527 3512 683 3564 pacem]
727 3512 894 3564 Respice
912 3512 962 3552 ad
980 3524 1013 3553 c.
1036 3515 1102 3551 46.

1307 2449 1438 2487 Falsis
1461 2448 1768 2500 ingravescebat]
1827 2449 1867 2488 Si
1895 2462 1988 2489 vera
2013 2450 2131 2490 lectio

1252 2501 1348 2548 haec,
1368 2503 1666 2551 intelligendum
1683 2505 1844 2542 malum.
1872 2503 1948 2542 Sed
1966 2505 2130 2544 fortasse

1251 2555 1460 2604 legendum
1471 2557 1802 2609 ingram-scebant,
1813 2569 1868 2595 sc.
1883 2557 2000 2598 mala.
2025 2559 2130 2598 Nam

1255 2613 1295 2646 et
1324 2610 1366 2646 in
1394 2610 1591 2659 confitenti
1618 2610 1699 2647 sint
1726 2610 1984 2659 intelligenda
2009 2614 2132 2654 mala.

1254 2660 1364 2700 Emi.
1410 2664 1514 2701 Bud.
1541 2664 1846 2712 ingravescebat,
1872 2664 1899 2702 i.
1918 2677 1953 2704 e.
1979 2677 2132 2715 preme-

1254 2715 1388 2761 batur,
1422 2716 1733 2766 deprimebatur,
1767 2721 1812 2755 ut
1854 2719 2032 2758 animum
2065 2719 2134 2757 de-

1251 2770 1461 2818 sponderet
1488 2774 1528 2806 et
1556 2771 1657 2807 vires
1686 2770 1908 2809 deficerent.
1959 2773 2024 2810 Sic
2047 2774 2129 2811 Cic.

1250 2823 1298 2859 de
1315 2834 1398 2860 sen.
1424 2828 1440 2860 1
1451 2827 1485 2861 l.
1513 2835 1673 2872 corpora
1690 2823 1973 2874 defatigatione
1988 2825 2129 2876 ing-ra-

1249 2881 1418 2914 vescant.

1309 2931 1413 2967 Vera
1430 2928 1651 2979 narraturi]
1694 2929 1756 2967 Sic
1780 2930 1866 2968 edd.
1885 2941 2018 2969 omnes
2036 2931 2128 2969 inde

1249 2993 1275 3019 a
1289 2983 1442 3020 Puteol.
1485 2983 1544 3020 At
1569 2983 1680 3021 MSS.
1709 2982 1814 3021 Flor.
1833 2982 1971 3034 (Eud.)
1991 2985 2126 3024 Guelf.

1249 3036 1309 3073 ed.
1337 3047 1398 3084 pr.
1426 3047 1521 3074 vere.
1555 3037 1594 3073 J.
1617 3037 1838 3075 Gronovius
1865 3040 1982 3085 putat
2007 3037 2128 3076 fuisse

1248 3101 1338 3126 vera
1355 3090 1591 3127 enarraturi.
1619 3090 1752 3127 Etiam
1763 3101 1848 3127 vere
1862 3101 1970 3127 narr.
1989 3095 2125 3138 putem

1249 3147 1354 3179 stare
1367 3153 1494 3190 posse,
1508 3145 1582 3179 int.
1598 3154 1683 3190 quae
1699 3142 1935 3194 acciderant.
1957 3143 2024 3180 sed
2041 3145 2127 3182 vul-

1247 3199 1386 3243 gatum
1399 3195 1552 3233 melius.
1575 3195 1630 3231 sic
1647 3206 1679 3232 c.
1695 3197 1760 3233 56.
1779 3198 1880 3234 extr.
1897 3208 1986 3234 vera
1998 3197 2127 3247 dictu·-

1245 3249 1316 3286 rt's.
1370 3249 1446 3285 Pro
1474 3249 1678 3285 narraturi
1706 3247 1790 3286 MS.
1816 3249 1916 3296 Agr.
1948 3262 2126 3299 narrare,

1248 3300 1309 3338 ed.
1323 3311 1386 3349 pr.
1399 3302 1594 3346 narranti,
1609 3304 1822 3350 utrumque
1834 3301 1986 3339 vitiose.
2015 3304 2126 3343 ERN.

1246 3353 1350 3390 Bud.
1372 3360 1588 3392 narratum.
1622 3354 1845 3392 Consensus
1863 3352 2037 3393 codicum
2055 3356 2123 3404 ju-

1247 3405 1330 3452 bet,
1343 3411 1391 3443 ut
1406 3419 1490 3444 vere
1502 3418 1690 3454 reponam
1703 3418 1791 3444 cum
1805 3407 1897 3457 Bip.
1918 3409 2036 3447 Sic-et
2045 3412 2123 3448 Pu·
2164 3411 2172 3422 ’

1242 3459 1336 3498 teol.
1354 3460 1502 3497 Contra
1510 3473 1600 3498 vera
1613 3459 1788 3498 Alciatus
1797 3461 1916 3498 habet
1925 3466 1966 3499 et
1978 3463 2106 3502 Rhea.

1299 3512 1481 3554 Notabili
1505 3513 1737 3566 constantia]
1797 3515 1895 3556 Haec
1921 3527 1987 3568 ap.
2012 3516 2121 3558 Suet.
