2190 3880
184 230 616 304 a.n.0pulentae.
663 240 934 305 quantum
978 233 1275 291 insularum
1320 238 1459 291 mari
1499 238 1758 311 cingitur,
1798 250 1855 294 et

321 110 388 159 92

923 101 1553 160 HISTORIARUM

199 303 292 344 823.
323 304 539 358 interim
566 303 708 359 bello
735 307 1032 362 secundum
1059 319 1350 380 tutumque
1383 311 1564 380 ipsum
1590 329 1757 367 mare.
1833 312 1970 370 Non'
1993 316 2149 372 falle·-v

295 377 420 432 'bat
458 376 644 432 Duces
676 378 895 450 inpetus
935 379 1204 435 militum:
1243 382 1356 447 sed,
1400 381 1730 437 bellantibus
1770 384 1909 452 aliis,
1937 384 2190 459 placuit„

187 359 244 398 A.
260 359 292 399 C

189 415 191 418 ⁴
215 415 280 455 70.

270 450 629 526 qexspectari
665 451 790 504 belli
837 451 1069 506 exitum.
1106 452 1320 506 victores
1362 452 1625 526 vbtosque
1664 474 1945 528 numquam
1976 459 2147 516 solida
2182 467 2190 518 ’1

299 521 418 594 fide
457 521 743 576 coalescere.
779 541 869 577 nec
907 521 1114 596 rcfferre,
1148 523 1411 578 Vitellium
1447 545 1518 578 cm
1549 524 1798 581 Othonem
1821 531 2149 600 superstitem
2183 524 2190 582 ἱ

321 593 556 651 Fortuna
563 593 786 667 faceret.

864 594 1043 649 Rebus
1083 597 1309 649 secundis
1333 598 1488 650 etiam
1515 599 1744 671 egregios
1770 599 1939 655 Duces
1960 603 2145 658 immole-

316 685 468 721 scere.
503 666 809 720 discordiam
834 667 929 734 lais,
957 667 1241 739 ignaviam,
1268 668 1519 723 luxuriem
1535 692 1552 723 .·
1589 680 1638 724 et
1661 672 1866 726 suismet
1900 674 2043 728 vitiis
2062 677 2144 730 al-

321 747 488 793 terum
514 738 665 805 bello,
683 739 900 792 alte-rum
925 739 1145 793 victoria
1161 741 1471 812 periturum.
1519 741 1703 815 Igitur
1724 762 1876 798 arma
1901 746 1959 800 in
1985 766 2147 802 occa·-

319 813 532 869 sionem
567 811 842 877 distulere,
884 811 1252 885 Vespasianus
1295 813 1702 886 Mucianusque
1741 821 2144 889 nuper,*ceteri

320 884 454 937 olim
479 883 671 936 mixtis
697 883 971 938 consiliis:
1014 884 1275 955 optimus
1293 886 1523 957 quisque
1549 906 1737 942 amore
1760 889 2144 962 Reipublicaez

319 956 524 1010 multos
550 953 782 1009 dulcedo
805 955 1112 1028 praedarum
1138 957 1454 1011 stimulabat
1476 979 1491 1024 ;
1530 959 1664 1013 alios
1685 962 1961 1034 ambiguae
1989 963 2142 1018 domi

322 1046 426 1082 reS.
494 1027 583 1081 Ita
608 1029 742 1082 boni
778 1029 1015 1100 malique
1050 1029 1255 1082 caussis
1290 1029 1536 1095 diversiS,
1563 1033 1744 1086 studio
1772 1034 1908 1106 pari,
1937 1035 2144 1091 bellum

273 1093 308 1147 8
325 1119 514 1154 ornnes
535 1101 850 1173 cupiebant.
890 1101 1006 1154 Sub
1031 1101 1174 1154 idem
1196 1115 1410 1174 tempus
1430 1101 1642 1158 Achaia
1668 1115 1831 1175 atque
1847 1105 2142 1162 Asiafalso

319 1174 619 1239 exterritae,
643 1173 791 1226 velut
810 1174 960 1227 Nero
980 1173 1330 1230 adventaret:
1370 1175 1520 1228 vario
1545 1194 1706 1248 super
1730 1177 1888 1232 exitu
1909 1179 2028 1250 ejus
2051 1198 2143 1234 ru-

316 1264 490 1313 more,
523 1265 698 1317 eoque
733 1247 977 1318 pluribus
1018 1247 1200 1300 vivere
1226 1265 1352 1315 eum
1387 1247 1724 1319 fingentibus
1760 1251 2138 1306 credentibus-

316 1338 444 1390 que.
519 1319 841 1372 Ceterorum
867 1337 1022 1371 casus
1048 1330 1383 1391 conatusque
1411 1321 1466 1373 in
1493 1332 1760 1374 contextu
1787 1323 1968 1394 operis
1991 1323 2142 1378 dice-

317 1409 471 1444 mus:
513 1402 642 1444 tunc
670 1409 853 1444 servus
880 1409 910 1443 e
947 1390 1148 1458 Pont0,
1171 1392 1303 1457 sive,
1330 1402 1391 1445 ut
1417 1392 1510 1445 alii
1538 1393 1825 1460 tradidere,
1853 1394 2142 1450 libertinus

317 1482 390 1516 ex
415 1463 592 1529 Italia,
619 1463 844 1516 citharae
887 1475 943 1516 et
969 1475 1159 1516 cantus
1187 1465 1390 1535 peritus
1417 1464 1586 1531 (unde
1623 1465 1720 1530 illi,
1746 1484 1910 1537 super
1947 1468 2140 1521 simili-

317 1536 563 1589 tudinem
590 1536 717 1598 oriS‚
746 1535 966 1606 propior
1002 1535 1070 1588 ad
1096 1536 1392 1588 fallendum
1412 1537 1572 1602 fides)
1597 1537 1872 1607 adjunctis
1899 1539 2142 1593 deserto-

316 1608 487 1673 ribuS‚
513 1627 649 1680 quos
690 1608 879 1679 inopia
917 1627 1088 1680 vagos
1128 1608 1444 1682 ingentibus
1471 1609 1750 1681 promissis
1790 1622 2139 1684 conruperat,

371 1770 571 1806 Seclnenm
597 1766 813 1819 tutumque]
855 1767 983 1806 Vatic.
1015 1768 1120 1807 Flor.
1156 1772 1195 1806 et

304 1824 496 1864 *Romana
547 1824 683 1870 editio,
726 1823 934 1861 secundam
981 1829 1197 1874 tutumque.

311 1881 419 1927 quod
451 1878 638 1928 approbo.
678 1879 789 1916 L1Ps.
818 1878 983 1927 Recepit
1013 1878 1196 1916 Pichena.

312 1935 423 1972 ERN.
467 1933 572 1971 Bud.
609 1932 712 1970 male
741 1933 927 1970 seculum.
994 1932 1198 1970 Acidalius

313 1989 374 2025 ita
409 1989 618 2037 legendum
653 1987 869 2024 suadebat:
915 1988 1093 2036 cingitur
1121 2000 1198 2038 pa-

312 2044 436 2083 rando
456 2044 484 2081 i.
502 2045 536 2081 b.
552 2045 770 2084 seclusaem;
798 2048 1000 2093 tutamque
1019 2043 1047 2080 ἰ.
1064 2055 1117 2080 m.

376 2098 473 2137 Cum
492 2099 534 2136 iu
552 2099 713 2136 victores
729 2097 937 2148 victosque]
969 2096 1197 2146 Rodolphus

315 2149 376 2202 (in
393 2154 477 2190 cod.
508 2151 596 2202 suo)
617 2156 658 2189 et
686 2151 816 2202 prisca
833 2152 926 2190 item
957 2152 1078 2189 editio
1109 2164 1197 2189 cum

312 2209 526 2246 victoribus
558 2209 681 2246 victos
714 2219 928 2257 numquam
960 2207 1089 2244 solida
1111 2206 1199 2256 fide

309 2263 532 2302 coalescere.
587 2262 646 2300 At
677 2264 808 2312 totum
841 2261 971 2298 locum
1005 2260 1195 2298 libentius

310 2328 420 2355 nunc
451 2329 542 2355 cum
577 2316 750 2355 Pichena
782 2315 932 2365 legam:
979 2316 1198 2365 exspectari

310 2373 404 2410 belli
442 2374 623 2421 exitum„
652 2372 814 2409 victores
853 2371 1045 2420 victosque
1083 2382 1196 2407 num-

307 2440 443 2477 quam,
482 2435 555 2465 etc.
610 2427 726 2464 Llrs.
770 2425 992 2463 Gronovius
1035 2424 1198 2472 conjicit

306 2484 530 2531 exspectari
546 2487 733 2520 eventum.
787 2481 967 2517 Piehenae
989 2480 1198 2516 correctio·

303 2547 402 2574 nem
419 2537 570 2586 recepit
588 2535 765 2574 Freinsh.
781 2535 878 2572 Cod.
896 2534 1027 2571 Guelf.
1039 2534 1194 2584 placuit

308 2593 527 2642 exspectari
554 2591 721 2628 bellum:
765 2602 856 2627 eum
880 2591 923 2626 in
953 2590 1113 2626 victores
1136 2590 1195 2626 vi·-

307 2653 465 2697 cto-eque
480 2660 520 2684 n.
535 2645 620 2694 suf.
639 2646 877 2683 coalesceret.
921 2643 985 2682 Sic
1001 2643 1193 2680 editiones

308 2713 446 2738 omnes
473 2712 600 2750 usque
617 2701 667 2737 ad
696 2699 876 2737 Freinsh.
902 2698 980 2736 nisi
1009 2698 1112 2748 quod
1131 2699 1194 2736 ed.

310 2767 372 2804 pr.
387 2758 610 2801 coalescere,
631 2757 678 2792 ut
701 2754 785 2791 MS.
806 2752 928 2805 (Flor.
950 2750 1067 2802 Agr.)
1088 2753 1194 2790 Bud.

307 2812 349 2848 J.
366 2812 540 2848 Gronov.
559 2808 718 2858 conjicit
749 2809 839 2847 belli
867 2815 1007 2846 nutum
1031 2807 1094 2844 vel
1125 2820 1193 2846 cu-

307 2867 471 2903 mulum.
499 2867 607 2904 ERN,
637 2864 750 2903 Acid.
765 2862 921 2900 volebat
940 2862 1190 2900 bellicosum.

308 2919 412 2958 Bud.
448 2921 589 2958 belhem
621 2932 710 2956 cum
738 2920 780 2955 in
807 2922 882 2955 etc.
937 2917 1033 2955 Inde
1061 2917 1190 2955 Rhen.

307 2975 546 3012 emendabat
576 2975 767 3012 bellicum.
822 2974 1007 3010 Muretus
1040 2971 1191 3020 simpli-

304 3029 406 3066 citer
423 3028 579 3078 legebat
602 3030 757 3078 placuit
775 3028 1004 3078 exspectari.
1031 3026 1193 3064 Lallem.

308 3084 459 3132 recepit
473 3085 564 3121 belli
579 3090 767 3120 eventum.

363 3138 516 3188 Nuper,
533 3138 651 3175 cetere?
670 3137 778 3188 olim]
797 3138 921 3174 Locus
941 3134 1191 3173 subobscura

307 3193 531 3239 sententiae,
549 3193 627 3228 imo
656 3192 826 3228 incertoe.
880 3190 1107 3240 Rodolpbus
1129 3190 1188 3238 (in

305 3248 392 3284 cod.
434 3244 522 3296 suo)
569 3247 707 3295 legisse
750 3246 910 3292 dicit-ur,
947 3258 1068 3295 nuper
1105 3244 1190 3282 Titi

308 3314 424 3353 opera
457 3302 594 3339 nitetis
627 3302 812 3338 consiliis.
859 3300 1058 3336 sententia
1088 3298 1189 3335 nihil

306 3357 545 3403 aberrante3
593 3367 729 3393 vereor
761 3359 910 3399 tamen,
948 3360 996 3391 ut
1028 3353 1190 3403 propria

306 3412 476 3461 quadam
503 3411 685 3456 lectione,
704 3422 783 3447 non
807 3421 832 3446 a
854 3408 980 3446 libris.
1036 3406 1099 3444 An
1128 3420 1189 3444 ce-

306 3473 413 3505 teras
441 3466 714 3514 intelligimus,
743 3465 888 3501 amicos
906 3467 947 3499 et
974 3462 1187 3499 familiares

305 3520 537 3570 Vespasiani
550 3519 639 3570 ?qui
651 3519 804 3566 jamdiu
820 3530 909 3557 cum
927 3529 972 3554 eo
981 3528 1086 3566 spem
1100 3528 1191 3553 con-

306 3581 493 3626 ceperant
515 3575 692 3625 Imperii,
708 3578 749 3612 et
771 3574 818 3611 de
832 3586 878 3610 eo
896 3572 1016 3611 locuti
1042 3569 1187 3609 erant?

1250 1768 1335 1806 Diu
1367 1780 1461 1806 sane
1497 1780 1606 1817 spem
1643 1772 1890 1819 conceptam,
1933 1769 2052 1820 idque
2086 1770 2140 1810 ob

1251 1824 1384 1861 omina
1401 1824 1529 1862 multa
1556 1829 1598 1861 et
1616 1824 1736 1862 clara.
1791 1826 1954 1863 Sueten.
1973 1826 2140 1876 Vespas.

1252 1883 1290 1915 5.
1303 1879 1418 1917 Ln‘s.
1449 1877 1641 1927 Agricolae
1652 1878 1861 1918 lectionem
1876 1880 2027 1929 recepit
2038 1882 2139 1930 Ryo-

1249 1932 1364 1969 kius:
1424 1933 1528 1981 quod
1569 1936 1676 1971 recte
1710 1933 1909 1983 improbat
1939 1935 1994 1972 J.-
2012 1935 2138 1975 Gron-

1251 1987 1326 2025 Est
1341 1987 1550 2035 explicatio
1565 1999 1586 2023 e
1603 1999 1638 2025 c.
1655 1993 1692 2025 5.
1721 1989 1831 2027 ERN.
1860 1989 1996 2026 Lectio
2021 1992 2140 2028 ceteri

1252 2044 1312 2079 est
1329 2053 1353 2079 a
1369 2042 1498 2080 Rhen.
1516 2054 1538 2078 e
1556 2043 1658 2080 Bud.
1680 2042 1791 2092 ptius
1807 2043 1912 2080 enim
1931 2043 2138 2094 legebatur

1251 2102 1431 2134 ceterum..
1487 2096 1655 2134 Sensus:
1695 2097 1744 2134 V.
1761 2099 1805 2134 et
1821 2097 1879 2135 M.
1897 2109 2026 2147 nuper
2042 2110 2136 2137 con·

1251 2151 1340 2189 silia
1357 2151 1404 2187 de
1424 2151 1644 2189 invadendo
1674 2151 1840 2200 imperio
1864 2152 2136 2202 consociasse;

1252 2205 1407 2252 ceteris,
1423 2205 1536 2252 Tito,
1554 2205 1746 2244 Tribunis
1775 2205 1942 2256 aliisque
1956 2207 2046 2245 fidis
2061 2208 2138 2246 mi-

1251 2260 1386 2298 nistris
1411 2271 1496 2298 rem
1525 2259 1634 2297 inam
1659 2259 1788 2298 multo
1815 2264 1910 2299 ante
1928 2262 2137 2311 agitatam.

1252 2315 1316 2353 Cf.
1333 2327 1367 2352 c.
1399 2319 1438 2351 5.
1467 2315 1530 2352 Sic
1546 2315 1654 2351 Pich.
1673 2314 1786 2352 Brot.
1806 2315 1906 2354 Lall.
1935 2316 2017 2354 Hic
2033 2321 2076 2355 et
2092 2318 2138 2357 in

1248 2369 1373 2417 Regio
1392 2381 1464 2406 suo
1491 2368 1639 2417 reperit
1660 2370 1788 2406 ceteri.
1843 2370 2054 2418 Bipontini
2073 2372 2137 2409 in-

1249 2423 1408 2472 geniose
1434 2424 1565 2462 locum
1594 2423 1653 2460 ita
1669 2423 1945 2461 constituunt:
1974 2425 2137 2464 Mucio·

1248 2491 1408 2530 masque.
1429 2478 1526 2528 jam
1550 2477 1753 2527 pertentari
1780 2479 1895 2515 miles
1922 2479 1966 2515 in
1995 2481 2137 2518 miz-enit

1246 2534 1435 2571 comitiis.
1497 2532 1610 2572 Aeid.
1642 2530 1802 2569 volebat
1833 2533 1988 2570 secretis
2021 2535 2134 2582 olim,

1245 2600 1369 2637 nuper
1386 2601 1439 2626 m.
1457 2600 1493 2626 c.

1299 2643 1514 2691 Ambiguae
1531 2640 1636 2680 domi
1651 2638 1727 2690 res]
1757 2640 1798 2677 h.
1817 2652 1853 2678 e.
1871 2652 1924 2678 ει
1939 2639 2134 2688 alienum,

1247 2697 1342 2734 fides
1385 2697 1559 2743 decocta,
1602 2695 1852 2733 conscientias
1895 2696 2135 2736 facinorum.

1246 2751 1337 2790 Vid.
1375 2757 1410 2799 1,
1430 2757 1494 2789 88.
1520 2762 1622 2800 saepe
1648 2751 1734 2787 istae
1763 2762 1911 2788 caussae
1935 2749 2132 2790 benorum

1246 2806 1387 2844 Tacito
1403 2809 1686 2844 memorantur.
1714 2806 1823 2844 ERN.

1306 2863 1423 2899 Velut
1441 2862 1548 2899 Nero
1569 2859 1680 2911 adin]
1712 2858 1860 2908 Tangit
1877 2858 1980 2896 hano
1994 2854 2134 2897 Ψωδοο

1243 2915 1413 2953 Neronis
1453 2915 1629 2954 fabulam
1657 2914 1886 2952 Lactantius
1926 2914 1974 2951 de
2013 2918 2133 2953 mort.

1242 2981 1347 3019 pers.
1365 2983 1399 3010 c.
1418 2977 1458 3008 2.
1478 2971 1527 3008 ad
1552 2982 1668 3020 quem
1685 2969 1814 3007 locum
1833 2967 1912 3006 vid.
1929 2970 2130 3018 Capetus,

1247 3025 1342 3063 item
1385 3024 1621 3070 Columbus,
1650 3024 1717 3072 qui
1756 3022 1807 3062 ab
1851 3023 2024 3063 ecclesia
2059 3034 2131 3072 pe.-

1245 3080 1376 3118 tribus
1427 3081 1646 3118 refutatum
1691 3082 1958 3116 commentum
2002 3077 2130 3115 docet.

1244 3135 1380 3172 Plures
1409 3135 1528 3172 etiam
1562 3133 1680 3171 falsos
1708 3133 1887 3171 Nerones
1914 3132 2130 3179 exstitisse,

1243 3188 1414 3227 Casaub.
1444 3189 1619 3226 ostendit
1635 3188 1685 3224 ad
1702 3189 1812 3226 Suet.
1827 3187 1923 3225 Ner.
1940 3199 1974 3225 c.
1992 3187 2066 3224 ult.

1296 3244 1408 3280 Eum
1412 3243 1660 3293 fingentibus
1680 3240 2004 3291 credentibusque]
2039 3239 2128 3278 MS.

1241 3299 1338 3347 Agr.
1355 3299 1678 3346 confingentibus,
1733 3296 1939 3333 Broterius
1964 3293 2129 3344 corrigit

1242 3353 1540 3390 credentib-nsve.
1570 3353 1679 3391 Eas.

1296 3407 1466 3455 Propior
1482 3407 1536 3443 ad
1538 3405 1766 3456 fallendum
1782 3401 1905 3453 fides]
1943 3402 2128 3453 Suspicnn

1240 3464 1309 3498 tur
1327 3461 1535 3508 legendum
1552 3459 1730 3500 Freinsh.
1748 3459 1978 3507 promptior.
2032 3459 2126 3496 Pos-

1246 3516 1298 3552 sis
1316 3516 1435 3552 etiam
1447 3517 1623 3564 pronior.
1639 3514 1715 3552 Sed
1729 3512 1828 3550 illud
1843 3513 1997 3563 melius,
2014 3513 2125 3552 ERN.

1244 3570 1347 3608 Bud.
1359 3571 1535 3620 propior.
1615 3603 1618 3606 .

2175 155 2190 174 Δ,ε

2174 180 2190 215 ¹¹⁴

1901 244 2152 315 parando·
