2190 3880
165 278 220 315 A.
237 275 292 313 U.

183 331 276 367 823.

176 381 225 418 A.
247 380 293 418 C.

198 438 264 472 70¹.

230 493 290 545 19

301 142 398 192 178
899 134 1525 186 HISTORIARUM
1578 182 1581 184 ,

308 260 508 330 raptim
534 259 745 324 ductOS,
764 261 1075 329 aequabant.
1105 261 1194 313 Ita
1209 263 1414 314 mixtus
1441 280 1610 333 eques
1619 263 1898 336 ped-esque
1915 283 2111 337 rupere

308 332 589 402 legionum
631 349 848 402 agmen.
925 330 997 383 Et
1035 333 1340 402 propinqua
1392 332 1838 390 Cremonensium
1886 339 2114 403 muenia,

308 415 523 524 ‹Juanto
543 402 659 473 plus
698 403 811 471 spei
851 401 919 453 ad
956 402 1241 472 effugium,
1269 411 1423 455 tanto
1462 404 1729 457 minorem
1764 408 1831 459 ad
1860 410 2124 460 resistew'

308 493 322 523 ‹
349 492 437 524 um
463 475 725 535 animuin,
751 472 974 524 dabant.
1048 473 1167 524 Nec
1197 472 1472 524 Antonius
1496 475 1633 527 ultra
1660 477 1886 542 institit,
1904 495 2114 531 memor

303 544 504 596 laboris
551 562 615 595 ac
657 543 959 604 vulnerum,
1000 543 1197 610 quibus
1232 556 1348 593 tam
1392 561 1591 614 anceps
1639 546 1819 614 proelii
1871 548 2114 612 fortuna,

304 615 553 684 quamvis
579 631 835 683 prospero
863 612 989 674 fine,
1015 613 1227 680 equites
1253 631 1529 684 equosque
1554 614 1951 669 adfl-ictaverat.
2020 619 2116 671 In·

305 686 593 736 umbrante
623 700 845 751 vespera·
890 682 1202 734 universum
1230 683 1473 736 Flaviani
1515 686 1789 737 exercitus
1830 689 1994 740 robur
2019 689 2116 741 ad-

306 757 474 807 venit.
553 754 736 822 thue
776 752 1023 804 cumulos
1051 771 1210 822 super
1237 766 1292 805 et
1336 756 1571 808 recentia
1596 757 1746 808 caede
1777 758 2007 828 vestigia
2032 758 2121 810 in-

307 843 533 887 cessere,
560 824 712 892 quasi
747 823 1076 874 debellatum
1119 823 1278 888 foret,
1299 842 1511 896 pergere
1546 827 1862 893 Cremonam,
1887 837 1935 880 et
1959 829 2118 880 victos

305 897 362 947 in
407 894 708 946 deditionem
749 893 990 961 accipere,
1027 902 1118 944 auc
1151 912 1463 962 expugna-re,
1488 897 1810 966 deposcunt.
1886 898 2031 952 Haec
2057 899 2116 952 in

305 965 507 1030 medi0,
553 964 777 1034 pulchra
828 965 999 1016 dictu.
1078 963 1177 1017 lna
1220 965 1324 1017 sibi
1376 967 1623 1036 quisque,
1670 970 1826 1021 Posse
1863 969 2117 1022 coloniam

296 1035 460 1105 plano
510 1036 663 1086 sitam
714 1035 889 1104 inpetu
939 1033 1072 1103 capi.
1148 1033 1294 1086 Idem
1344 1035 1573 1088 audacia:
1616 1056 1717 1106 per
1756 1039 1987 1092 tenebras
2031 1040 2115 1091 in-

306 1107 667 1176 rumpentihuS,
707 1114 755 1157 et
780 1104 1040 1175 'majorem
1081 1105 1318 1173 rapiendi
1361 1107 1644 1159 licentiam.
1696 1109 1833 1178 quod
1856 1111 1912 1162 -si
1956 1109 2115 1163 lucem

308 1178 655 1246 opperiantur,
677 1176 800 1245 jam
829 1193 1026 1245 pacem,
1049 1175 1171 1245 jam
1206 1173 1378 1245 preces
1415 1186 1480 1242 et,
1498 1197 1598 1247 pro
1636 1177 1805 1232 labore
1841 1199 1902 1232 ac
1938 1180 2119 1234 vulne-

307 1247 466 1312 ribus,
496 1246 809 1299 clementiam
851 1255 898 1298 et
972 1245 1403 1311 loriam,'inania,
1443 1248 1670 1300 lat-uros.-
1725 1250 1815 1302 sed
1847 1269 1960 1320 opes
1991 1250 2116 1304 Cre-

307 1319 615 1370 monensium
661 1318 717 1370 in
768 1317 885 1368 sinu

361 1475 534 1526 Raptim*
572 1473 724 1524 duct'os]
780 1473 845 1510 An
891 1473 978 1510 ideo
1020 1472 1188 1511 miratur

308 1531 469 1579 aequari,
498 1529 593 1577 quia
611 1530 755 1576 raptim
787 1531 828 1563 et
852 1527 1032 1564 celeriter
1047 1526 1190 1564 ducti?

307 1595 387 1621 non
408 1596 453 1620 eo
471 1583 589 1628 ¹facit,
609 1582 683 1618 nisi
702 1581 735 1617 si
762 1581 862 1617 forte
891 1580 1039 1629 absque
1051 1581 1188 1627 justis,

308 1642 356 1675 ut
392 1638 435 1674 in
465 1637 733 1680 festinatione,
760 1634 893 1671 armis.
956 1635 1022 1670 An
1059 1634 1190 1670 verius

309 1691 443 1736 scribi,
459 1692 607 1739 raptim
626 1688 812 1726 dilectos?
854 1691 893 1724 et
912 1688 1014 1735 quod
1039 1687 1190 1724 subita-

306 1745 532 1781 riusfuerit
549 1744 612 1780 hic
636 1743 767 1787 miles,
780 1742 846 1778 sed
865 1741 938 1778 sub
956 1741 1062 1778 bono
1078 1742 1188 1778 Duce

307 1809 399 1835 mox
417 1798 557 1834 bonus.
587 1797 699 1833 L1Ps.
727 1796 841 1832 Nihil
870 1796 948 1831 huc
976 1807 1075 1843 opus
1094 1795 1191 1831 dile-

306 1855 394 1888 ctus
411 1851 626 1888 mentione.
683 1851 765 1887 Cur
790 1849 895 1885 enim
914 1849 1061 1897 raptim
1085 1849 1193 1885 de1e‹

306 1906 363 1942 cti
388 1904 546 1942 essent?
590 1905 660 1949 Et,
688 1905 719 1940 si
739 1914 845 1939 nunc
871 1903 1027 1939 demum
1045 1905 1190 1950 raptim

306 1959 462 2004 dilecti,
474 1958 580 1995 unde
601 1958 649 1994 iis
669 1957 810 2005 gloria,
835 1961 906 1993 aut
925 1957 1118 2005 quomodo
1134 1957 1190 1993 le-

306 2013 505 2061 gionarios
534 2023 688 2060 aequare
712 2011 910 2047 dicuntur.
968 2012 1093 2047 Immo
1106 2011 1190 2057 jam

308 2068 459 2115 raptim·
474 2067 515 2102 in
534 2065 721 2114 proelium
740 2064 847 2100 ducti
866 2067 974 2109 sunt,
989 2068 1030 2100 et
1048 2064 1191 2100 nihilo-

307 2121 441 2157 minus
456 2120 573 2169 par-iar
585 2119 813 2164 legionariis·
828 2119 974 2170 fecere.
1028 2119 1194 2163 Caussa,

309 2174 413 2222 quod
427 2175 509 2221 jam
533 2173 694 2209 exerciti
712 2172 878 2209 militiis.
933 2173 988 2208 Et
1017 2173 1112 2220 quia
1130 2172 1193 2209 hic

308 2229 515 2276 quaeritur,
549 2238 628 2263 non
663 2237 742 2273 qua
775 2225 907 2273 gloria·
925 2226 1089 2271 fuerint,
1122 2226 1189 2262 sed

311 2281 406 2329 quid
442 2282 526 2328 jam
563 2280 746 2327 egerint3
792 2279 910 2315 multi
944 2290 1061 2326 porro
1096 2278 1195 2315 libri-

308 2334 419 2378 boni,
439 2338 487 2371 ut
516 2334 621 2380 Flor.
649 2332 752 2369 Bud.
771 2333 903 2370 Oxou.
925 2332 1019 2380 Agr.
1052 2332 1112 2368 ed.
1131 2344 1190 2380 pr.

309 2387 515 2438 aequabaaeat
526 2403 542 2432 ;v
571 2397 652 2422 non
671 2385 849 2422 dubitavi
875 2397 964 2422 cum
982 2387 1021 2423 J.
1040 2387 1192 2422 Grono-

309 2442 375 2478 vio
393 2441 507 2478 edere
530 2441 736 2477 lectionem
757 2441 860 2476 Flor.
883 2445 924 2476 et
941 2439 1042 2475 Bud.
1062 2450 1087 2475 a
1105 2440 1201 2488 qui-⁴

309 2493 385 2532 bus
400 2496 536 2544 gloria
553 2493 707 2539 aberat,
725 2493 828 2540 quod
843 2504 867 2529 a
884 2493 1098 2541 glossatore
1124 2504 1192 2541 pa·-

309 2560 401 2586 rum
419 2552 535 2585 acuto
557 2552 697 2585 natum
728 2547 895 2583 videtur.
948 2547 1113 2583 Militia.»
1130 2558 1203 2582 ac-

311 2604 397 2652 cipe
416 2613 581 2639 numero
599 2600 756 2650 plurali.
784 2601 955 2637 Pichena
971 2600 1072 2636 male
1088 2601 1195 2637 mili-

310 2658 415 2694 tibus
433 2667 481 2692 ex
514 2656 673 2704 ingenio
701 2654 822 2692 dedit.
874 2653 1048 2702 Vulgata
1064 2657 1125 2690 est
1152 2659 1192 2691 et

310 2710 354 2746 in
391 2709 522 2747 Guelf.
553 2710 639 2746 edd.
667 2708 818 2745 Puteol.
850 2707 1031 2745 Beroald.
1060 2707 1191 2745 Rhen.

311 2775 396 2812 sqq.
417 2774 542 2811 usqne
559 2763 608 2799 ad
626 2763 848 2799 Pichenam.
893 2762 967 2800 Sed
986 2761 1193 2799 Broterius

312 2829 361 2854 ex
393 2817 479 2854 aliis
515 2816 628 2854 libris
665 2816 773 2852 dedit
803 2816 960 2852 micitia»
994 2817 1196 2863 gloria—

312 2871 503 2920 oequabat.
549 2874 668 2919 atque
705 2869 893 2907 defendit.
939 2870 1046 2907 ERN.
1091 2869 1194 2905 Bud.

310 2925 484 2961 militioe.
507 2924 614 2961 Plur.
634 2934 798 2961 numero
809 2923 1095 2970 accipiendum,
1109 2922 1196 2959 nul-

308 2977 375 3017 lus
395 2977 547 3014 dubito.
593 2978 655 3015 Sic
683 2976 868 3014 Tibullus
898 2981 933 3021 l,
953 2980 993 3021 3,
1025 2982 1088 3014 82.
1117 2977 1198 3013 len·

312 3035 376 3067 tas
407 3032 573 3067 militias
601 3031 713 3067 dixit.
761 3030 868 3067 Suet.
900 3030 1020 3069 etiam
1056 3029 1196 3067 Claud.

314 3087 380 3120 25.
416 3090 603 3132 equestres
633 3085 799 3121 milit-ias
834 3083 966 3120 habet.
1000 3083 1197 3131 Bernegg.

312 3138 463 3183 recepit
498 3138 704 3182 militibus,
743 3137 922 3175 Freinsh.
993 3137 1197 3185 vulgatum

311 3190 468 3239 probat.
513 3190 604 3237 Bip.
624 3201 779 3238 quoque
798 3190 1008 3227 Pichenam
1026 3202 1197 3238 sequun-

312 3249 397 3290 tur,
422 3248 599 3287 attamen
634 3245 792 3281 militia>
819 3245 868 3279 ad
894 3244 1028 3284 ductos
1058 3244 1195 3280 referri

266 3326 270 3329 -
313 3309 428 3348 posse
442 3301 671 3341 autumant,
690 3297 801 3344 quasi
820 3299 862 3334 in
880 3298 1078 3334 militiam.
1121 3296 1195 3345 Er-

314 3352 418 3389 nesti
435 3362 571 3388 verum
586 3350 697 3387 vidit.
715 3349 931 3393 Rhenanus
955 3351 1110 3387 militie
1126 3351 1196 3387 ad·

314 3404 542 3471 verbialiter
571 3405 719 3441 dictum
748 3392 932 3441 credeb'at
963 3414 1032 3450 pro
1057 3404 1099 3441 in
1122 3405 1197 3440 mi-

313 3461 503 3564 ιιὴἒςιιςε
531 3498 740 3563 ρἐάὲεφκ]
786 3510 849 3547 Sic
882 3507 992 3547 Bud.
1025 3508 1196 3546 mollius.

982 1315 1296 1387 raejectorum
1335 1319 1917 1392 Legatorumquevfore.

2005 1320 2118 1386 Eg:-
2128 1368 2131 1370 ,

1242 1474 1363 1522 vulgo
1389 1475 1508 1525 pedes
1524 1488 1721 1526 equesque.
1754 1476 1852 1514 Mox
1883 1476 1983 1525 Agr.
2018 1478 2123 1515 ἰννιι-

1237 1539 1343 1577 pere.

1302 1581 1429 1618 Tanto
1464 1581 1681 1632 minorem]¹
1720 1582 1867 1634 Omnes
1902 1583 1989 1621 edd.
2023 1587 2123 1621 vett.

1245 1634 1394 1671 habent
1410 1641 1534 1672 tanto.
1576 1635 1625 1671 In
1650 1634 1709 1672 ed.-
1729 1637 1854 1685 Lipsii
1870 1637 2014 1674 excidit
2031 1643 2124 1674 tem·

1243 1694 1299 1733 to,
1322 1699 1431 1734 casu,
1449 1699 1502 1725 an
1531 1689 1625 1737 quia
1653 1689 1818 1740 Tacitus
1845 1689 1942 1728 alibi
1970 1691 2124 1728 omittit

1244 1742 1325 1778 haec
1354 1742 1657 1790 comparationis
1681 1743 1814 1782 verba.
1856 1745 1968 1795 ERN.
1994 1745 2122 1783 Tanto

1244 1795 1353 1833 deest
1390 1796 1431 1832 in
1464 1796 1568 1834 Bud.
1608 1796 1754 1838 Omisit
1785 1800 1827 1835 et
1857 1791 1987 1836 Rhe'n.
2025 1798 2121 1836 Mox

1243 1850 1346 1886 Bud.
1363 1851 1523 1887 insistit.

1296 1904 1452 1952 Anceps
1497 1904 1633 1952 proelii
1661 1903 1852 1955 fortuna]
1911 1905 1975 1942 Ita
2018 1905 2123 1943 Flor.

1247 1955 1381 2006 (Bud.)
1404 1961 1444 1994 et
1461 1956 1529 1993 ali-i
1549 1962 1699 2007 veteres
1720 1957 1779 2008 (in
1797 1959 1858 1996 his
1875 1957 2054 2009 Fames.)
2075 1964 2124 1997 ut

1244 2010 1401 2058 Lipsius
1419 2014 1602 2048 testatur.
1630 2010 1740 2048 velut
1757 2012 1817 2048 ed.
1837 2024 1898 2061 pr.
1925 2012 2006 2051 Alii
2023 2013 2126 2051 belli.

1244 2065 1379 2102 Etiam
1398 2075 1519 2113 supra
1530 2064 1612 2101 haec
1628 2065 1750 2102 verba
1759 2067 1923 2119 confusa
1938 2067 2124 2105 vidimus.

1245 2119 1359 2156 Eam.

1301 2171 1405 2210 Hoec
1421 2165 1466 2208 ὑί
1478 2172 1669 2220 medio,p.
1686 2161 1745 2222 τί]
1763 2171 1826 2209 sic
1841 2172 2126 2224 interpungen-

1244 2226 1350 2262 dum.
1407 2226 1459 2262 Iu
1475 2226 1600 2262 medio
1620 2237 1691 2274 pro
1714 2227 1756 2263 in
1774 2227 1960 2274 medium,
1979 2230 2124 2277 palam.

1244 2279 1378 2316 Palam
1396 2278 1474 2315 ista
1502 2278 1708 2316 dicebant:
1748 2280 1896 2328 quippe
1925 2281 2126 2320 fortitudi-

1246 2333 1308 2369 nis
1319 2333 1486 2381 speciem
1504 2332 1726 2370 habebant:
1757 2333 1823 2369 sed
1839 2335 1982 2372 animis
1997 2336 2125 2384 agita-

1245 2386 1357 2422 bant*
1375 2386 1527 2433 turpia,
1557 2385 1676 2429 foeda,
1731 2387 1826 2423 Mox
1847 2389 1970 2436 plano
2003 2391 2139 2427 sitam*

1246 2438 1361 2477 MSS.
1393 2439 1512 2489 (Bud.
1542 2438 1677 2488 etiam)
1701 2439 1786 2476 edd.
1815 2451 1877 2488 pr.
1896 2442 2025 2480 Rhea.
2043 2455 2126 2492 sqq.

1247 2497 1295 2529 ut
1312 2504 1431 2540 supra
1447 2505 1480 2529 c.
1508 2496 1569 2530 16.
1606 2505 1772 2531 vacuum
1799 2494 1922 2532 medio
1939 2497 2125 2546 relinquit

1247 2547 1334 2592 iter,
1355 2551 1396 2583 et
1411 2547 1516 2582 infra
1532 2545 1592 2582 bis
1619 2558 1652 2583 c.
1671 2552 1737 2584 38.
1757 2551 1822 2584 48.
1839 2548 1939 2586 sines
1955 2551 2126 2591 occurrit

1249 2612 1337 2637 cum
1367 2599 1539 2637 ablativo
1564 2600 1647 2636 sine
1663 2601 1731 2637 in.-
1759 2601 1864 2649 quod
1894 2602 1957 2639 hic
1974 2603 2124 2641 addunt

1248 2655 1332 2691 edd.
1351 2653 1503 2691 Puteol.
1521 2654 1612 2690 Ber.
1633 2653 1718 2692 Alc.
1738 2654 1892 2691 Deinde
1908 2657 1977 2694 sed
2001 2659 2139 2706 majoe«

1247 2720 1327 2745 rem
1359 2708 1507 2745 frustra
1537 2708 1741 2755 corrigunt
1766 2708 1893 2747 Rhen.
1928 2708 1993 2759 (ex
2023 2710 2122 2761 ing.)

1249 2762 1460 2807 Danesius,
1494 2761 1677 2804 Ursinus,
1695 2764 1742 2798 ut
1763 2762 1848 2808 Jam
1871 2761 1968 2800 alibi
1997 2765 2125 2803 moni-

1248 2820 1348 2853 tum.
1377 2815 1425 2852 V.
1445 2815 1494 2851 ad
1513 2819 1554 2860 5,
1573 2821 1612 2852 3.
1639 2812 1749 2865 ERN.
1790 2817 1842 2852 In
1852 2817 1974 2865 plano
1989 2828 2127 2855 occur-

1248 2870 1305 2906 rit
1321 2868 1426 2907 infra
1442 2873 1482 2914 5,
1500 2873 1570 2906 23.
1602 2869 1698 2905 Mox
1714 2868 1816 2906 Bud.
1838 2870 2072 2918 φρει-ἱππ.
2091 2877 2098 2885 ”

1307 2923 1555 2960 Clementiam
1571 2928 1608 2959 et
1629 2922 1819 2970 gloriam,
1845 2923 1997 2969 mania,
2022 2925 2126 2963 latu-

1250 2976 1330 3026 ros]
1362 2977 1425 3014 Sic
1456 2975 1794 3023 interpungendus
1812 2975 1945 3013 iocus:
1974 2978 2127 3016 utina-

1251 3032 1319 3067 m'a
1338 3029 1551 3078 explicent,
1569 3029 1723 3078 qualem
1742 3033 1885 3077 putent
1909 3029 2126 3070 clementiae

1251 3084 1428 3132 gloriam.
1464 3079 1613 3130 Siquid
1630 3082 1880 3126 tentandum,
1897 3084 2032 3121 malim
2050 3086 2126 3124 cle-

1251 3139 1405 3175 mentioe
1423 3143 1459 3174 et
1474 3137 1615 3185 glorioe
1642 3137 1793 3181 inania,
1812 3135 1880 3184 qui
1899 3140 1958 3173 est
1985 3139 2123 3176 modus

1251 3190 1433 3238 loquendi
1451 3189 1589 3226 Tacito
1606 3188 1803 3236 frequens,
1820 3199 1938 3236 quam
1966 3192 2140 3230 clemew.

1250 3245 1318 3281 tioe
1333 3244 1507 3292 gloriam
1533 3244 1686 3279 inanem
1703 3253 1792 3278 cum
1811 3242 1957 3280 Ursino
1973 3249 2015 3282 et
2034 3246 2126 3283 Mu-

1249 3301 1350 3346 reto.
1374 3297 1482 3334 Eas.
1512 3295 1580 3332 Nil
1610 3296 1856 3333 mutandum.
1897 3296 2141 3348 nendum&

1249 3354 1382 3388 nostro
1401 3353 1460 3385 est
1476 3348 1693 3386 familiaris.

1303 3403 1383 3440 Sed
1398 3402 1500 3452 opes]
1533 3402 1595 3441 Sic
1623 3407 1664 3440 et
1680 3402 1784 3440 Bud.
1802 3406 1844 3440 at
1860 3403 1987 3443 Rhea.
2013 3404 2127 3443 malit

1251 3462 1301 3503 et,
1318 3457 1478 3495 frustra.
1740 3484 1743 3493 Δ
