2190 3880
329 103 396 149 ³0
939 95 1538 150 HISTORIARUM

196 221 634 295 A.1J.Optionem
672 220 985 288 eorundem,
1026 225 1335 294 perductos,
1372 240 1660 298 postquam
1707 229 1855 282 vario
1895 245 2139 285 sermone

206 299 300 336 823·
332 295 553 349 callidos
595 293 931 363 audacesque
971 298 1251 367 cognovit,
1294 300 1468 368 pretio
1514 313 1569 351 et
1610 301 1886 370 promissis
1931 316 2139 369 onerat,

209 349 317 445 {⁸0⁰⁸
333 367 460 420 data
485 365 716 439 pecunia
751 366 818 418 ad
846 368 1229 436 pertentandos
1268 370 1503 440 plurium
1541 372 1769 424 animos.
1843 374 2138 445 Suscepere

280 431 291 447 ⁹
331 440 440 492 duo
477 436 835 508 manipulares
876 436 1172 508 Imperium
1213 439 1352 511 Pop.
1383 440 1546 494 Rom.
1586 442 2046 511 transferendum3
2083 456 2140 498 et

286 551 288 553 -
329 509 736 563 transtulerunt.
812 507 876 560 In
904 510 1292 562 conscientiam
1321 511 1576 564 facinoris
1607 515 1761 583 pauci
1800 515 2011 569 adsciti.
2050 534 2138 569 su·
2171 519 2190 580 ,ξ

330 592 884 654 spensosceterorum
923 581 1132 633 animos
1171 582 1395 634 diversis
1433 585 1639 636 artibus
1679 586 1988 641 stimulant:
2027 589 2137 657 pri-
2176 583 2190 638 ἐ

329 671 506 707 mores
533 652 787 716 militum,
819 670 910 722 per
939 652 1201 704 beneficia
1229 653 1552 725 Nymphidii
1585 670 1644 708 ut
1667 671 1979 728 suspectos:
2019 659 2136 710 vul·
2188 670 2190 674 '

329 745 433 798 gus
478 737 534 778 et
574 735 800 786 ceterOS,
838 723 916 774 ira
958 735 1013 774 et
1046 724 1421 795 desperatione
1459 726 1611 779 dilati
1651 729 1850 781 totiens
1873 727 2137 782 donativi.

330 808 503 860 erant,
519 814 662 865 -quos
689 794 951 846 memoria
977 793 1211 847 Neronis
1235 815 1298 849 ac
1325 797 1648 850 desiderium
1677 800 1869 870 prioris
1897 800 2133 853 licentiae
2186 815 2190 842 ·:

333 868 671 922 accenderet.
724 866 777 917 in
823 882 1113 917 commune
1163 882 1349 920 omnes
1401 882 1548 921 metu
1599 872 1875 924 mutandae
1923 872 2134 927 militias

248 943 319 997 26
337 941 690 994 terrebantur.
768 935 967 988 Infecit
990 953 1055 988 ea
1081 938 1230 990 tabes
1269 939 1543 1010 legionum
1580 961 1796 1012 quoque
1823 955 1877 994 et
1903 943 2135 997 auxilio-

331 1031 451 1067 rum
493 1024 667 1062 motas
699 1008 816 1078 jam
859 1021 1084 1072 menteS,
1133 1021 1418 1079 postquam
1461 1012 1739 1082 vulgatum
1781 1016 1914 1080 erat,
1954 1015 2134 1068 labare

332 1082 644 1138 Germanici
673 1079 942 1133 exercitus
975 1079 1173 1133 fidem..
1192 1082 1433 1150 adeoque
1460 1099 1647 1152 parata
1671 1086 1814 1156 apud
1842 1085 2011 1138 malos
2049 1102 2133 1138 se-

327 1155 484 1221 ditio,
537 1153 703 1206 etiam
753 1151 899 1222 apud
946 1151 1185 1223 integros
1234 1154 1591 1207 dissimulatio
1641 1155 1764 1223 fuit,
1809 1151 1870 1210 ut
1915 1148 2132 1229 postero

2177 191 2190 221 «ἒ

2173 221 2190 350 {2

324 1310 546 1350 operarum.
586 1298 640 1336 Et
655 1300 789 1335 tamen
805 1295 844 1333 id
862 1298 1120 1345 propagatum
1139 1307 1203 1333 us·
1257 1302 1298 1342 2,
1317 1303 1354 1337 7.
1365 1299 1603 1348 principales
1618 1301 1762 1337 milites
1779 1300 1840 1337 vel
1854 1301 2051 1351 princip„
2065 1299 2133 1339 ad-

325 1366 402 1403 que
430 1354 480 1391 ad
507 1352 698 1402 Lipsium.
729 1352 836 1389 ERN.
888 1350 991 1387 Bud.
1017 1350 1119 1387 idem
1146 1350 1204 1388 vi·
1256 1352 1391 1399 pellat,
1418 1364 1583 1402 quorum
1609 1354 1790 1403 frequens
1820 1355 1924 1404 apud
1953 1359 2131 1405 nostrum

321 1409 427 1446 tium
480 1407 597 1444 habet
640 1403 875 1443 tes-seranum
916 1405 1204 1453 speculatorem.
1256 1407 1417 1445 mentio.
1445 1409 1492 1445 V.
1513 1406 1560 1444 A.
1583 1413 1619 1453 l,
1634 1413 1698 1445 ΞΟ.
1715 1414 1778 1446 ¹21.
1798 1414 1860 1455 12,
1879 1414 1950 1448 38.
1971 1414 2036 1455 15,
2059 1415 2121 1447 12,

324 1463 444 1501 Plura
485 1463 533 1498 de
581 1461 798 1499 Tesserario
843 1461 885 1494 et
931 1457 1093 1506 optione
1136 1458 1204 1495 dat

324 1517 449 1556 Marc.
465 1518 645 1554 Donatus
661 1515 710 1551 ad
722 1515 762 1551 h.
776 1513 806 1550 1.
832 1513 1014 1550 Torreat.
1029 1513 1079 1549 ad
1094 1512 1203 1550 Suet.

324 1572 419 1609 oth.
454 1575 493 1608 5.
535 1570 694 1620 praefert
724 1568 1001 1618 speculatorem
1038 1570 1080 1604 et
1111 1578 1203 1605 mox

323 1626 469 1664 eodem.
531 1626 547 1632 “

381 1679 582 1730 Optiaemem
597 1674 815 1725 eorundem]
849 1675 1074 1712 Constituta
1087 1674 1202 1712 lectio

324 1734 476 1782 pridem
508 1732 559 1769 ab
594 1731 736 1768 eximio
773 1729 947 1776 Cujacio,
975 1729 1059 1765 loco
1086 1740 1202 1777 quem

317 1789 402 1835 jam
430 1789 525 1825 dixi.
553 1786 631 1824 nisi
657 1785 775 1834 quod,
803 1785 1020 1828 eorundem,
1049 1783 1201 1831 scripsi,

324 1854 419 1889 non,
437 1843 580 1886 eodem,
597 1839 672 1877 fide
695 1839 876 1876 Vaticani
902 1837 1007 1874 libri.
1063 1838 1202 1886 Optio-

324 1908 393 1934 nes
426 1898 604 1934 Romana
634 1893 777 1932 militia
805 1897 916 1929 vetus
945 1891 1058 1937 dixit,
1086 1892 1203 1940 quia

323 1950 565 2001 dignioribus
580 1961 671 1987 cum
687 1948 811 1997 gradu
834 1946 1025 1984 militibus
1042 1945 1201 1995 adopta-

323 2007 372 2052 ti,
392 2006 516 2043 vicem
532 2015 667 2042 eorum
689 2001 887 2039 subibant.
940 1999 1136 2037 Posterior
1151 2012 1201 2037 ae-

322 2064 399 2106 tas,
426 2059 502 2097 nisi
532 2059 660 2103 fallor,
679 2056 835 2094 diverso
862 2054 1039 2104 paullum
1067 2065 1199 2100 sensu,

323 2115 393 2164 qui
422 2113 534 2152 velut
559 2112 738 2152 custodes
767 2110 941 2161 quidam,
974 2108 1129 2154 arbitri,
1160 2113 1201 2146 et

323 2169 574 2218 inspectores.
629 2165 862 2204 Plutarchus
889 2164 915 2200 l.
940 2174 976 2201 c.
1005 2159 1199 2216 διατήξας

323 2223 467 2261 vertit:
496 2226 538 2260 et
564 2222 608 2260 in
633 2221 766 2269 legum
794 2218 905 2256 libris
931 2217 1052 2266 Optio
1080 2216 1199 2254 fabri-

320 2290 391 2325 eoe,
424 2276 543 2315 simili
575 2287 714 2313 sensu:
751 2275 794 2311 in
825 2271 1044 2316 Ambrosio,
1078 2271 1199 2319 Optio

321 2333 486 2369 carceris
521 2330 724 2378 scriptum.
754 2327 937 2365 videntur
969 2326 1011 2363 in
1046 2337 1199 2374 quaque

320 2386 501 2435 centuria
526 2386 567 2422 hi
592 2385 727 2429 fuisse,
751 2394 800 2420 ex
822 2381 952 2429 lapide
975 2380 1042 2428 qui
1068 2380 1110 2416 in
1137 2380 1199 2416 Pi-

321 2449 428 2481 ceno,
449 2438 529 2491 (ap.
559 2439 676 2488 Grut.
703 2449 742 2488 p.
761 2434 868 2485 551.)
901 2446 938 2472 c.
968 2444 1195 2471 mucimus:

320 2506 417 2533 cfr.
435 2505 529 2532 νει.
559 2502 722 2532 vmnnx
747 2500 842 2529 Mil..
871 2500 967 2528 con.
989 2499 1048 2526 vr.
1067 2498 1198 2526 Pnae'r.

319 2560 410 2588 vix·
438 2559 540 2588 ANN.
571 2558 670 2584 xxx.
698 2555 939 2583 mm'rAvir.
966 2553 1096 2581 ANNrs
1116 2554 1198 2580 x11.

323 2613 590 2645 nunciamus
620 2609 967 2639 BENEFICIARIUS.
994 2607 1194 2636 Turnum.

324 2669 497 2698 numne.
527 2667 665 2695 omo.
698 2665 745 2693 m
771 2663 1000 2692 cernuam.
1025 2651 1121 2689 alibi
1150 2663 1197 2688 u-

318 2718 505 2762 trumque
521 2711 706 2759 junctum
732 2709 852 2757 legas,
871 2711 912 2744 et
928 2706 1196 2744 Tesserarium

320 2772 362 2805 et
378 2768 589 2816 optionem
607 2777 616 2800 :
645 2768 692 2802 ut
710 2764 752 2801 in
769 2762 836 2800 illo
849 2772 1054 2807 marmore,
1072 2770 1197 2819 uoui-

321 2833 380 2860 Tr.
400 2832 499 2860 con.
519 2829 726 2858 EJUSDEM.
755 2826 1027 2855 resumam.
1057 2825 1198 2854 orrio-

324 2887 384 2914 Νι.
441 2875 518 2926 (Cf.
546 2878 585 2910 et
614 2875 729 2911 Grut.
762 2883 805 2922 p..
831 2875 925 2914 445,
959 2866 1035 2919 10.)
1092 2868 1198 2906 Male

321 2935 455 2967 autem
474 2930 661 2965 hactenus
679 2927 719 2964 in
736 2925 874 2963 Tacito
896 2925 974 2970 hic,
996 2922 1195 2968 Othonem,

320 2984 479 3026 lectum,
496 2988 632 3020 contra
657 2980 834 3018 meliores
859 2978 995 3023 libros,
1025 2978 1195 3026 itemque

321 3038 473 3085 (Jujacii
501 3037 651 3074 monita
679 3041 720 3071 et
747 3032 1049 3072 'h1rnebi·A‹1v.
1079 3036 1120 3077 4,
1154 3036 1193 3069 7.

321 3092 431 3129 Lu’s.
464 3091 663 3140 optionem
680 3084 790 3126 MSS.
808 3088 909 3125 Flor.
925 3086 1028 3123 Bud.
1046 3085 1106 3122 ed.
1131 3095 1196 3134 pr.

319 3146 378 3184 At
411 3146 541 3182 Guelf.
573 3144 657 3181 edd.
694 3143 844 3180 Puteol.
872 3153 954 3190 sqq.
983 3149 1107 3188 usque
1145 3139 1194 3175 ad

322 3199 500 3247 Lipsium
538 3198 733 3236 Othonem.
777 3198 899 3234 Iidem
931 3193 1022 3231 libri
1053 3193 1193 3230 eodem.

319 3256 411 3293 Post
442 3253 648 3303 perductos
680 3251 752 3288 int.
791 3252 839 3287 ad
870 3260 927 3293 se,
963 3244 1191 3298 (Othonem)

318 3311 455 3356 estque
497 3309 536 3344 in
581 3309 733 3354 partem
765 3304 995 3341 deteriorem
1030 3302 1192 3345 dictum,

319 3362 428 3410 turpi
446 3361 493 3397 de
511 3371 668 3406 caussa3
701 3363 748 3396 ut
765 3359 918 3395 feminae
945 3354 1191 3391 alenonibus

317 3417 476 3466 perduci
509 3416 706 3453 dicuntur.
748 3414 856 3452 ERN.
911 3409 1013 3448 Bud.
1052 3410 1192 3446 Ventu-

319 3483 656 3574 wiffunipueares]
689 3521 790 3558 Sunt
816 3519 872 3564 hi,
894 3528 989 3567 quos
1005 3516 1192 3565 Vegetius

1307 1461 1378 1498 Ad
1386 1460 1672 1514 perteruandos]
1705 1463 1813 1500 Infra
1828 1475 1864 1500 c.
1882 1469 1947 1504 29.
1974 1464 2131 1512 Lipsius

1255 1515 1415 1563 corrigit
1423 1521 1670 1566 proetentare,
1687 1517 1749 1555 hie
1766 1518 1958 1556 intactum
1972 1522 2134 1567 praeter·

1254 1569 1392 1606 mittit.
1449 1570 1522 1607 Sed
1565 1569 1623 1607 ibi
1656 1583 1750 1609 sane
1789 1571 2028 1621 probabilior
2071 1575 2134 1610 est

1255 1624 1491 1670 conjectura.
1545 1624 1625 1662 Hic
1644 1631 1791 1663 tentare
1810 1626 2041 1675 simpliciter
2065 1625 2148 1662 de-·

1256 1677 1463 1723 sideratur,
1485 1689 1557 1726 pro
1572 1691 1649 1727 quo
1662 1685 1880 1732 pertentare
1904 1691 1966 1730 ap.
1984 1681 2149 1719 ‘rerem

1253 1732 1371 1778 tium,
1411 1733 1652 1780 Ciceronem,
1686 1734 1840 1771 Livium
1870 1738 1913 1772 et
1942 1735 2040 1774 alios
2073 1735 2130 1772 di·

1255 1787 1370 1823 citur.
1397 1787 1504 1824 ERN.
1527 1787 1532 1791 '

1307 1841 1387 1877 Per
1410 1841 1589 1889 beneficia
1616 1839 1868 1892 Nymphidii]
1899 1841 1944 1879 ld
1968 1844 2042 1888 est,
2061 1843 2129 1891 qui

1255 1894 1422 1941 promoti
1455 1897 1583 1931 essent
1629 1905 1700 1942 per
1731 1895 2030 1944 Nymphidium,
2065 1907 2143 1934 eos

1256 1948 1418 1985 incitare
1434 1952 1477 1985 et
1501 1947 1670 1996 irritare,
1688 1952 1736 1986 ut
1752 1949 1886 1990 Galbae
1913 1953 2130 1999 suspectos.

1254 2003 1347 2050 quia
1362 2003 1644 2050 Nymphidium
1662 2003 1831 2040 invisum
1859 2004 2130 2053 ipsepustule-

1253 2060 1328 2094 rat.
1383 2058 1598 2094 Commune
1629 2061 1778 2104 autem,
1807 2062 1859 2095 ut
1890 2057 2128 2096 beneficiarii

1254 2110 1491 2148 benefactori
1508 2122 1578 2147 suo
1594 2111 1838 2149 adhaereant:
1867 2116 1985 2160 atque
2001 2113 2059 2149 ita
2079 2113 2129 2150 de

1251 2165 1407 2212 Sejano,
1435 2166 1619 2202 Praefecto
1651 2165 1746 2204 item
1773 2166 1964 2211 Praetorii,
2010 2177 2130 2215 supra

1253 2225 1294 2265 4,
1327 2225 1364 2256 2.
1422 2220 1552 2257 Simul
1580 2220 1827 2258 Centuriones
1858 2233 1906 2258 ac
1939 2221 2128 2258 Tribunos

1251 2274 1332 2322 ipse
1348 2274 1528 2323 deligere.
1549 2275 1604 2319 et,
1622 2274 1724 2322 quod
1740 2275 1932 2323 sequitur,
1950 2273 2129 2321 beneficii

1252 2327 1313 2364 sui
1332 2328 1468 2364 facere.
1497 2329 1606 2365 Lirs.
2054 2348 2059 2355 ·

1308 2383 1358 2418 In
1384 2382 1576 2419 communi
1606 2393 1733 2418 omnes
1763 2379 1882 2432 metu]
1914 2382 2128 2419 Rhenanus

1255 2434 1320 2486 (ex
1346 2434 1518 2484 ingenio)
1540 2435 1708 2473 correxit
1735 2434 1833 2471 bene
1848 2437 1891 2472 in
1917 2447 2127 2474 commuue.

1247 2493 1298 2527 >ui:
1324 2490 1457 2538 paullo
1483 2493 1572 2538 post
1594 2490 1847 2527 accendendos
1871 2491 2127 2528 inc-omnum

1251 2549 1375 2581 rat-us.
1433 2543 1542 2582 Libri
1562 2555 1637 2581 scr.
1665 2547 1706 2580 et
1733 2544 1818 2580 edd.
1847 2544 1891 2580 in
1917 2544 2139 2588 communi,

1252 2598 1364 2636 male.
1394 2598 1650 2635 Teo-rebantur
1665 2609 1798 2635 omnes
1815 2597 1921 2635 libri.
1958 2598 2127 2636 Pichenn

1250 2652 1360 2689 velut
1375 2664 1396 2688 e
1414 2653 1496 2689 cod.
1521 2652 1579 2690 Fi.
1605 2652 1712 2688 dedit
1738 2658 1878 2689 exter-r.
1907 2652 2008 2701 quod
2035 2663 2126 2702 pro—

1251 2713 1437 2755 pagatum
1465 2718 1588 2755 usque
1605 2707 1653 2743 ad
1670 2706 1873 2754 Ryckium.
1901 2707 2008 2743 ERN.
2063 2705 2131 2744 lbi·

1251 2761 1332 2798 scil.
1347 2761 1554 2798 recentiori
1570 2772 1689 2798 manu
1709 2761 1747 2797 id
1764 2760 2085 2808 superscriptum.

1304 2815 1463 2852 Postero
1497 2815 1634 2852 iduum
1666 2814 1744 2864 die]
1775 2814 1978 2862 Hispanus
2008 2813 2123 2859 liber,

1252 2869 1414 2906 dierum.
1469 2870 1553 2918 Ego
1570 2873 1782 2917 utrumque
1799 2867 2023 2905 addititium
2049 2879 2123 2916 pu-

1251 2927 1308 2969 to,
1325 2927 1366 2960 et
1379 2930 1531 2972 postero
1551 2923 1708 2967 Iduum,
1726 2921 1868 2958 scribo.
1889 2923 1999 2959 Lu’s.
2021 2922 2123 2959 Die-

1249 2989 1338 3014 rum
1365 2978 1451 3015 MS.
1479 2977 1581 3015 Flor.
1613 2975 1669 3027 (et
1686 2973 1806 3024 Bud.)
1839 2976 1896 3014 At
1913 2975 2045 3012 GueIf.
2066 2975 2124 3026 (et

1250 3029 1362 3081 Agr.)
1391 3032 1478 3069 edd.
1499 3032 1572 3068 die.
1598 3030 1768 3068 Pichena
1788 3028 2018 3076 conjiciebat
2045 3030 2122 3066 Ja-

1249 3097 1362 3124 mcar.
1394 3085 1503 3135 (quia
1530 3096 1622 3122 mox·
1652 3082 1820 3120 occurrit
1851 3083 1999 3121 XVIII.
2027 3083 2119 3121 Kal.

1248 3136 1377 3188 Febr.)
1408 3150 1499 3176 nam
1523 3138 1666 3175 mensis
1691 3147 1833 3174 nomen
1861 3136 2120 3183 adjiciendum

1247 3194 1387 3230 fuisse:
1418 3192 1518 3241 quod
1547 3196 1651 3229 recte
1678 3194 1796 3240 negat
1815 3191 1857 3229 J.
1885 3192 2121 3236 Gronovius,

1248 3247 1331 3284 non
1347 3250 1479 3283 tamen
1495 3257 1542 3282 ea
1563 3257 1712 3290 caussa,
1730 3255 1847 3292 quam
1875 3245 2001 3292 ponit,
2017 3245 2121 3294 quod

1247 3301 1380 3337 statim
1397 3301 1540 3338 mensis
1557 3311 1600 3336 ac
1616 3298 1802 3346 temporis
1824 3299 1975 3341 notatio
1991 3299 2121 3347 sequi·

1246 3359 1337 3392 tur:
1368 3355 1434 3390 sed
1452 3354 1553 3401 quod
1574 3352 1770 3401 pra-*cessit
1785 3363 1819 3388 c.
1841 3358 1902 3390 18.
1955 3352 2030 3390 Sed
2054 3363 2120 3390 ve·
2139 3375 2141 3377 ν

1246 3419 1349 3454 reor,
1367 3419 1416 3444 ne
1435 3408 1519 3444 alia
1540 3408 1603 3443 hic
1626 3406 1847 3454 corrupteta
1871 3409 2005 3443 restet.
2061 3405 2119 3444 Ae

1246 3462 1411 3498 formam
1441 3462 1595 3510 quidem
1639 3460 1820 3508 loquendi
1854 3461 1999 3497 feram:
2044 3460 2118 3497 etsi

1245 3515 1342 3553 alias
1370 3527 1447 3552 non
1474 3514 1617 3564 reperi,
1637 3514 1838 3562 diem‚.qui
1856 3514 2021 3564 Kalend.
2039 3514 2120 3551 No-
