2190 3880
686 138 844 198 ΜΒ.
893 145 960 198 11.
1017 149 1183 198 CAP.
1215 153 1296 204 77.
1819 155 1913 203 139

102 291 202 346 quo
231 278 397 346 posses
429 272 595 327 videri
633 290 789 326 conca
824 272 932 326 isse.
971 271 1367 345 confugiendum
1401 281 1470 325 est
1506 274 1575 325 ad
1610 274 1912 344 Imperium.
1927 292 1978 333 A.
1997 291 2057 334 U.

107 345 200 398 An
211 344 410 416 ‘excidit
434 342 724 397 trucidatus
753 291 1016 396 (ssrbuloii'
1052 343 1369 414 splendidior
1393 343 1608 413 origine,
1634 364 1790 414 quam
1826 366 1914 399 nos
1945 348 2041 386 823.

102 414 533 487 sumus,.sateor:
580 413 671 467 sed
707 422 756 467 et
795 413 955 480 Nero,
1003 414 1274 466 nobilitate
1314 413 1588 478 natalium,
1642 414 1692 472 V
1698 397 2030 493 itelliumA;§
2033 428 2048 440 '

101 485 350 539 anteibat.
404 485 547 538 Satis
568 484 737 537 cla-ms
753 494 824 539 est
848 484 996 555 apud*
1011 486 1282 551 timentem,
1304 484 1530 556 quisquis
1555 484 1778 536 timetur.
1841 488 1916 540 Et
1963 471 1973 499 ⁴
2014 482 2027 494 ”

90 566 239 626 posse
263 554 330 608 ab
350 556 570 609 exercitu
595 555 893 626 Principem
897 555 1045 625 fieri,
1074 556 1170 608 sibi
1194 556 1297 627 ipse
1328 552 1571 607 Vitellius
1593 555 1918 621 documento5

101 626 260 679 nullis
294 625 576 697 stipendiis,
615 625 761 678 nulla
799 626 1018 678 militari
1035 625 1215 698 fama,
1254 625 1442 691 Galbce
1478 625 1594 678 odio
1630 636 1919 696 provectus.

106 695 215 750 Nec
252 694 502 749 Othonem
526 695 727 767 quidem
754 696 922 749 Duc-is
944 706 1072 761 arte,
1110 701 1200 749 aut
1228 695 1469 749 exercitus
1492 696 1564 762 vi,
1589 696 1676 748 sed
1687 714 1918 766 praepro—

97 785 224 836 pera
249 767 405 838 ipsius
429 766 770 836 desperatione
797 768 1004 831 victum,
1013 769 1136 839 jam
1174 764 1555 821 desiderabilem
1591 776 1640 819 et
1675 785 1919 837 magnum

103 837 403 907 Principem
404 835 567 908 fecit.
621 836 755 889 Cum
779 837 983 889 interim
1004 838 1201 908 spargit
1226 838 1460 912 legiones,
1484 847 1715 892 exarmat
1741 838 1918 891 cohor-

100 917 189 972 tes,
210 923 342 960 nova
369 907 593 979 quotidie
613 907 746 960 bello
769 908 958 960 semina
980 904 1260 961 ministrat.
1296 909 1341 962 si
1367 908 1492 979 quid
1515 908 1715 960 ardori-s
1741 927 1800 967 ac.
1821 908 1916 980 fe-

100 978 414 1031 rosiae-'miles
436 977 637 1044 habuit,
678 978 882 1047 popinis
905 987 952 1031 et
975 979 1408 1032 comissationibus
1434 988 1481 1031 et
1508 978 1775 1048 Principis
1797 980 1918 1032 imi-

102 1049 314 1114 tatione,
352 1048 613 1102 deteritur.
691 1047 813 1100 Tibi
850 1067 876 1101 e
912 1048 1101 1102 Judaea
1135 1057 1184 1101 et
1222 1049 1380 1120 Syria
1418 1058 1465 1101 et
1489 1049 1714 1120 AEgypto
1739 1068 1917 1112 novem

100 1119 316 1191 legiones
340 1119 566 1202 integrat,
593 1118 739 1171 nulla
764 1119 872 1170 acie
895 1119 1162 1184 exhaustae,
1201 1138 1303 1172 non
1335 1120 1595 1171 discordia
1624 1130 1878 1191 conruptce
1898 1143 1915 1174 .·

101 1189 194 1250 sed.
202 1190 453 1260 firmatus
479 1208 570 1243 usu
593 1189 751 1253 miles,
787 1198 835 1242 et
861 1189 981 1242 belli
1008 1189 1227 1243 domitor
1248 1191 1440 1242 externi
1456 1212 1471 1242 .·
1511 1190 1762 1254 classium,
1800 1191 1913 1243 ala-

101 1279 235 1327 rum,
260 1261 541 1313 cohortium
575 1259 794 1321 robora3
830 1269 878 1311 et
945 1260 1144 1314 ’dissimi
1170 1259 1366 1331 Reges:
1403 1269 1451 1313 et
1485 1269 1574 1311 tua
1600 1269 1718 1312 ante
1750 1280 1916 1314 omnes

100 1331 426 1402 experientia.
501 1329 668 1390 Nobis
694 1329 830 1383 nihil
851 1339 991 1383 utra
1017 1331 1294 1403 adrogabo,
1321 1350 1474 1402 quam
1496 1349 1556 1382 ne
1578 1339 1695 1399 post
1726 1328 1911 1385 Valen-
1928 1345 1995 1397 77

98 1411 208 1455 tem,
239 1421 299 1455 ac
340 1400 597 1456 Caecinam
641 1412 975 1454 numeremur.
1052 1401 1136 1455 Ne
1169 1411 1338 1455 tamen
1373 1401 1687 1454 Mucianum
1722 1403 1915 1455 socium

97 1473 357 1543 spreveris,
384 1473 507 1543 quia
532 1472 766 1524 aemulum
792 1491 892 1524 non
924 1472 1183 1543 erperiris.
1221 1491 1298 1525 me
1330 1471 1535 1524 Vitellio
1572 1480 1839 1541 antepono,
1866 1483 1916 1526 te

99 1543 243 1598 milii.
321 1543 442 1596 Tace
467 1543 641 1595 domui
663 1543 970 1612 triumphale
1007 1562 1204 1608 nomen,
1231 1543 1330 1595 duo
1341 1544 1573 1614 juvenes,
1608 1561 1771 1612 capax
1790 1547 1916 1614 jam

101 1614 320 1684 Imperii
345 1613 492 1680 alter,
519 1623 566 1666 et
584 1614 767 1684 primis
796 1613 991 1666 militiae
1017 1615 1169 1667 annis
1195 1614 1334 1684 apud
1363 1612 1697 1666 Germanicos
1719 1632 1916 1685 quoque

100 1685 343 1737 exereitus
370 1683 555 1739 clarus.
626 1683 1122 1755 Absurdumfuerit,
1149 1704 1249 1737 non
1275 1686 1445 1736 cedere
1472 1683 1695 1753 Imperio
1733 1685 1796 1749 ei,
1825 1705 1914 1738 cu-

83 1755 371 1827 jusfilium
396 1755 731 1825 adoptaturus
754 1773 925 1819 essem,
951 1755 995 1806 si
1020 1755 1123 1825 ipse
1147 1756 1463 1825 imperarem.
1522 1753 1756 1806 Ceterum
1783 1756 1916 1808 inter

102 1846 191 1878 nos
235 1845 338 1879 uon
377 1826 508 1877 idem
553 1830 911 1895 prosperarum
951 1826 1376 1895 adversarumque
1418 1843 1586 1877 rerum
1638 1824 1759 1877 ordo
1797 1827 1915 1879 erit.

105 1897 265 1962 Nam,
289 1897 334 1948 si
358 1896 626 1960 vincimuS,
662 1897 916 1959 honorem,
943 1915 1088 1966 quem
1128 1896 1336 1960 dederis,
1376 1895 1600 1948 habebo:
1648 1894 1915 1950 discrimen

100 1987 160 2020 ac
179 1967 412 2038 pericula
437 1985 497 2018 ex
524 1985 664 2038 (equo
682 1967 960 2035 patiemur.
990 1968 1161 2032 imme,
1183 1976 1242 2019 ut
1267 1965 1442 2018 melius
1468 1975 1555 2030 est,
1581 1973 1639 2017 tu
1662 1965 1751 2018 lios
1775 1986 1915 2019 exer-

99 2039 231 2092 citus
251 2056 397 2109 rege3
434 2037 561 2093 milli
598 2037 784 2090 bellu-m
824 2046 871 2090 et
887 2037 1190 2109 proelioram
1223 2038 1417 2091 incerta
1459 2035 1620 2089 trade.
1698 2035 1916 2092 Acriore

97 2245 274 2289 modesta
290 2242 406 2282 aetate
433 2244 532 2284 nihil
555 2244 805 2292 juveniliter,
821 2247 891 2281 aut
907 2255 975 2281 cu-

100 2299 192 2348 pide
219 2303 340 2347 atque
369 2298 577 2335 ambitiose
602 2298 730 2336 visum
762 2299 811 2335 iri
842 2310 974 2346 agere,

99 2349 165 2390 sed
183 2353 315 2391 omnia
330 2353 460 2389 studio
479 2356 519 2389 et
539 2352 672 2388 amore
701 2351 941 2401 Reipublicae
957 2351 971 2388 Ξ

98 2406 162 2444 An
189 2406 321 2454 potius
350 2407 428 2442 alio
444 2406 539 2451 telo,
562 2409 602 2442 et
620 2405 780 2454 proprio
806 2405 979 2453 periculo

81 2459 278 2509 excitat?
309 2459 424 2508 Abiit
445 2459 530 2506 jam
557 2462 729 2507 tempus,
747 2469 820 2495 nec
847 2460 890 2496 in
907 2463 979 2495 tua

98 2525 219 2550 manu
237 2518 311 2558 est,
329 2513 576 2556 dissimulare
593 2516 664 2549 aut
676 2517 809 2561 tegere
827 2512 979 2560 cupidi-

100 2578 192 2604 nem
209 2567 385 2614 Imperii.
438 2567 530 2602 Jam
557 2566 735 2602 innotuit
758 2566 896 2602 multis
927 2565 980 2601 si·

101 2620 206 2668 guizi,
225 2623 281 2664 et,
301 2627 349 2655 ut
365 2619 494 2655 salvus
519 2619 588 2663 sis,
606 2618 908 2667 confugiendum
926 2624 981 2655 est

101 2674 157 2710 ad
201 2673 428 2720 Imperium.
486 2673 599 2709 Lu‘s.
667 2673 751 2708 MS.
785 2672 980 2708 Budensis

100 2727 340 2775 concepisse.-
368 2726 429 2763 ed.
455 2737 516 2773 pr.
535 2727 810 2773 concupiscere.
865 2726 981 2761 Cete-

98 2791 188 2817 rum
206 2779 315 2827 prior
342 2779 466 2827 Lipsii
491 2778 766 2826 interpretatio
789 2789 882 2814 vera
905 2781 978 2815 est.

95 2833 190 2870 Non
224 2831 405 2870 videbere
439 2832 655 2880 cupiditate
682 2831 816 2878 aliqua
849 2831 976 2867 elatus

98 2885 314 2935 Imperium
328 2888 530 2934 appetere,
543 2888 590 2935 ut
604 2897 650 2921 eo
668 2885 827 2920 nomine
843 2895 976 2931 repre-

98 2940 217 2977 hendi
235 2940 375 2991 possis,
393 2941 459 2976 sed
472 2939 707 2990 ‚necessitate
724 2937 886 2986 publica
898 2937 979 2986 pri-

99 2997 267 3042 vataque
284 2997 454 3031 coactus.
493 2993 602 3030 Eam.

150 3047 393 3090 Documento
428 3045 501 3096 est]
534 3045 597 3083 Sic
625 3044 714 3082 edd.
742 3055 888 3083 omnes.
923 3044 980 3080 At

97 3106 154 3138 est
171 3112 196 3137 a
213 3100 316 3138 mor.
342 3099 479 3151 (Bud.)
511 3103 552 3136 et
574 3098 706 3136 Guelf.
732 3097 868 3134 abest:
898 3108 980 3133 me·

97 3154 255 3203 liusque
297 3150 422 3191 abest.
486 3152 625 3202 ltaque
669 3152 810 3189 delevi.
867 3151 977 3188 ERN.

99 3207 230 3245 Rhen.
250 3210 394 3244 servat.

155 3261 220 3298 Ne
253 3260 440 3297 Othonem
466 3259 618 3310 quidem
635 3258 763 3296 Ducis
790 3263 887 3302 arte,
906 3263 975 3294 aut

100 3315 292 3351 exercitum
302 3315 356 3358 vi,
369 3311 454 3360 sed]
483 3312 697 3350 Brevitatis
708 3315 750 3347 et
760 3312 976 3348 seutentia-

102 3377 192 3403 rum
226 3367 269 3403 in
302 3370 456 3403 aretum
489 3365 863 3417 compingendarum
896 3368 978 3402 stu·

103 3419 213 3456 dium
240 3420 437 3457 duriorem
467 3420 530 3456 hic
557 3420 774 3455 orationem
806 3418 913 3463 fecit,
933 3420 978 3454 ut

101 3483 183 3508 non
198 3474 450 3520 grammatice
469 3477 620 3509 structa
639 3473 704 3508 sit.
748 3473 892 3509 Insunt
906 3473 984 3507 duo

99 3530 362 3576 prgumenta:
391 3527 578 3575 primum,
610 3526 738 3564 victus
766 3523 875 3565 ‚Otho
905 3535 984 3562 non

1030 2247 1090 2281 est
1116 2247 1412 2293 argumentum,
1429 2242 1635 2281 vitellium
1663 2253 1746 2293 esse
1765 2241 1914 2279 bonum

1028 2300 1195 2342 Ducem,
1230 2302 1301 2335 aut
1331 2297 1566 2335 Vitellianos
1601 2298 1720 2333 fortes
1756 2296 1918 2333 milites.

1029 2352 1237 2389 Alterum:
1256 2352 1410 2389 Vitellii
1431 2352 1589 2388 foeditas
1602 2351 1712 2397 facit,
1730 2352 1777 2387 ut
1795 2350 1915 2386 etiam

1032 2406 1140 2442 Otho
1168 2417 1334 2453 magnus
1370 2410 1411 2441 et
1435 2404 1702 2442 desiderabilis
1728 2404 1914 2451 Princeps

1032 2459 1155 2496 fuisse
1169 2460 1364 2496 videatur.
1400 2459 1508 2495 Ante
1526 2459 1654 2495 Rhen.
1671 2462 1757 2494 erat
1772 2457 1914 2492 vitiose

1033 2515 1226 2549 exereitus
1241 2514 1315 2549 sui.
1359 2514 1470 2550 ERN.
1511 2512 1573 2549 Sic
1598 2516 1638 2548 et
1665 2511 1768 2548 Bud.
1809 2509 1915 2547 scita

1034 2566 1255 2602 emendatio
1270 2566 1468 2603 Rhenani.
1512 2566 1606 2602 (lod.
1622 2565 1718 2612 Agr.
1736 2576 1804 2599 neo
1822 2563 1914 2599 Otli.

1033 2631 1072 2668 q.
1092 2619 1194 2667 quod
1210 2630 1393 2667 recepere
1409 2619 1499 2666 Bip.
1516 2630 1670 2666 sequor.
1698 2618 1794 2654 Mox
1810 2616 1914 2653 Bud.

1035 2674 1077 2707 et
1090 2673 1176 2710 edd.
1192 2676 1269 2710 vet.
1290 2672 1641 2710 comessationibus,
1697 2671 1805 2708 Idem
1824 2675 1915 2706 ante

1035 2737 1176 2762 omme.

1086 2778 1150 2814 Ac
1162 2777 1340 2826 pericula
1358 2789 1408 2813 ex
1425 2789 1534 2827 oequo
1550 2774 1766 2827 patiemur]
1800 2776 1915 2813 Peri-

1032 2832 1123 2867 cula
1141 2843 1163 2866 e
1193 2830 1298 2869 Flor.
1318 2829 1441 2867 edidit
1463 2831 1571 2868 Pich.
1590 2843 1662 2878 pro
1682 2830 1914 2880 periculum.

1033 2883 1096 2920 Sic
1126 2887 1168 2920 et
1196 2884 1259 2920 ed.
1293 2895 1353 2932 pr.
1405 2884 1614 2922 Patiemur
1647 2885 1752 2921 Flor.
1782 2882 1915 2920 Guelf.

1037 2937 1155 2987 (Bud.
1175 2938 1271 2985 Agr.
1288 2939 1385 2985 Reg.
1414 2937 1529 2988 Lan.)
1557 2938 1642 2974 edd.
1674 2949 1733 2986 pr.
1762 2936 1916 2974 Puteol.

1034 2991 1151 3041 idque
1183 2990 1286 3026 bene
1319 2991 1550 3028 restitutum
1587 3003 1612 3028 a
1643 2991 1682 3028 J.
1703 2991 1916 3028 Gronovio.

1033 3045 1082 3081 In
1107 3044 1289 3081 Beroaldi
1318 3045 1374 3080 ed.
1407 3045 1567 3095 irrepsit
1593 3045 1824 3094 partiemur,
1844 3045 1916 3080 du-

1033 3096 1159 3143 bium,
1172 3109 1225 3134 an
1245 3097 1292 3133 de
1320 3099 1483 3135 consilio
1507 3098 1716 3136 Beroaldi:
1747 3098 1838 3134 inde
1865 3098 1916 3134 ad

1030 3162 1166 3188 omnes
1183 3151 1269 3187 edd.
1295 3155 1572 3200 propagatum.
1626 3151 1807 3188 Pericula
1833 3162 1914 3187 non

1031 3205 1227 3252 partimur
1253 3216 1300 3240 ex
1328 3217 1453 3253 aequo,
1473 3207 1539 3242 sed
1570 3205 1763 3242 subimus.
1803 3205 1913 3243 ERN.

1028 3258 1132 3296 Bud.
1140 3258 1372 3306 perieulum.
1397 3261 1494 3307 Agr.
1505 3260 1696 3308 pericula.
1715 3259 1805 3306 Bip.
1825 3270 1914 3293 rur·

1030 3322 1096 3347 sus
1114 3316 1315 3359 reponunt
1327 3314 1560 3362 partiemur,
1577 3323 1649 3348 nec
1667 3311 1847 3355 dubium,
1867 3310 1913 3346 li-

1032 3375 1119 3401 cere
1153 3365 1282 3401 dicere
1312 3367 1461 3415 partiri
1492 3367 1686 3414 pericula,
1724 3371 1768 3401 ut
1799 3376 1913 3400 curas

1032 3418 1139 3466 apud
1157 3419 1242 3455 Liv.
1263 3424 1330 3465 21,
1351 3425 1417 3458 21.
1463 3419 1536 3456 Sed
1554 3419 1686 3456 obstat
1703 3427 1912 3456 consensus

1036 3471 1227 3519 codicum.
