2190 3880
672 125 839 179 Ι..ΙΒ.7
869 131 962 193 IV.
1012 132 1178 180 cAP.
1199 138 1280 184 83.
1301 158 1309 198 χ
1811 141 1908 187 315

30 280 33 282 ’
93 255 180 310 die
212 255 471 312 ‚Basilides
503 253 743 335 templum
769 253 986 307 inisset?
1023 267 1417 326 percunctatur>
1449 258 1660 324 obvios,
1694 279 1816 314 num
1852 262 1970 323 τήΑ,
1989 285 2042 327 u,

98 328 222 380 urbe
246 327 381 380 visus
403 324 510 379 sit?
545 327 801 395 denique,
830 327 1005 378 missis
1032 327 1326 395 equitibtiS,
1355 329 1621 397 explorat,
1649 332 1740 383 illo
1770 346 1905 385 tem·
1919 341 2032 431 {322-

90 399 251 468 ‘poris
265 409 550 450 momento
580 399 866 467 octoginta
891 397 1140 478 millibus·
1162 415 1413 468 passuum
1442 399 1697 453 abfuisse.
1750 402 1905 455 Tunc
1936 448 1983 487 71

99 467 361 521 Divinam
395 469 630 540 speciem
669 481 726 519 et
753 469 863 520 vim
901 486 1143 538 responSi
1183 486 1251 520 ex
1290 468 1508 520 nomine
1544 468 1796 524 Basilidis
1823 475 1904 525 in-

97 548 424 609 terpretatus
471 552 572 591 est.
650 539 838 610 Origo·
882 538 1014 594 Dei.
1049 539 1290 591 nondum
1343 539 1540 591 nostris
1590 545 1902 596 auctoribus
1921 549 1987 598 83

98 609 404 676 celebrata3
436 610 830 680 AEgyptiorum
857 610 1128 662 antistites
1156 610 1234 662 sic
1262 621 1595 663 memorant:
1631 611 1905 667 Ptolemaeo

98 677 256 751 Regi,
307 681 398 751 qui
445 679 790 732 Macedonum
826 679 1026 750 primus
1073 680 1292 750 AEgypti
1337 699 1450 751 opes
1479 680 1742 749 firmavit,
1776 703 1911 745 ,cu-m

92 748 429 808 Alexandriae
450 768 630 817 recens
667 749 876 802 conditae
900 751 1086 802 muenia
1123 750 1404 821 templaque
1441 761 1488 802 ec
1523 751 1789 823 religiones
1813 754 1908 805 ad-

96 821 250 893 deret,
279 821 524 886 oblatum,
543 838 639 890 pet·
663 820 894 891 quietem,
920 820 1092 873 decore
1127 821 1309 874 eximio
1337 831 1384 874 et
1418 822 1610 892 majore
1634 841 1788 892 quam
1812 824 1909 876 lm-

96 910 253 961 maua
277 892 435 962 specie
453 893 718 962 juvenem,
744 891 834 961 qui
858 901 1093 957 moneret,
1116 903 1195 957 ut,
1225 893 1499 944 fidissimis
1527 893 1824 947 amicorum
1851 896 1907 949 in

90 962 339 1016 Pontum
379 963 575 1025 missis,
616 963 856 1032 effigiem
895 981 1046 1015 suam
1084 963 1315 1016 acciret:
1362 963 1548 1014 laetum
1591 964 1644 1016 id
1689 965 1906 1036 Regno,

93 1050 461 1104 magnamque
523 1044 579 1084 et
646 1033 890 1085 inclitam
952 1034 1134 1086 sedem
1197 1034 1331 1096 fore,
1394 1053 1517 1103 quae
1581 1038 1905 1107 excepisset.

92 1103 248 1156 simul
277 1105 440 1161 visum
476 1103 697 1157 eumdem
707 1104 951 1174 juvenem
984 1104 1040 1155 in
1078 1103 1252 1156 coelum
1291 1105 1409 1173 igne
1437 1105 1664 1172 plurimo
1700 1103 1906 1165 adtolli.

94 1173 451 1242 PtolemaeuS,
474 1175 656 1227 omine
683 1175 1026 1228 etmiraculo
1054 1175 1286 1236 excitUS‚
1316 1176 1700 1228 Sacerdotibus
1729 1177 1905 1248 AEgy-

93 1246 354 1316 ptiorum,
386 1247 585 1316 quibus
613 1263 729 1296 mos
761 1244 888 1297 talia
927 1245 1246 1316 intelligere,
1272 1257 1566 1298 nocturnos
1597 1248 1739 1299 visus
1777 1268 1906 1319 ape-

92 1318 183 1370 rit.
253 1317 438 1387 Atque
467 1317 588 1380 illis,
617 1315 781 1368 Ponti
809 1329 865 1368 et
890 1328 1238 1369 externorum
1266 1316 1458 1386 *parum
1488 1317 1689 1387 gnaris,
1716 1318 1904 1373 Timo-

0 1380 13 1388 *
91 1386 301 1452 theum,
353 1387 764 1452 Atheniensem,
806 1405 835 1438 e
880 1401 1042 1458 gente
1091 1387 1559 1457 Eumolpidarum,
1610 1407 1792 1458 quem,
1847 1402 1905 1442 ut

91 1459 394 1513 antistitem
431 1458 887 1522 caerimoniarum,
919 1457 1169 1511 Eleusine
1206 1459 1503 1524 exciverat,
1542 1477 1772 1528 quamam
1807 1458 1913 1514 illa·

91 1529 397 1600 superstitio,
422 1528 560 1600 quod
586 1527 833 1581 Numen?
871 1531 1189 1601 interrogat.
1264 1529 1603 1594 TiinothetiS‚
1638 1533 1903 1599 quaesitiS‚

91 1600 187 1671 qui
225 1601 279 1654 in
322 1600 561 1653 Pontum
602 1612 888 1664 meassent,
919 1602 1224 1671 cognoscit,
1264 1603 1451 1652 urbem
1493 1601 1601 1652 illic
1641 1603 1902 1673 Sinopen,

89 1688 192 1738 nec
220 1671 407 1742 procul
440 1671 721 1742 ternplum,
745 1684 923 1723 vetere
952 1672 1092 1724 inter
1121 1671 1335 1723 adcolas
1365 1672 1527 1734 fama,
1554 1672 1711 1724 Jovis
1735 1672 1901 1726 Ditis.

91 1740 349 1813 Namque
398 1754 454 1794 et
493 1741 812 1794 muliebrem
855 1743 1092 1812 effigiem
1141 1743 1418 1806 adsistere,
1457 1761 1618 1811 quam
1661 1743 1902 1814 plerique

91 1809 473 1885 Proserpinam
507 1826 719 1866 vocent.
785 1813 888 1865 Sed
923 1812 1269 1877 Ptolemaeus,
1302 1826 1358 1863 ut
1390 1827 1513 1864 sunt
1542 1814 1763 1884 ingenia
1792 1815 1903 1866 Re-

90 1896 242 1955 gum,
277 1902 476 1956 pronus
518 1885 583 1936 ad
623 1883 989 1948 formidinem,
1017 1885 1111 1937 ubi
1151 1885 1408 1935 securitas
1445 1885 1623 1948 rediit,
1654 1886 1902 1956 volupta-

91 1968 205 2008 tum
234 1960 394 2027 quam
436 1954 760 2026 religionum
800 1955 1080 2026 adpetens,
1111 1955 1386 2026 negligere
1429 1955 1709 2024 paullatim
1746 1957 1908 2009 alias-¹

86 2045 193 2097 que
226 2027 307 2083 ad'
329 2044 484 2080 curas
509 2026 770 2078 animum*
795 2038 1036 2079 vertere:
1076 2026 1250 2078 donec
1278 2026 1462 2077 eadem
1495 2027 1720 2096 specieS,
1749 2029 1901 2081 terri-

89 2097 252 2150 bilior
280 2099 398 2168 jam
427 2108 483 2149 et
509 2098 818 2159 instantior,
845 2097 1056 2149 exitium
1093 2097 1191 2167 ipsi
1227 2094 1504 2167 Regnoque
1537 2098 1902 2162 denuntiaret,

82 2168 142 2222 m'
165 2170 319 2240 jussa
346 2176 700 2239 patrarent-ur.
775 2167 916 2220 Tum
946 2169 1155 2240 legatos
1185 2178 1240 2219 et
1269 2169 1411 2220 dona
1440 2168 1902 2239 Scydrothemidi,

138 2333 214 2376 Ea·
229 2339 382 2376 nomine
397 2336 549 2387 BasiL]
609 2336 799 2386 Exempla
825 2337 967 2374 ominis
1022 2342 1119 2375 mat.
1176 2337 1237 2375 Sic
1256 2341 1297 2374 et
1323 2338 1423 2386 Reg.
1455 2336 1552 2374 Lan.
1580 2336 1647 2386 qui
1666 2335 1766 2373 bene
1796 2348 1902 2374 rece·

85 2403 132 2429 ex
148 2403 191 2428 re
208 2392 326 2430 obvia
339 2391 490 2440 accepti
508 2391 674 2433 corrasit
691 2392 894 2439 Lupanus.
1022 2393 1095 2441 pit.

143 2445 267 2495 Origo
285 2445 368 2482 Dei
385 2444 482 2494 em]
539 2445 686 2482 Totum
715 2445 822 2481 hunc
841 2445 969 2481 locum

84 2499 117 2537 si
133 2510 205 2548 per
222 2502 355 2547 partes
373 2498 574 2535 illustrare
592 2498 791 2543 libuisset,
807 2509 964 2546 compa-

84 2552 217 2589 randis
245 2551 414 2589 aliorum
447 2553 681 2599 scriptorum
711 2551 822 2596 locis,
853 2551 965 2600 larga

81 2606 224 2644 fuisset
250 2605 447 2652 materies.
505 2605 580 2642 sed
606 2605 677 2640 hoc
705 2615 778 2641 neo
802 2605 965 2641 institu-

80 2664 169 2698 tum
191 2664 371 2697 nostrum
388 2657 481 2705 fert,
497 2669 571 2695 nec
591 2658 702 2695 valde
730 2659 829 2695 utile
847 2662 963 2707 puta-

80 2725 183 2751 mus.
236 2713 422 2758 Videant,
441 2714 508 2762 qui
537 2712 685 2757 volent,
708 2713 963 2749 Plutarchum

84 2768 132 2804 de
160 2767 262 2805 Iside
291 2771 331 2804 et
358 2767 529 2812 Osiride‚
554 2766 768 2813 Gyraldum
792 2766 832 2802 in
851 2766 961 2803 Hist.

83 2822 203 2858 Deor.
222 2821 334 2869 Synt.
361 2823 399 2858 6.
430 2821 542 2858 voss.
565 2821 611 2856 de
629 2819 725 2857 Idol.
748 2824 786 2865 1,
804 2824 869 2859 29.
887 2823 962 2856 etc.

82 2876 290 2976 Engo-cibus
322 2939 404 2964 mos
438 2925 512 2976 est]
563 2925 756 2963 Heinsius
789 2925 964 2962 malebat

80 2983 160 3020 dos.
222 2981 284 3019 Sic
311 2981 498 3018 Phaedrus
525 2980 566 3016 in
594 2979 692 3028 prol.
732 2979 896 3028 Duplex·
913 2981 963 3016 li-

82 3037 173 3075 becci
190 3038 258 3075 dos
280 3041 350 3081 est,
369 3034 438 3071 ubi
457 3034 534 3070 vid.
557 3034 596 3071 P.
615 3034 805 3070 Axenius.
843 3033 903 3070 Cf.
922 3037 964 3069 et

80 3091 246 3129 -Iuretus
258 3089 308 3127 ad
326 3089 468 3136 symm.
486 3099 547 3136 ep.
573 3092 610 3132 1,
629 3091 694 3123 83.
729 3085 844 3123 Prius
862 3086 962 3123 Bud.

81 3145 232 3183 homine
258 3154 329 3193 pro
357 3143 494 3187 omine,
519 3139 682 3178 solemni
710 3151 819 3177 more
847 3140 968 3177 medii

83 3200 170 3242 aevi,
190 3202 238 3235 ut
255 3199 388 3241 hortus
405 3206 477 3244 pro
494 3200 609 3231 ortus.
931 3214 933 3216 -

135 3253 365 3291 Anti-seitem
390 3249 686 3287 cerimoniarum
703 3246 845 3285 Eleusi
860 3249 966 3285 exci-

82 3303 208 3355 verat]
257 3304 442 3348 Tacitum
474 3302 673 3351 scripsisse
711 3306 807 3348 puto
841 3302 965 3338 Eleu-

81 3360 176 3395 sine.
233 3359 333 3396 vide
366 3369 452 3405 quae
492 3357 541 3393 ad
584 3355 747 3393 Senecas
791 3366 829 3402 p.
864 3360 958 3393 343.

86 3413 222 3449 ΟΜΝ.
278 3411 478 3458 Adiuvant
499 3407 584 3447 MS.
613 3409 717 3446 Flor.
748 3409 808 3445 ed.
830 3420 888 3457 pr.
918 3410 959 3445 iu

85 3465 173 3514 quis
192 3464 386 3502 Eceueim.
428 3465 538 3502 ERN.
593 3461 698 3500 Bud.
726 3473 880 3511 quoque
898 3462 960 3498 E-

86 3519 236 3565 leusini,
274 3518 376 3568 quod
419 3517 685 3566 conjecturam
731 3516 854 3554 Gron.
893 3516 959 3554 fir·

1082 2446 1268 2490 Quaesitis
1295 2443 1379 2494 qui]
1426 2444 1499 2481 Ed.
1528 2443 1670 2480 Alciat.
1700 2446 1900 2492 quaesitus,

1018 2511 1148 2535 errore
1184 2508 1408 2546 operarum.
1459 2497 1558 2534 Edd.
1604 2497 1755 2534 Puteol.
1806 2495 1905 2536 Ber.³

1017 2552 1103 2590 Alc.
1137 2552 1343 2601 Syris-pem,
1360 2550 1475 2587 male.
1535 2549 1662 2587 Prima
1681 2554 1720 2586 et
1738 2552 1900 2599 reliquae

1019 2606 1199 2654 Sinopen.
1255 2605 1402 2642 Eadem
1432 2615 1521 2640 mox
1548 2608 1730 2652 corrupte
1758 2612 1898 2650 veteres

1017 2660 1117 2696 inter
1140 2671 1178 2694 a.
1200 2658 1241 2707 s.
1265 2658 1309 2695 J.
1337 2659 1586 2708 ditiwimum.
1630 2660 1737 2695 ERN.
1791 2658 1896 2696 Bud.

1018 2714 1209 2763 Synopeu.
1263 2711 1472 2749 commode
1488 2712 1594 2759 apud
1614 2712 1792 2749 Vaillant
1805 2713 1897 2750 NN.

1019 2767 1101 2804 Col.
1120 2770 1149 2802 t.
1169 2771 1206 2802 2.
1236 2777 1275 2813 p.
1293 2771 1358 2802 42.
1387 2776 1530 2802 numus
1551 2766 1762 2803 Caracauae
1786 2767 1898 2803 Sino-

1018 2819 1149 2868 pensis
1166 2820 1303 2856 Jovem
1320 2819 1452 2856 Ditem
1470 2818 1630 2856 exhibet
1645 2820 1685 2855 in
1705 2820 1898 2857 lectister-

1017 2875 1083 2910 nio
1103 2873 1330 2918 cubantem,
1347 2874 1474 2921 capite
1502 2873 1658 2909 calatho
1685 2878 1839 2920 ornato,
1860 2874 1898 2913 d.

1015 2927 1203 2975 aquilam,
1231 2939 1262 2963 s.
1297 2927 1463 2964 hastam.
1519 2927 1620 2963 Mox*
1640 2927 1744 2964 Bud.
1777 2933 1898 2966 vetere

1017 2982 1045 3018 i.
1067 2981 1153 3028 a.f.
1170 2980 1214 3017 J.
1233 2981 1337 3017 dctis.

1035 3033 1039 3037 ’
1073 3033 1399 3084 Scydrothemidi]
1454 3033 1539 3070 MS.
1577 3034 1676 3083 Agr.
1728 3035 1898 3073 Cim-ote-

1017 3088 1130 3125 midi.
1159 3088 1219 3124 ed.
1241 3099 1302 3135 pr.
1337 3087 1596 3124 (iarotemadi
1615 3099 1781 3136 semper,
1811 3089 1894 3128 MS.

1022 3141 1153 3178 Guelf.
1208 3141 1305 3178 Mox
1339 3140 1454 3178 MSS.
1486 3141 1590 3178 Flor.
1629 3143 1761 3180 Guelf.
1796 3144 1894 3192 Agr.

1021 3195 1106 3231 edd.
1123 3198 1216 3232 ante
1228 3195 1356 3232 Rhen.
1378 3196 1648 3245 praecepitque,
1669 3197 1770 3244 quod
1789 3208 1894 3233 rece-

1019 3249 1081 3297 pit
1097 3249 1137 3285 J.
1154 3249 1389 3287 Gronovius.
1444 3249 1518 3286 Sed
1540 3251 1723 3298 precipit
1740 3262 1893 3295 verum,

1019 3302 1114 3350 quia
1128 3303 1307 3351 sequitur
1322 3303 1478 3340 adeant.
1508 3306 1549 3339 et
1565 3314 1664 3351 saepe
1684 3304 1738 3340 sic
1755 3302 1893 3340 turba-

1015 3360 1102 3393 tum
1131 3356 1173 3392 in
1207 3355 1451 3404 temporibus
1479 3357 1539 3394 his
1568 3357 1748 3392 vidimus.
1802 3357 1900 3393 Post'

1015 3409 1229 3460 Pythicum
1262 3411 1378 3447 MSS.
1411 3410 1516 3446 Flor.
1545 3409 1682 3460 (Bud.)
1714 3411 1812 3455 Agr.
1850 3413 1892 3461 at

1015 3464 1074 3500 ed.
1096 3475 1156 3511 pr.
1179 3463 1394 3500 Phaecam.
1434 3464 1541 3500 ERN.
1589 3463 1692 3499 Bud.
1725 3461 1892 3510 ,Scydro-

1013 3517 1184 3556 themidi.
1237 3518 1344 3555 Idem
1370 3517 1627 3567 precipitque,
1656 3514 1758 3566 quod
1787 3518 1903 3555 recte*
