<?xml version="1.0" encoding="UTF-8"?>
<!DOCTYPE html PUBLIC "-//W3C//DTD XHTML 1.0 Transitional//EN"
    "http://www.w3.org/TR/xhtml1/DTD/xhtml1-transitional.dtd">
<html xmlns="http://www.w3.org/1999/xhtml" xml:lang="en" lang="en">
 <head>
  <title>
</title>
<meta http-equiv="Content-Type" content="text/html;charset=utf-8" />
  <meta name='ocr-system' content='tesseract 3.04.00' />
  <meta name='ocr-capabilities' content='ocr_page ocr_carea ocr_par ocr_line ocrx_word'/>
</head>
<body>
  <div class='ocr_page' id='page_1' title='image "./p1operaexrecensi02taciuoft_0172.png"; bbox 0 0 2190 3880; ppageno 0'>
   <div class='ocr_carea' id='block_1_1' title="bbox 143 325 269 528">
    <p class='ocr_par' dir='ltr' id='par_1_1' title="bbox 143 325 269 416">
     <span class='ocr_line' id='line_1_1' title="bbox 143 325 269 365; baseline -0.024 0"><span class='ocrx_word' id='word_1_1' title='bbox 143 326 196 365; x_wconf 82' lang='lat' dir='ltr'><strong>A.</strong></span> <span class='ocrx_word' id='word_1_2' title='bbox 216 325 269 363; x_wconf 73' lang='lat' dir='ltr'><strong>U·</strong></span> 
     </span>
     <span class='ocr_line' id='line_1_2' title="bbox 164 380 255 416; baseline -0.022 0"><span class='ocrx_word' id='word_1_3' title='bbox 164 380 255 416; x_wconf 75' lang='lat'><strong>823.</strong></span> 
     </span>
    </p>

    <p class='ocr_par' dir='ltr' id='par_1_2' title="bbox 154 432 269 528">
     <span class='ocr_line' id='line_1_3' title="bbox 154 432 269 470; baseline -0.017 0"><span class='ocrx_word' id='word_1_4' title='bbox 154 432 205 470; x_wconf 84' lang='lat' dir='ltr'><strong>A.</strong></span> <span class='ocrx_word' id='word_1_5' title='bbox 224 433 269 468; x_wconf 91' lang='lat' dir='ltr'><strong>C.</strong></span> 
     </span>
     <span class='ocr_line' id='line_1_4' title="bbox 176 489 241 528; baseline -0.092 0"><span class='ocrx_word' id='word_1_6' title='bbox 176 489 241 528; x_wconf 80' lang='lat'><strong>70.</strong></span> 
     </span>
    </p>
   </div>
   <div class='ocr_carea' id='block_1_2' title="bbox 206 1151 1802 1223">
    <p class='ocr_par' dir='ltr' id='par_1_3' title="bbox 206 1151 1802 1223">
     <span class='ocr_line' id='line_1_5' title="bbox 206 1151 1802 1223; baseline -0.002 -16"><span class='ocrx_word' id='word_1_7' title='bbox 206 1164 278 1218; x_wconf 87' lang='lat'><strong>90</strong></span> <span class='ocrx_word' id='word_1_8' title='bbox 298 1166 522 1206; x_wconf 79' lang='lat' dir='ltr'><strong>matrem</strong></span> <span class='ocrx_word' id='word_1_9' title='bbox 558 1154 898 1223; x_wconf 73' lang='lat' dir='ltr'><strong>compleXUS,</strong></span> <span class='ocrx_word' id='word_1_10' title='bbox 924 1151 1193 1223; x_wconf 73' lang='lat' dir='ltr'><strong>Augustae</strong></span> <span class='ocrx_word' id='word_1_11' title='bbox 1235 1152 1455 1204; x_wconf 89' lang='lat' dir='ltr'><strong>nomine</strong></span> <span class='ocrx_word' id='word_1_12' title='bbox 1495 1152 1802 1204; x_wconf 86' lang='lat' dir='ltr'><strong>honoravit.</strong></span> 
     </span>
    </p>
   </div>
   <div class='ocr_carea' id='block_1_3' title="bbox 281 177 1530 231">
    <p class='ocr_par' dir='ltr' id='par_1_4' title="bbox 281 177 1530 231">
     <span class='ocr_line' id='line_1_6' title="bbox 281 177 1530 231; baseline -0.004 0"><span class='ocrx_word' id='word_1_13' title='bbox 281 187 376 231; x_wconf 84' lang='lat'><strong>150</strong></span> <span class='ocrx_word' id='word_1_14' title='bbox 913 177 1530 228; x_wconf 69' lang='lat' dir='ltr'>HISTORIARUM</span> 
     </span>
    </p>
   </div>
   <div class='ocr_carea' id='block_1_4' title="bbox 285 302 2123 1791">
    <p class='ocr_par' dir='ltr' id='par_1_5' title="bbox 285 302 2123 1791">
     <span class='ocr_line' id='line_1_7' title="bbox 285 302 2100 376; baseline -0.001 -19"><span class='ocrx_word' id='word_1_15' title='bbox 285 305 546 357; x_wconf 84' lang='lat' dir='ltr'><strong>Senatum</strong></span> <span class='ocrx_word' id='word_1_16' title='bbox 573 312 629 356; x_wconf 88' lang='lat' dir='ltr'><strong>et</strong></span> <span class='ocrx_word' id='word_1_17' title='bbox 648 302 930 376; x_wconf 76' lang='lat' dir='ltr'><strong>‘Populum</strong></span> <span class='ocrx_word' id='word_1_18' title='bbox 960 315 1086 357; x_wconf 86' lang='lat' dir='ltr'><strong>ante</strong></span> <span class='ocrx_word' id='word_1_19' title='bbox 1113 322 1169 356; x_wconf 91' lang='lat' dir='ltr'><strong>se</strong></span> <span class='ocrx_word' id='word_1_20' title='bbox 1195 321 1382 376; x_wconf 76' lang='lat' dir='ltr'><strong>agenS,</strong></span> <span class='ocrx_word' id='word_1_21' title='bbox 1409 321 1520 373; x_wconf 92' lang='lat' dir='ltr'><strong>quo</strong></span> <span class='ocrx_word' id='word_1_22' title='bbox 1547 302 1746 369; x_wconf 85' lang='lat' dir='ltr'><strong>miuus,</strong></span> <span class='ocrx_word' id='word_1_23' title='bbox 1772 311 1834 356; x_wconf 87' lang='lat' dir='ltr'><strong>ut</strong></span> <span class='ocrx_word' id='word_1_24' title='bbox 1859 311 2100 374; x_wconf 76' lang='lat' dir='ltr'><strong>captam,</strong></span> 
     </span>
     <span class='ocr_line' id='line_1_8' title="bbox 286 373 2097 446; baseline -0.001 -19"><span class='ocrx_word' id='word_1_25' title='bbox 286 376 475 428; x_wconf 87' lang='lat' dir='ltr'><strong>urbem</strong></span> <span class='ocrx_word' id='word_1_26' title='bbox 527 375 921 446; x_wconf 77' lang='lat' dir='ltr'><strong>ingrederetur,</strong></span> <span class='ocrx_word' id='word_1_27' title='bbox 969 376 1270 428; x_wconf 84' lang='lat' dir='ltr'><strong>amicorum</strong></span> <span class='ocrx_word' id='word_1_28' title='bbox 1319 373 1549 427; x_wconf 86' lang='lat' dir='ltr'><strong>consilio</strong></span> <span class='ocrx_word' id='word_1_29' title='bbox 1600 375 1910 438; x_wconf 82' lang='lat' dir='ltr'><strong>deterrituS,</strong></span> <span class='ocrx_word' id='word_1_30' title='bbox 1948 391 2097 425; x_wconf 88' lang='lat' dir='ltr'><strong>sum-</strong></span> 
     </span>
     <span class='ocr_line' id='line_1_9' title="bbox 286 444 2101 517; baseline -0.002 -18"><span class='ocrx_word' id='word_1_31' title='bbox 286 458 381 517; x_wconf 83' lang='lat' dir='ltr'><strong>pta</strong></span> <span class='ocrx_word' id='word_1_32' title='bbox 419 458 689 517; x_wconf 83' lang='lat' dir='ltr'><strong>praetexta</strong></span> <span class='ocrx_word' id='word_1_33' title='bbox 727 458 783 499; x_wconf 88' lang='lat' dir='ltr'><strong>et</strong></span> <span class='ocrx_word' id='word_1_34' title='bbox 820 447 1128 516; x_wconf 88' lang='lat' dir='ltr'><strong>composito</strong></span> <span class='ocrx_word' id='word_1_35' title='bbox 1167 444 1405 516; x_wconf 82' lang='lat' dir='ltr'>agmine,</span> <span class='ocrx_word' id='word_1_36' title='bbox 1431 444 1670 497; x_wconf 84' lang='lat' dir='ltr'><strong>incessit.</strong></span> <span class='ocrx_word' id='word_1_37' title='bbox 1745 446 1998 513; x_wconf 84' lang='lat' dir='ltr'><strong>Quatuor</strong></span> <span class='ocrx_word' id='word_1_38' title='bbox 2024 444 2101 496; x_wconf 87' lang='lat' dir='ltr'><strong>le·</strong></span> 
     </span>
     <span class='ocr_line' id='line_1_10' title="bbox 285 515 2117 589; baseline -0.002 -19"><span class='ocrx_word' id='word_1_39' title='bbox 285 518 514 589; x_wconf 89' lang='lat' dir='ltr'><strong>gionum</strong></span> <span class='ocrx_word' id='word_1_40' title='bbox 554 518 749 587; x_wconf 83' lang='lat' dir='ltr'><strong>aquilae</strong></span> <span class='ocrx_word' id='word_1_41' title='bbox 791 535 886 588; x_wconf 89' lang='lat' dir='ltr'><strong>per</strong></span> <span class='ocrx_word' id='word_1_42' title='bbox 934 518 1191 581; x_wconf 80' lang='lat' dir='ltr'><strong>frontem,</strong></span> <span class='ocrx_word' id='word_1_43' title='bbox 1232 516 1570 585; x_wconf 89' lang='lat' dir='ltr'><strong>totidemque</strong></span> <span class='ocrx_word' id='word_1_44' title='bbox 1614 517 1760 568; x_wconf 86' lang='lat' dir='ltr'><strong>cirea</strong></span> <span class='ocrx_word' id='word_1_45' title='bbox 1793 533 1826 567; x_wconf 89' lang='lat' dir='ltr'><strong>e</strong></span> <span class='ocrx_word' id='word_1_46' title='bbox 1868 515 2117 587; x_wconf 67' lang='lat' dir='ltr'><strong>legioni-v</strong></span> 
     </span>
     <span class='ocr_line' id='line_1_11' title="bbox 285 584 2117 656; baseline -0.003 -14"><span class='ocrx_word' id='word_1_47' title='bbox 285 590 386 643; x_wconf 86' lang='lat' dir='ltr'><strong>bus</strong></span> <span class='ocrx_word' id='word_1_48' title='bbox 435 588 553 642; x_wconf 84' lang='lat' dir='ltr'><strong>aliis</strong></span> <span class='ocrx_word' id='word_1_49' title='bbox 599 587 814 651; x_wconf 83' lang='lat' dir='ltr'><strong>vexilla,</strong></span> <span class='ocrx_word' id='word_1_50' title='bbox 853 606 984 639; x_wconf 87' lang='lat' dir='ltr'><strong>mox</strong></span> <span class='ocrx_word' id='word_1_51' title='bbox 1033 586 1158 640; x_wconf 86' lang='lat' dir='ltr'><strong>XII</strong></span> <span class='ocrx_word' id='word_1_52' title='bbox 1210 586 1414 638; x_wconf 82' lang='lat' dir='ltr'><strong>alarum</strong></span> <span class='ocrx_word' id='word_1_53' title='bbox 1462 587 1638 655; x_wconf 88' lang='lat' dir='ltr'><strong>signa,</strong></span> <span class='ocrx_word' id='word_1_54' title='bbox 1675 596 1732 638; x_wconf 88' lang='lat' dir='ltr'><strong>et</strong></span> <span class='ocrx_word' id='word_1_55' title='bbox 1786 597 1912 656; x_wconf 90' lang='lat' dir='ltr'><strong>post</strong></span> <span class='ocrx_word' id='word_1_56' title='bbox 1950 584 2117 655; x_wconf 65' lang='lat' dir='ltr'><strong>pedi-,</strong></span> 
     </span>
     <span class='ocr_line' id='line_1_12' title="bbox 286 656 2101 728; baseline -0.003 -16"><span class='ocrx_word' id='word_1_57' title='bbox 286 674 404 713; x_wconf 90' lang='lat' dir='ltr'><strong>tum</strong></span> <span class='ocrx_word' id='word_1_58' title='bbox 445 658 680 723; x_wconf 88' lang='lat' dir='ltr'><strong>ordines,</strong></span> <span class='ocrx_word' id='word_1_59' title='bbox 723 675 920 728; x_wconf 85' lang='lat' dir='ltr'><strong>eques:</strong></span> <span class='ocrx_word' id='word_1_60' title='bbox 961 657 1087 710; x_wconf 85' lang='lat' dir='ltr'><strong>dein</strong></span> <span class='ocrx_word' id='word_1_61' title='bbox 1133 670 1366 727; x_wconf 83' lang='lat' dir='ltr'><strong>quatuor</strong></span> <span class='ocrx_word' id='word_1_62' title='bbox 1409 668 1475 708; x_wconf 87' lang='lat' dir='ltr'><strong>et.</strong></span> <span class='ocrx_word' id='word_1_63' title='bbox 1508 656 1697 710; x_wconf 93' lang='lat' dir='ltr'><strong>XXX</strong></span> <span class='ocrx_word' id='word_1_64' title='bbox 1740 656 2012 720; x_wconf 78' lang='lat' dir='ltr'><strong>cohorteS,</strong></span> <span class='ocrx_word' id='word_1_65' title='bbox 2038 665 2101 708; x_wconf 89' lang='lat' dir='ltr'><strong>ut</strong></span> 
     </span>
     <span class='ocr_line' id='line_1_13' title="bbox 286 727 2101 799; baseline -0.003 -15"><span class='ocrx_word' id='word_1_66' title='bbox 286 731 513 783; x_wconf 87' lang='lat' dir='ltr'><strong>nomina</strong></span> <span class='ocrx_word' id='word_1_67' title='bbox 567 730 835 799; x_wconf 65' lang='lat' dir='ltr'><strong>gentium,</strong></span> <span class='ocrx_word' id='word_1_68' title='bbox 875 739 969 780; x_wconf 90' lang='lat' dir='ltr'><strong>aut</strong></span> <span class='ocrx_word' id='word_1_69' title='bbox 1016 730 1224 799; x_wconf 90' lang='lat' dir='ltr'><strong>species</strong></span> <span class='ocrx_word' id='word_1_70' title='bbox 1278 744 1551 780; x_wconf 83' lang='lat' dir='ltr'><strong>armorum</strong></span> <span class='ocrx_word' id='word_1_71' title='bbox 1591 727 1792 792; x_wconf 87' lang='lat' dir='ltr'><strong>forent,</strong></span> <span class='ocrx_word' id='word_1_72' title='bbox 1829 727 2101 779; x_wconf 86' lang='lat' dir='ltr'><strong>discretae.</strong></span> 
     </span>
     <span class='ocr_line' id='line_1_14' title="bbox 287 795 2101 868; baseline -0.002 -15"><span class='ocrx_word' id='word_1_73' title='bbox 287 801 435 853; x_wconf 86' lang='lat' dir='ltr'><strong>Ante</strong></span> <span class='ocrx_word' id='word_1_74' title='bbox 463 801 696 868; x_wconf 78' lang='lat' dir='ltr'>aquilam</span> <span class='ocrx_word' id='word_1_75' title='bbox 731 798 987 850; x_wconf 67' lang='lat' dir='ltr'><strong>Praefecti</strong></span> <span class='ocrx_word' id='word_1_76' title='bbox 1009 811 1309 852; x_wconf 85' lang='lat' dir='ltr'><strong>castrorum</strong></span> <span class='ocrx_word' id='word_1_77' title='bbox 1328 797 1666 868; x_wconf 87' lang='lat' dir='ltr'><strong>Tribuuique</strong></span> <span class='ocrx_word' id='word_1_78' title='bbox 1692 810 1747 850; x_wconf 90' lang='lat' dir='ltr'><strong>et</strong></span> <span class='ocrx_word' id='word_1_79' title='bbox 1775 798 1934 868; x_wconf 89' lang='lat' dir='ltr'><strong>primi</strong></span> <span class='ocrx_word' id='word_1_80' title='bbox 1957 795 2101 850; x_wconf 86' lang='lat' dir='ltr'><strong>Cen-</strong></span> 
     </span>
     <span class='ocr_line' id='line_1_15' title="bbox 290 869 2119 939; baseline -0.002 -15"><span class='ocrx_word' id='word_1_81' title='bbox 290 873 589 934; x_wconf 86' lang='lat' dir='ltr'><strong>turiouum,</strong></span> <span class='ocrx_word' id='word_1_82' title='bbox 616 870 850 922; x_wconf 79' lang='lat' dir='ltr'><strong>candida</strong></span> <span class='ocrx_word' id='word_1_83' title='bbox 878 882 1057 922; x_wconf 88' lang='lat' dir='ltr'><strong>veste:</strong></span> <span class='ocrx_word' id='word_1_84' title='bbox 1097 869 1446 938; x_wconf 81' lang='lat' dir='ltr'><strong>cete1·ijuxta</strong></span> <span class='ocrx_word' id='word_1_85' title='bbox 1478 887 1630 922; x_wconf 85' lang='lat' dir='ltr'><strong>suam</strong></span> <span class='ocrx_word' id='word_1_86' title='bbox 1656 869 1885 939; x_wconf 88' lang='lat' dir='ltr'><strong>quisque</strong></span> <span class='ocrx_word' id='word_1_87' title='bbox 1914 879 2119 936; x_wconf 24' lang='lat' dir='ltr'><strong>centu-V,</strong></span> 
     </span>
     <span class='ocr_line' id='line_1_16' title="bbox 288 939 2113 1010; baseline 0.001 -16"><span class='ocrx_word' id='word_1_88' title='bbox 288 943 443 1004; x_wconf 83' lang='lat' dir='ltr'><strong>riam,</strong></span> <span class='ocrx_word' id='word_1_89' title='bbox 484 942 646 1007; x_wconf 68' lang='lat' dir='ltr'><strong>aunis</strong></span> <span class='ocrx_word' id='word_1_90' title='bbox 685 941 952 1009; x_wconf 89' lang='lat' dir='ltr'><strong>donisque</strong></span> <span class='ocrx_word' id='word_1_91' title='bbox 991 939 1282 1010; x_wconf 84' lang='lat' dir='ltr'><strong>fulgentes.</strong></span> <span class='ocrx_word' id='word_1_92' title='bbox 1346 939 1418 992; x_wconf 90' lang='lat' dir='ltr'><strong>Et</strong></span> <span class='ocrx_word' id='word_1_93' title='bbox 1455 939 1690 993; x_wconf 89' lang='lat' dir='ltr'><strong>militum</strong></span> <span class='ocrx_word' id='word_1_94' title='bbox 1726 939 1960 1010; x_wconf 84' lang='lat' dir='ltr'><strong>phalerae</strong></span> <span class='ocrx_word' id='word_1_95' title='bbox 1990 950 2113 995; x_wconf 84' lang='lat' dir='ltr'><strong>tor-.</strong></span> 
     </span>
     <span class='ocr_line' id='line_1_17' title="bbox 290 1008 2122 1082; baseline 0.001 -17"><span class='ocrx_word' id='word_1_96' title='bbox 290 1029 531 1082; x_wconf 86' lang='lat' dir='ltr'><strong>quesque</strong></span> <span class='ocrx_word' id='word_1_97' title='bbox 570 1010 945 1082; x_wconf 86' lang='lat' dir='ltr'><strong>splendebant.</strong></span> <span class='ocrx_word' id='word_1_98' title='bbox 986 1012 1184 1063; x_wconf 88' lang='lat' dir='ltr'><strong>decora</strong></span> <span class='ocrx_word' id='word_1_99' title='bbox 1226 1008 1412 1074; x_wconf 78' lang='lat' dir='ltr'><strong>facieS,</strong></span> <span class='ocrx_word' id='word_1_100' title='bbox 1434 1022 1491 1062; x_wconf 91' lang='lat' dir='ltr'><strong>et</strong></span> <span class='ocrx_word' id='word_1_101' title='bbox 1531 1028 1639 1063; x_wconf 88' lang='lat' dir='ltr'><strong>non</strong></span> <span class='ocrx_word' id='word_1_102' title='bbox 1678 1011 1902 1064; x_wconf 90' lang='lat' dir='ltr'><strong>Vitellio</strong></span> <span class='ocrx_word' id='word_1_103' title='bbox 1944 1009 2122 1067; x_wconf 87' lang='lat' dir='ltr'><strong>Prin·.</strong></span> 
     </span>
     <span class='ocr_line' id='line_1_18' title="bbox 291 1079 2121 1153; baseline 0 -18"><span class='ocrx_word' id='word_1_104' title='bbox 291 1084 413 1153; x_wconf 83' lang='lat' dir='ltr'><strong>cipe</strong></span> <span class='ocrx_word' id='word_1_105' title='bbox 435 1083 635 1152; x_wconf 85' lang='lat' dir='ltr'><strong>dignus</strong></span> <span class='ocrx_word' id='word_1_106' title='bbox 655 1083 947 1135; x_wconf 80' lang='lat' dir='ltr'><strong>exercituS.</strong></span> <span class='ocrx_word' id='word_1_107' title='bbox 1025 1082 1117 1133; x_wconf 88' lang='lat' dir='ltr'><strong>Sic</strong></span> <span class='ocrx_word' id='word_1_108' title='bbox 1146 1081 1495 1151; x_wconf 82' lang='lat' dir='ltr'><strong>Capitolium¹</strong></span> <span class='ocrx_word' id='word_1_109' title='bbox 1522 1081 1815 1152; x_wconf 78' lang='lat' dir='ltr'><strong>ingressuS,</strong></span> <span class='ocrx_word' id='word_1_110' title='bbox 1838 1093 2002 1151; x_wconf 81' lang='lat' dir='ltr'><strong>atque</strong></span> <span class='ocrx_word' id='word_1_111' title='bbox 2024 1079 2121 1135; x_wconf 84' lang='lat' dir='ltr'><strong>ibi.</strong></span> 
     </span>
     <span class='ocr_line' id='line_1_19' title="bbox 1879 1151 2123 1208; baseline -0.004 -4"><span class='ocrx_word' id='word_1_112' title='bbox 1879 1151 2123 1208; x_wconf 66' lang='lat' dir='ltr'><strong>Postera⁴</strong></span> 
     </span>
     <span class='ocr_line' id='line_1_20' title="bbox 293 1222 2107 1294; baseline -0.001 -17"><span class='ocrx_word' id='word_1_113' title='bbox 293 1227 400 1289; x_wconf 91' lang='lat' dir='ltr'><strong>die,</strong></span> <span class='ocrx_word' id='word_1_114' title='bbox 432 1237 709 1294; x_wconf 82' lang='lat' dir='ltr'>tamquam</span> <span class='ocrx_word' id='word_1_115' title='bbox 738 1225 882 1294; x_wconf 89' lang='lat' dir='ltr'><strong>apud</strong></span> <span class='ocrx_word' id='word_1_116' title='bbox 910 1222 1130 1276; x_wconf 82' lang='lat' dir='ltr'><strong>alterius</strong></span> <span class='ocrx_word' id='word_1_117' title='bbox 1158 1223 1397 1276; x_wconf 81' lang='lat' dir='ltr'><strong>civitatis</strong></span> <span class='ocrx_word' id='word_1_118' title='bbox 1420 1224 1679 1276; x_wconf 86' lang='lat' dir='ltr'><strong>Senatum</strong></span> <span class='ocrx_word' id='word_1_119' title='bbox 1707 1223 2107 1293; x_wconf 74' lang='lat' dir='ltr'><strong>populumque,</strong></span> 
     </span>
     <span class='ocr_line' id='line_1_21' title="bbox 293 1294 2105 1367; baseline -0.002 -19"><span class='ocrx_word' id='word_1_120' title='bbox 293 1296 645 1367; x_wconf 81' lang='lat' dir='ltr'><strong>magnificam</strong></span> <span class='ocrx_word' id='word_1_121' title='bbox 677 1296 978 1347; x_wconf 87' lang='lat' dir='ltr'><strong>orationem</strong></span> <span class='ocrx_word' id='word_1_122' title='bbox 1018 1295 1086 1347; x_wconf 88' lang='lat' dir='ltr'><strong>de</strong></span> <span class='ocrx_word' id='word_1_123' title='bbox 1125 1294 1417 1365; x_wconf 82' lang='lat' dir='ltr'><strong>semetipso</strong></span> <span class='ocrx_word' id='word_1_124' title='bbox 1457 1295 1745 1366; x_wconf 84' lang='lat' dir='ltr'><strong>prompsit,</strong></span> <span class='ocrx_word' id='word_1_125' title='bbox 1783 1294 2105 1347; x_wconf 74' lang='lat' dir='ltr'><strong>industriam</strong></span> 
     </span>
     <span class='ocr_line' id='line_1_22' title="bbox 294 1364 2106 1437; baseline -0.001 -19"><span class='ocrx_word' id='word_1_126' title='bbox 294 1367 820 1437; x_wconf 64' lang='lat' dir='ltr'><strong>temperantiamque</strong></span> <span class='ocrx_word' id='word_1_127' title='bbox 859 1383 1009 1416; x_wconf 85' lang='lat' dir='ltr'><strong>suam</strong></span> <span class='ocrx_word' id='word_1_128' title='bbox 1052 1365 1302 1417; x_wconf 87' lang='lat' dir='ltr'><strong>laudibus</strong></span> <span class='ocrx_word' id='word_1_129' title='bbox 1343 1366 1638 1418; x_wconf 84' lang='lat' dir='ltr'><strong>adtollens:</strong></span> <span class='ocrx_word' id='word_1_130' title='bbox 1678 1365 1912 1418; x_wconf 90' lang='lat' dir='ltr'><strong>consciis</strong></span> <span class='ocrx_word' id='word_1_131' title='bbox 1949 1364 2106 1435; x_wconf 89' lang='lat' dir='ltr'><strong>flagi-</strong></span> 
     </span>
     <span class='ocr_line' id='line_1_23' title="bbox 295 1436 2109 1507; baseline -0.002 -18"><span class='ocrx_word' id='word_1_132' title='bbox 295 1439 495 1490; x_wconf 84' lang='lat' dir='ltr'><strong>tiorum</strong></span> <span class='ocrx_word' id='word_1_133' title='bbox 523 1437 675 1507; x_wconf 82' lang='lat' dir='ltr'><strong>ipsiS‚</strong></span> <span class='ocrx_word' id='word_1_134' title='bbox 699 1438 790 1506; x_wconf 90' lang='lat' dir='ltr'><strong>qui</strong></span> <span class='ocrx_word' id='word_1_135' title='bbox 821 1437 1063 1500; x_wconf 82' lang='lat' dir='ltr'><strong>aderant,</strong></span> <span class='ocrx_word' id='word_1_136' title='bbox 1101 1436 1361 1504; x_wconf 88' lang='lat' dir='ltr'><strong>omnique</strong></span> <span class='ocrx_word' id='word_1_137' title='bbox 1399 1437 1575 1501; x_wconf 81' lang='lat' dir='ltr'><strong>ltalia,</strong></span> <span class='ocrx_word' id='word_1_138' title='bbox 1604 1454 1699 1507; x_wconf 89' lang='lat' dir='ltr'><strong>per</strong></span> <span class='ocrx_word' id='word_1_139' title='bbox 1724 1453 1886 1506; x_wconf 86' lang='lat' dir='ltr'><strong>quam</strong></span> <span class='ocrx_word' id='word_1_140' title='bbox 1916 1453 2109 1488; x_wconf 89' lang='lat' dir='ltr'><strong>somno</strong></span> 
     </span>
     <span class='ocr_line' id='line_1_24' title="bbox 293 1507 2109 1578; baseline -0.001 -18"><span class='ocrx_word' id='word_1_141' title='bbox 293 1519 349 1560; x_wconf 87' lang='lat' dir='ltr'><strong>et</strong></span> <span class='ocrx_word' id='word_1_142' title='bbox 375 1508 506 1560; x_wconf 86' lang='lat' dir='ltr'><strong>luxu</strong></span> <span class='ocrx_word' id='word_1_143' title='bbox 535 1507 818 1578; x_wconf 86' lang='lat' dir='ltr'><strong>pudendus</strong></span> <span class='ocrx_word' id='word_1_144' title='bbox 848 1508 1157 1559; x_wconf 86' lang='lat' dir='ltr'><strong>incesserat.</strong></span> <span class='ocrx_word' id='word_1_145' title='bbox 1234 1507 1445 1578; x_wconf 85' lang='lat' dir='ltr'><strong>Vulgus</strong></span> <span class='ocrx_word' id='word_1_146' title='bbox 1475 1521 1674 1571; x_wconf 83' lang='lat' dir='ltr'><strong>tamen,</strong></span> <span class='ocrx_word' id='word_1_147' title='bbox 1695 1524 1925 1574; x_wconf 84' lang='lat' dir='ltr'><strong>vacuum</strong></span> <span class='ocrx_word' id='word_1_148' title='bbox 1947 1507 2109 1571; x_wconf 84' lang='lat' dir='ltr'><strong>euriS,</strong></span> 
     </span>
     <span class='ocr_line' id='line_1_25' title="bbox 294 1577 2104 1647; baseline -0.001 -16"><span class='ocrx_word' id='word_1_149' title='bbox 294 1591 351 1631; x_wconf 87' lang='lat' dir='ltr'><strong>et</strong></span> <span class='ocrx_word' id='word_1_150' title='bbox 377 1580 493 1631; x_wconf 88' lang='lat' dir='ltr'><strong>sine</strong></span> <span class='ocrx_word' id='word_1_151' title='bbox 519 1579 638 1631; x_wconf 81' lang='lat' dir='ltr'><strong>falsi</strong></span> <span class='ocrx_word' id='word_1_152' title='bbox 672 1578 891 1647; x_wconf 86' lang='lat' dir='ltr'><strong>verique</strong></span> <span class='ocrx_word' id='word_1_153' title='bbox 912 1577 1226 1630; x_wconf 86' lang='lat' dir='ltr'><strong>discrimine</strong></span> <span class='ocrx_word' id='word_1_154' title='bbox 1256 1578 1440 1631; x_wconf 82' lang='lat' dir='ltr'><strong>solitas</strong></span> <span class='ocrx_word' id='word_1_155' title='bbox 1466 1578 1802 1632; x_wconf 78' lang='lat' dir='ltr'><strong>adulationes</strong></span> <span class='ocrx_word' id='word_1_156' title='bbox 1827 1578 2104 1642; x_wconf 87' lang='lat' dir='ltr'><strong>edoctum,</strong></span> 
     </span>
     <span class='ocr_line' id='line_1_26' title="bbox 295 1648 2110 1719; baseline -0.002 -17"><span class='ocrx_word' id='word_1_157' title='bbox 295 1650 532 1702; x_wconf 87' lang='lat' dir='ltr'><strong>clamore</strong></span> <span class='ocrx_word' id='word_1_158' title='bbox 559 1661 614 1702; x_wconf 89' lang='lat' dir='ltr'><strong>et</strong></span> <span class='ocrx_word' id='word_1_159' title='bbox 643 1650 869 1702; x_wconf 89' lang='lat' dir='ltr'><strong>vocibus</strong></span> <span class='ocrx_word' id='word_1_160' title='bbox 896 1648 1276 1718; x_wconf 84' lang='lat' dir='ltr'><strong>adstrepebat:</strong></span> <span class='ocrx_word' id='word_1_161' title='bbox 1304 1649 1676 1719; x_wconf 86' lang='lat' dir='ltr'><strong>abnuentique</strong></span> <span class='ocrx_word' id='word_1_162' title='bbox 1696 1667 1894 1701; x_wconf 83' lang='lat' dir='ltr'><strong>nemen</strong></span> <span class='ocrx_word' id='word_1_163' title='bbox 1911 1649 2110 1718; x_wconf 77' lang='lat' dir='ltr'><strong>-Augu-</strong></span> 
     </span>
     <span class='ocr_line' id='line_1_27' title="bbox 293 1719 2111 1791; baseline -0.001 -19"><span class='ocrx_word' id='word_1_164' title='bbox 293 1721 379 1785; x_wconf 81' lang='lat' dir='ltr'><strong>scz&#39;,</strong></span> <span class='ocrx_word' id='word_1_165' title='bbox 407 1738 741 1791; x_wconf 78' lang='lat' dir='ltr'><strong>expressere,</strong></span> <span class='ocrx_word' id='word_1_166' title='bbox 767 1730 828 1771; x_wconf 87' lang='lat' dir='ltr'><strong>ut</strong></span> <span class='ocrx_word' id='word_1_167' title='bbox 854 1719 1192 1773; x_wconf 80' lang='lat' dir='ltr'><strong>adsumeret:</strong></span> <span class='ocrx_word' id='word_1_168' title='bbox 1233 1729 1343 1774; x_wconf 83' lang='lat' dir='ltr'><strong>tam</strong></span> <span class='ocrx_word' id='word_1_169' title='bbox 1383 1719 1601 1786; x_wconf 84' lang='lat' dir='ltr'><strong>frustra,</strong></span> <span class='ocrx_word' id='word_1_170' title='bbox 1629 1738 1792 1790; x_wconf 84' lang='lat' dir='ltr'><strong>quam</strong></span> <span class='ocrx_word' id='word_1_171' title='bbox 1831 1737 2111 1774; x_wconf 83' lang='lat' dir='ltr'><strong>recusave-</strong></span> 
     </span>
    </p>
   </div>
   <div class='ocr_carea' id='block_1_5' title="bbox 209 1789 2126 1862">
    <p class='ocr_par' dir='ltr' id='par_1_6' title="bbox 209 1789 2126 1862">
     <span class='ocr_line' id='line_1_28' title="bbox 209 1789 2126 1862; baseline -0.001 -18"><span class='ocrx_word' id='word_1_172' title='bbox 209 1809 274 1862; x_wconf 86' lang='lat'><strong>91</strong></span> <span class='ocrx_word' id='word_1_173' title='bbox 297 1804 397 1844; x_wconf 85' lang='lat' dir='ltr'><strong>rat.</strong></span> <span class='ocrx_word' id='word_1_174' title='bbox 447 1792 606 1862; x_wconf 80' lang='lat' dir='ltr'><strong>Apud</strong></span> <span class='ocrx_word' id='word_1_175' title='bbox 635 1792 936 1855; x_wconf 82' lang='lat' dir='ltr'><strong>civitatem,</strong></span> <span class='ocrx_word' id='word_1_176' title='bbox 963 1801 1164 1842; x_wconf 84' lang='lat' dir='ltr'><strong>cuncta</strong></span> <span class='ocrx_word' id='word_1_177' title='bbox 1191 1790 1659 1861; x_wconf 87' lang='lat' dir='ltr'><strong>interpretantem,</strong></span> <span class='ocrx_word' id='word_1_178' title='bbox 1687 1791 1888 1843; x_wconf 84' lang='lat' dir='ltr'><strong>funesti</strong></span> <span class='ocrx_word' id='word_1_179' title='bbox 1910 1789 2126 1852; x_wconf 86' lang='lat' dir='ltr'><strong>ominis.</strong></span> 
     </span>
    </p>
   </div>
   <div class='ocr_carea' id='block_1_6' title="bbox 292 1861 2124 2283">
    <p class='ocr_par' dir='ltr' id='par_1_7' title="bbox 292 1861 2124 2283">
     <span class='ocr_line' id='line_1_29' title="bbox 294 1861 2124 1932; baseline -0.001 -17"><span class='ocrx_word' id='word_1_180' title='bbox 294 1863 418 1915; x_wconf 88' lang='lat' dir='ltr'><strong>loco</strong></span> <span class='ocrx_word' id='word_1_181' title='bbox 448 1873 743 1932; x_wconf 79' lang='lat' dir='ltr'><strong>acceptum</strong></span> <span class='ocrx_word' id='word_1_182' title='bbox 765 1873 866 1926; x_wconf 87' lang='lat' dir='ltr'><strong>est,</strong></span> <span class='ocrx_word' id='word_1_183' title='bbox 903 1861 1070 1930; x_wconf 91' lang='lat' dir='ltr'><strong>quod,</strong></span> <span class='ocrx_word' id='word_1_184' title='bbox 1108 1861 1411 1917; x_wconf 84' lang='lat' dir='ltr'><strong>maximum</strong></span> <span class='ocrx_word' id='word_1_185' title='bbox 1441 1862 1835 1916; x_wconf 87' lang='lat' dir='ltr'><strong>Pontificatum</strong></span> <span class='ocrx_word' id='word_1_186' title='bbox 1861 1862 2124 1932; x_wconf 78' lang='lat' dir='ltr'><strong>adeptuS,</strong></span> 
     </span>
     <span class='ocr_line' id='line_1_30' title="bbox 292 1930 2107 2004; baseline -0.001 -19"><span class='ocrx_word' id='word_1_187' title='bbox 292 1933 546 1986; x_wconf 87' lang='lat' dir='ltr'><strong>Vitellius</strong></span> <span class='ocrx_word' id='word_1_188' title='bbox 573 1934 640 1985; x_wconf 91' lang='lat' dir='ltr'><strong>de</strong></span> <span class='ocrx_word' id='word_1_189' title='bbox 668 1932 1008 1984; x_wconf 81' lang='lat' dir='ltr'><strong>caeremoniis</strong></span> <span class='ocrx_word' id='word_1_190' title='bbox 1035 1932 1270 2002; x_wconf 88' lang='lat' dir='ltr'><strong>publicis</strong></span> <span class='ocrx_word' id='word_1_191' title='bbox 1307 1930 1443 1985; x_wconf 91' lang='lat' dir='ltr'><strong>XV.</strong></span> <span class='ocrx_word' id='word_1_192' title='bbox 1478 1931 1603 1985; x_wconf 83' lang='lat' dir='ltr'><strong>Kal.</strong></span> <span class='ocrx_word' id='word_1_193' title='bbox 1639 1933 1787 2004; x_wconf 87' lang='lat' dir='ltr'><strong>Aug.</strong></span> <span class='ocrx_word' id='word_1_194' title='bbox 1827 1932 2107 1998; x_wconf 84' lang='lat' dir='ltr'><strong>edixisset,</strong></span> 
     </span>
     <span class='ocr_line' id='line_1_31' title="bbox 292 2002 2109 2074; baseline -0.001 -17"><span class='ocrx_word' id='word_1_195' title='bbox 292 2005 596 2074; x_wconf 86' lang='lat' dir='ltr'><strong>antiquitus</strong></span> <span class='ocrx_word' id='word_1_196' title='bbox 641 2003 880 2055; x_wconf 89' lang='lat' dir='ltr'><strong>infausto</strong></span> <span class='ocrx_word' id='word_1_197' title='bbox 929 2003 1018 2055; x_wconf 88' lang='lat' dir='ltr'><strong>die</strong></span> <span class='ocrx_word' id='word_1_198' title='bbox 1067 2002 1408 2056; x_wconf 84' lang='lat' dir='ltr'><strong>Cremerensi</strong></span> <span class='ocrx_word' id='word_1_199' title='bbox 1463 2002 1800 2073; x_wconf 89' lang='lat' dir='ltr'><strong>Alliensique</strong></span> <span class='ocrx_word' id='word_1_200' title='bbox 1845 2003 2109 2056; x_wconf 72' lang='lat' dir='ltr'><strong>cladibuS.</strong></span> 
     </span>
     <span class='ocr_line' id='line_1_32' title="bbox 292 2074 2108 2146; baseline -0.001 -19"><span class='ocrx_word' id='word_1_201' title='bbox 292 2076 428 2128; x_wconf 87' lang='lat' dir='ltr'><strong>adeo</strong></span> <span class='ocrx_word' id='word_1_202' title='bbox 457 2076 633 2127; x_wconf 87' lang='lat' dir='ltr'><strong>omnis</strong></span> <span class='ocrx_word' id='word_1_203' title='bbox 660 2074 884 2126; x_wconf 88' lang='lat' dir='ltr'><strong>humani</strong></span> <span class='ocrx_word' id='word_1_204' title='bbox 914 2074 1197 2143; x_wconf 87' lang='lat' dir='ltr'><strong>divinique</strong></span> <span class='ocrx_word' id='word_1_205' title='bbox 1231 2074 1374 2145; x_wconf 90' lang='lat' dir='ltr'><strong>juris</strong></span> <span class='ocrx_word' id='word_1_206' title='bbox 1407 2092 1621 2146; x_wconf 78' lang='lat' dir='ltr'><strong>experS,</strong></span> <span class='ocrx_word' id='word_1_207' title='bbox 1646 2074 1764 2146; x_wconf 86' lang='lat' dir='ltr'><strong>pari</strong></span> <span class='ocrx_word' id='word_1_208' title='bbox 1789 2074 2108 2128; x_wconf 87' lang='lat' dir='ltr'><strong>libertorum</strong></span> 
     </span>
     <span class='ocr_line' id='line_1_33' title="bbox 292 2144 2107 2217; baseline -0.001 -18"><span class='ocrx_word' id='word_1_209' title='bbox 292 2147 703 2216; x_wconf 86' lang='lat' dir='ltr'><strong>amicorumque</strong></span> <span class='ocrx_word' id='word_1_210' title='bbox 731 2144 1000 2209; x_wconf 85' lang='lat' dir='ltr'><strong>socordia,</strong></span> <span class='ocrx_word' id='word_1_211' title='bbox 1025 2144 1173 2197; x_wconf 91' lang='lat' dir='ltr'><strong>velut</strong></span> <span class='ocrx_word' id='word_1_212' title='bbox 1203 2145 1344 2199; x_wconf 87' lang='lat' dir='ltr'><strong>inter</strong></span> <span class='ocrx_word' id='word_1_213' title='bbox 1371 2146 1697 2199; x_wconf 88' lang='lat' dir='ltr'><strong>temulentos</strong></span> <span class='ocrx_word' id='word_1_214' title='bbox 1723 2146 1944 2217; x_wconf 86' lang='lat' dir='ltr'><strong>agebat.</strong></span> <span class='ocrx_word' id='word_1_215' title='bbox 1997 2144 2107 2198; x_wconf 88' lang='lat' dir='ltr'><strong>Sed</strong></span> 
     </span>
     <span class='ocr_line' id='line_1_34' title="bbox 293 2214 2109 2283; baseline -0.002 -12"><span class='ocrx_word' id='word_1_216' title='bbox 293 2219 521 2271; x_wconf 86' lang='lat' dir='ltr'><strong>comitia</strong></span> <span class='ocrx_word' id='word_1_217' title='bbox 561 2214 865 2269; x_wconf 85' lang='lat' dir='ltr'><strong>Consu&#39;lum</strong></span> <span class='ocrx_word' id='word_1_218' title='bbox 903 2234 1029 2268; x_wconf 90' lang='lat' dir='ltr'><strong>cum</strong></span> <span class='ocrx_word' id='word_1_219' title='bbox 1067 2215 1372 2275; x_wconf 73' lang='lat' dir='ltr'><strong>candidatis</strong></span> <span class='ocrx_word' id='word_1_220' title='bbox 1410 2217 1643 2272; x_wconf 88' lang='lat' dir='ltr'><strong>civiliter</strong></span> <span class='ocrx_word' id='word_1_221' title='bbox 1669 2218 1966 2283; x_wconf 79' lang='lat' dir='ltr'><strong>celebranS,</strong></span> <span class='ocrx_word' id='word_1_222' title='bbox 1992 2234 2109 2268; x_wconf 88' lang='lat' dir='ltr'><strong>om-</strong></span> 
     </span>
    </p>
   </div>
   <div class='ocr_carea' id='block_1_7' title="bbox 288 2393 1177 2446">
    <p class='ocr_par' dir='ltr' id='par_1_8' title="bbox 288 2393 1177 2446">
     <span class='ocr_line' id='line_1_35' title="bbox 288 2393 1177 2446; baseline -0.003 -11"><span class='ocrx_word' id='word_1_223' title='bbox 288 2396 509 2435; x_wconf 67' lang='lat' dir='ltr'><strong>succinctus</strong></span> <span class='ocrx_word' id='word_1_224' title='bbox 525 2397 627 2434; x_wconf 76' lang='lat' dir='ltr'><strong>inter</strong></span> <span class='ocrx_word' id='word_1_225' title='bbox 644 2393 763 2446; x_wconf 75' lang='lat' dir='ltr'><strong>signa</strong></span> <span class='ocrx_word' id='word_1_226' title='bbox 794 2398 910 2446; x_wconf 73' lang='lat' dir='ltr'><strong>atque</strong></span> <span class='ocrx_word' id='word_1_227' title='bbox 935 2396 1097 2442; x_wconf 72' lang='lat' dir='ltr'><strong>vexilla,</strong></span> <span class='ocrx_word' id='word_1_228' title='bbox 1113 2406 1177 2433; x_wconf 75' lang='lat' dir='ltr'><strong>sa-</strong></span> 
     </span>
    </p>
   </div>
   <div class='ocr_carea' id='block_1_8' title="bbox 288 2450 1176 3632">
    <p class='ocr_par' dir='ltr' id='par_1_9' title="bbox 288 2450 1176 3187">
     <span class='ocr_line' id='line_1_36' title="bbox 288 2450 1176 2500; baseline -0.001 -12"><span class='ocrx_word' id='word_1_229' title='bbox 288 2453 445 2500; x_wconf 77' lang='lat' dir='ltr'><strong>gulatis</strong></span> <span class='ocrx_word' id='word_1_230' title='bbox 485 2450 703 2496; x_wconf 79' lang='lat' dir='ltr'><strong>comitibus,</strong></span> <span class='ocrx_word' id='word_1_231' title='bbox 743 2463 791 2488; x_wconf 85' lang='lat' dir='ltr'><strong>ac·</strong></span> <span class='ocrx_word' id='word_1_232' title='bbox 827 2451 985 2487; x_wconf 77' lang='lat' dir='ltr'><strong>detectis</strong></span> <span class='ocrx_word' id='word_1_233' title='bbox 1019 2452 1176 2487; x_wconf 85' lang='lat' dir='ltr'><strong>commi·</strong></span> 
     </span>
     <span class='ocr_line' id='line_1_37' title="bbox 290 2503 1175 2542; baseline -0.002 0"><span class='ocrx_word' id='word_1_234' title='bbox 290 2507 458 2542; x_wconf 78' lang='lat' dir='ltr'><strong>litonum</strong></span> <span class='ocrx_word' id='word_1_235' title='bbox 495 2506 628 2541; x_wconf 70' lang='lat' dir='ltr'><strong>armis.</strong></span> <span class='ocrx_word' id='word_1_236' title='bbox 698 2504 770 2541; x_wconf 89' lang='lat' dir='ltr'><strong>Sed</strong></span> <span class='ocrx_word' id='word_1_237' title='bbox 808 2503 972 2541; x_wconf 85' lang='lat' dir='ltr'><strong>Tacitus</strong></span> <span class='ocrx_word' id='word_1_238' title='bbox 1011 2503 1175 2540; x_wconf 84' lang='lat' dir='ltr'><strong>audien-</strong></span> 
     </span>
     <span class='ocr_line' id='line_1_38' title="bbox 289 2557 1174 2602; baseline -0.003 -6"><span class='ocrx_word' id='word_1_239' title='bbox 289 2559 378 2596; x_wconf 83' lang='lat' dir='ltr'><strong>dus.</strong></span> <span class='ocrx_word' id='word_1_240' title='bbox 420 2559 526 2596; x_wconf 74' lang='lat' dir='ltr'><strong>ERN.</strong></span> <span class='ocrx_word' id='word_1_241' title='bbox 569 2558 662 2594; x_wconf 89' lang='lat' dir='ltr'><strong>Huc</strong></span> <span class='ocrx_word' id='word_1_242' title='bbox 698 2558 794 2594; x_wconf 85' lang='lat' dir='ltr'><strong>facit</strong></span> <span class='ocrx_word' id='word_1_243' title='bbox 828 2568 973 2594; x_wconf 87' lang='lat' dir='ltr'><strong>numus</strong></span> <span class='ocrx_word' id='word_1_244' title='bbox 1006 2557 1174 2602; x_wconf 86' lang='lat' dir='ltr'><strong>Vitellii,</strong></span> 
     </span>
     <span class='ocr_line' id='line_1_39' title="bbox 290 2611 1175 2661; baseline -0.003 -12"><span class='ocrx_word' id='word_1_245' title='bbox 290 2613 333 2649; x_wconf 88' lang='lat' dir='ltr'><strong>in</strong></span> <span class='ocrx_word' id='word_1_246' title='bbox 354 2624 432 2661; x_wconf 91' lang='lat' dir='ltr'><strong>quo</strong></span> <span class='ocrx_word' id='word_1_247' title='bbox 457 2616 616 2659; x_wconf 79' lang='lat' dir='ltr'><strong>togatus</strong></span> <span class='ocrx_word' id='word_1_248' title='bbox 645 2622 669 2647; x_wconf 86' lang='lat' dir='ltr'><strong>a</strong></span> <span class='ocrx_word' id='word_1_249' title='bbox 695 2612 822 2648; x_wconf 82' lang='lat' dir='ltr'><strong>Roma</strong></span> <span class='ocrx_word' id='word_1_250' title='bbox 847 2611 1002 2660; x_wconf 81' lang='lat' dir='ltr'><strong>galeata</strong></span> <span class='ocrx_word' id='word_1_251' title='bbox 1030 2611 1175 2659; x_wconf 80' lang='lat' dir='ltr'><strong>excipi·</strong></span> 
     </span>
     <span class='ocr_line' id='line_1_40' title="bbox 289 2665 1173 2714; baseline -0.003 -10"><span class='ocrx_word' id='word_1_252' title='bbox 289 2671 373 2713; x_wconf 88' lang='lat' dir='ltr'><strong>tur,</strong></span> <span class='ocrx_word' id='word_1_253' title='bbox 387 2666 584 2714; x_wconf 82' lang='lat' dir='ltr'><strong>adscripto</strong></span> <span class='ocrx_word' id='word_1_254' title='bbox 600 2675 823 2703; x_wconf 60' lang='lat' dir='ltr'><strong>anvnN&#39;rus</strong></span> <span class='ocrx_word' id='word_1_255' title='bbox 838 2674 1046 2702; x_wconf 72' lang='lat' dir='ltr'><strong>AUGUSTI.</strong></span> <span class='ocrx_word' id='word_1_256' title='bbox 1067 2665 1173 2702; x_wconf 85' lang='lat' dir='ltr'><strong>Ean-</strong></span> 
     </span>
     <span class='ocr_line' id='line_1_41' title="bbox 290 2718 1172 2768; baseline -0.002 -12"><span class='ocrx_word' id='word_1_257' title='bbox 290 2721 378 2756; x_wconf 89' lang='lat' dir='ltr'><strong>dem</strong></span> <span class='ocrx_word' id='word_1_258' title='bbox 412 2719 654 2768; x_wconf 81' lang='lat' dir='ltr'><strong>epigraphen</strong></span> <span class='ocrx_word' id='word_1_259' title='bbox 689 2719 791 2756; x_wconf 82' lang='lat' dir='ltr'><strong>alius</strong></span> <span class='ocrx_word' id='word_1_260' title='bbox 827 2718 963 2764; x_wconf 88' lang='lat' dir='ltr'><strong>habet,</strong></span> <span class='ocrx_word' id='word_1_261' title='bbox 998 2718 1066 2766; x_wconf 87' lang='lat' dir='ltr'><strong>qui</strong></span> <span class='ocrx_word' id='word_1_262' title='bbox 1104 2729 1172 2767; x_wconf 86' lang='lat' dir='ltr'><strong>pa-</strong></span> 
     </span>
     <span class='ocr_line' id='line_1_42' title="bbox 290 2774 1171 2822; baseline -0.002 -12"><span class='ocrx_word' id='word_1_263' title='bbox 290 2774 470 2810; x_wconf 85' lang='lat' dir='ltr'><strong>ludatum</strong></span> <span class='ocrx_word' id='word_1_264' title='bbox 506 2774 787 2822; x_wconf 85' lang='lat' dir='ltr'><strong>Imperatorem</strong></span> <span class='ocrx_word' id='word_1_265' title='bbox 816 2777 856 2809; x_wconf 88' lang='lat' dir='ltr'><strong>et</strong></span> <span class='ocrx_word' id='word_1_266' title='bbox 885 2781 986 2820; x_wconf 87' lang='lat' dir='ltr'><strong>equo</strong></span> <span class='ocrx_word' id='word_1_267' title='bbox 1015 2775 1171 2809; x_wconf 77' lang='lat' dir='ltr'><strong>vectum</strong></span> 
     </span>
     <span class='ocr_line' id='line_1_43' title="bbox 291 2825 1173 2864; baseline -0.002 0"><span class='ocrx_word' id='word_1_268' title='bbox 291 2828 410 2864; x_wconf 87' lang='lat' dir='ltr'><strong>sistit.</strong></span> <span class='ocrx_word' id='word_1_269' title='bbox 448 2827 547 2864; x_wconf 87' lang='lat' dir='ltr'><strong>Vide</strong></span> <span class='ocrx_word' id='word_1_270' title='bbox 578 2826 718 2863; x_wconf 86' lang='lat' dir='ltr'><strong>Oiselii</strong></span> <span class='ocrx_word' id='word_1_271' title='bbox 744 2827 848 2864; x_wconf 76' lang='lat' dir='ltr'><strong>thes.</strong></span> <span class='ocrx_word' id='word_1_272' title='bbox 879 2827 949 2863; x_wconf 87' lang='lat' dir='ltr'><strong>sel.</strong></span> <span class='ocrx_word' id='word_1_273' title='bbox 978 2826 1068 2863; x_wconf 88' lang='lat' dir='ltr'><strong>NN.</strong></span> <span class='ocrx_word' id='word_1_274' title='bbox 1089 2825 1173 2863; x_wconf 85' lang='lat' dir='ltr'><strong>tab.</strong></span> 
     </span>
     <span class='ocr_line' id='line_1_44' title="bbox 291 2879 1176 2929; baseline -0.006 -9"><span class='ocrx_word' id='word_1_275' title='bbox 291 2887 357 2920; x_wconf 85' lang='lat'><strong>90.</strong></span> <span class='ocrx_word' id='word_1_276' title='bbox 387 2882 565 2929; x_wconf 84' lang='lat' dir='ltr'><strong>Uterque</strong></span> <span class='ocrx_word' id='word_1_277' title='bbox 584 2892 631 2917; x_wconf 87' lang='lat' dir='ltr'><strong>ex</strong></span> <span class='ocrx_word' id='word_1_278' title='bbox 651 2881 780 2918; x_wconf 86' lang='lat' dir='ltr'><strong>Taciti</strong></span> <span class='ocrx_word' id='word_1_279' title='bbox 809 2881 880 2916; x_wconf 89' lang='lat' dir='ltr'><strong>hoe</strong></span> <span class='ocrx_word' id='word_1_280' title='bbox 908 2879 993 2916; x_wconf 84' lang='lat' dir='ltr'><strong>loeo</strong></span> <span class='ocrx_word' id='word_1_281' title='bbox 1020 2880 1176 2928; x_wconf 84' lang='lat' dir='ltr'><strong>egregie</strong></span> 
     </span>
     <span class='ocr_line' id='line_1_45' title="bbox 292 2934 1176 2982; baseline -0.001 -12"><span class='ocrx_word' id='word_1_282' title='bbox 292 2935 524 2982; x_wconf 80' lang='lat' dir='ltr'><strong>explicatur,</strong></span> <span class='ocrx_word' id='word_1_283' title='bbox 544 2945 614 2970; x_wconf 90' lang='lat' dir='ltr'><strong>nec</strong></span> <span class='ocrx_word' id='word_1_284' title='bbox 631 2946 730 2982; x_wconf 85' lang='lat' dir='ltr'><strong>opus</strong></span> <span class='ocrx_word' id='word_1_285' title='bbox 754 2939 854 2980; x_wconf 78' lang='lat' dir='ltr'><strong>erat,</strong></span> <span class='ocrx_word' id='word_1_286' title='bbox 874 2938 921 2970; x_wconf 83' lang='lat' dir='ltr'><strong>ut</strong></span> <span class='ocrx_word' id='word_1_287' title='bbox 936 2946 960 2970; x_wconf 85' lang='lat' dir='ltr'><strong>a</strong></span> <span class='ocrx_word' id='word_1_288' title='bbox 977 2934 1176 2970; x_wconf 80' lang='lat' dir='ltr'><strong>Grainvil-</strong></span> 
     </span>
     <span class='ocr_line' id='line_1_46' title="bbox 290 2987 1174 3035; baseline -0.001 -11"><span class='ocrx_word' id='word_1_289' title='bbox 290 2989 345 3024; x_wconf 89' lang='lat' dir='ltr'><strong>lio</strong></span> <span class='ocrx_word' id='word_1_290' title='bbox 365 2990 406 3024; x_wconf 88' lang='lat' dir='ltr'><strong>in</strong></span> <span class='ocrx_word' id='word_1_291' title='bbox 440 2989 561 3025; x_wconf 71' lang='lat' dir='ltr'><strong>Mem.</strong></span> <span class='ocrx_word' id='word_1_292' title='bbox 581 2999 682 3035; x_wconf 85' lang='lat' dir='ltr'><strong>pour</strong></span> <span class='ocrx_word' id='word_1_293' title='bbox 712 2987 822 3024; x_wconf 85' lang='lat' dir='ltr'><strong>l’hist</strong></span> <span class='ocrx_word' id='word_1_294' title='bbox 851 2987 917 3023; x_wconf 85' lang='lat' dir='ltr'><strong>des</strong></span> <span class='ocrx_word' id='word_1_295' title='bbox 945 2988 1114 3023; x_wconf 86' lang='lat' dir='ltr'><strong>sciences</strong></span> <span class='ocrx_word' id='word_1_296' title='bbox 1133 2992 1174 3023; x_wconf 84' lang='lat' dir='ltr'><strong>et</strong></span> 
     </span>
     <span class='ocr_line' id='line_1_47' title="bbox 291 3040 1174 3090; baseline -0.001 -13"><span class='ocrx_word' id='word_1_297' title='bbox 291 3042 358 3077; x_wconf 84' lang='lat' dir='ltr'><strong>des</strong></span> <span class='ocrx_word' id='word_1_298' title='bbox 378 3041 505 3077; x_wconf 80' lang='lat' dir='ltr'><strong>beaux</strong></span> <span class='ocrx_word' id='word_1_299' title='bbox 525 3046 606 3078; x_wconf 86' lang='lat' dir='ltr'><strong>arts</strong></span> <span class='ocrx_word' id='word_1_300' title='bbox 623 3053 660 3078; x_wconf 88' lang='lat' dir='ltr'><strong>a.</strong></span> <span class='ocrx_word' id='word_1_301' title='bbox 681 3047 799 3080; x_wconf 89' lang='lat'><strong>1703.</strong></span> <span class='ocrx_word' id='word_1_302' title='bbox 828 3042 1020 3090; x_wconf 78' lang='lat' dir='ltr'><strong>posterior</strong></span> <span class='ocrx_word' id='word_1_303' title='bbox 1037 3040 1174 3076; x_wconf 53' lang='lat' dir='ltr'><strong>adver*</strong></span> 
     </span>
     <span class='ocr_line' id='line_1_48' title="bbox 291 3093 1175 3143; baseline 0 -11"><span class='ocrx_word' id='word_1_304' title='bbox 291 3107 357 3132; x_wconf 87' lang='lat' dir='ltr'><strong>sus</strong></span> <span class='ocrx_word' id='word_1_305' title='bbox 398 3096 580 3131; x_wconf 85' lang='lat' dir='ltr'><strong>Tacitum</strong></span> <span class='ocrx_word' id='word_1_306' title='bbox 615 3095 881 3143; x_wconf 84' lang='lat' dir='ltr'><strong>adlegaretur.</strong></span> <span class='ocrx_word' id='word_1_307' title='bbox 928 3095 992 3134; x_wconf 82' lang='lat' dir='ltr'><strong>Cf.</strong></span> <span class='ocrx_word' id='word_1_308' title='bbox 1034 3093 1175 3132; x_wconf 70' lang='lat' dir='ltr'><strong>Brote-</strong></span> 
     </span>
     <span class='ocr_line' id='line_1_49' title="bbox 291 3159 389 3187; baseline -0.041 0"><span class='ocrx_word' id='word_1_309' title='bbox 291 3159 389 3187; x_wconf 75' lang='lat' dir='ltr'><strong>rius.</strong></span> 
     </span>
    </p>

    <p class='ocr_par' dir='ltr' id='par_1_10' title="bbox 290 3202 1176 3632">
     <span class='ocr_line' id='line_1_50' title="bbox 344 3202 1174 3251; baseline 0.001 -13"><span class='ocrx_word' id='word_1_310' title='bbox 344 3203 451 3239; x_wconf 82' lang='lat' dir='ltr'><strong>Ante</strong></span> <span class='ocrx_word' id='word_1_311' title='bbox 483 3202 690 3251; x_wconf 81' lang='lat' dir='ltr'><strong>Aquilam]</strong></span> <span class='ocrx_word' id='word_1_312' title='bbox 741 3203 904 3249; x_wconf 87' lang='lat' dir='ltr'><strong>Accipe,</strong></span> <span class='ocrx_word' id='word_1_313' title='bbox 935 3206 1029 3238; x_wconf 87' lang='lat' dir='ltr'><strong>ante</strong></span> <span class='ocrx_word' id='word_1_314' title='bbox 1054 3212 1174 3239; x_wconf 82' lang='lat' dir='ltr'><strong>suam</strong></span> 
     </span>
     <span class='ocr_line' id='line_1_51' title="bbox 291 3255 1176 3305; baseline 0.001 -13"><span class='ocrx_word' id='word_1_315' title='bbox 291 3266 486 3305; x_wconf 84' lang='lat' dir='ltr'><strong>quemque</strong></span> <span class='ocrx_word' id='word_1_316' title='bbox 504 3255 688 3302; x_wconf 81' lang='lat' dir='ltr'><strong>aquilam.</strong></span> <span class='ocrx_word' id='word_1_317' title='bbox 735 3255 895 3303; x_wconf 85' lang='lat' dir='ltr'><strong>Alioqui</strong></span> <span class='ocrx_word' id='word_1_318' title='bbox 915 3256 1045 3292; x_wconf 82' lang='lat' dir='ltr'><strong>verius</strong></span> <span class='ocrx_word' id='word_1_319' title='bbox 1064 3258 1176 3305; x_wconf 76' lang='lat' dir='ltr'><strong>aqui·</strong></span> 
     </span>
     <span class='ocr_line' id='line_1_52' title="bbox 291 3308 1172 3357; baseline -0.002 -11"><span class='ocrx_word' id='word_1_320' title='bbox 291 3312 378 3347; x_wconf 75' lang='lat' dir='ltr'><strong>Ias:</strong></span> <span class='ocrx_word' id='word_1_321' title='bbox 408 3315 577 3357; x_wconf 74' lang='lat' dir='ltr'><strong>quatuor</strong></span> <span class='ocrx_word' id='word_1_322' title='bbox 605 3319 695 3344; x_wconf 85' lang='lat' dir='ltr'><strong>nam</strong></span> <span class='ocrx_word' id='word_1_323' title='bbox 723 3312 839 3344; x_wconf 80' lang='lat' dir='ltr'><strong>erant</strong></span> <span class='ocrx_word' id='word_1_324' title='bbox 872 3308 1003 3345; x_wconf 88' lang='lat' dir='ltr'><strong>simul.</strong></span> <span class='ocrx_word' id='word_1_325' title='bbox 1059 3310 1172 3348; x_wconf 73' lang='lat' dir='ltr'><strong>ers.</strong></span> 
     </span>
     <span class='ocr_line' id='line_1_53' title="bbox 290 3361 1169 3412; baseline 0 -12"><span class='ocrx_word' id='word_1_326' title='bbox 290 3364 461 3412; x_wconf 81' lang='lat' dir='ltr'><strong>Ryckius</strong></span> <span class='ocrx_word' id='word_1_327' title='bbox 483 3366 599 3403; x_wconf 78' lang='lat' dir='ltr'><strong>nutat</strong></span> <span class='ocrx_word' id='word_1_328' title='bbox 617 3363 772 3411; x_wconf 76' lang='lat' dir='ltr'><strong>aquilas</strong></span> <span class='ocrx_word' id='word_1_329' title='bbox 790 3362 936 3398; x_wconf 81' lang='lat' dir='ltr'><strong>firmari</strong></span> <span class='ocrx_word' id='word_1_330' title='bbox 957 3361 1041 3398; x_wconf 90' lang='lat' dir='ltr'><strong>MS.</strong></span> <span class='ocrx_word' id='word_1_331' title='bbox 1063 3362 1169 3400; x_wconf 82' lang='lat' dir='ltr'><strong>Flor.</strong></span> 
     </span>
     <span class='ocr_line' id='line_1_54' title="bbox 290 3410 1170 3467; baseline -0.005 -12"><span class='ocrx_word' id='word_1_332' title='bbox 290 3418 333 3454; x_wconf 88' lang='lat' dir='ltr'><strong>in</strong></span> <span class='ocrx_word' id='word_1_333' title='bbox 361 3430 439 3465; x_wconf 83' lang='lat' dir='ltr'><strong>quo</strong></span> <span class='ocrx_word' id='word_1_334' title='bbox 470 3417 618 3467; x_wconf 79' lang='lat' dir='ltr'><strong>aquila.</strong></span> <span class='ocrx_word' id='word_1_335' title='bbox 665 3416 738 3451; x_wconf 85' lang='lat' dir='ltr'><strong>Sed</strong></span> <span class='ocrx_word' id='word_1_336' title='bbox 773 3416 814 3451; x_wconf 91' lang='lat' dir='ltr'><strong>in</strong></span> <span class='ocrx_word' id='word_1_337' title='bbox 843 3410 911 3451; x_wconf 82' lang='lat' dir='ltr'><strong>illo</strong></span> <span class='ocrx_word' id='word_1_338' title='bbox 937 3414 1040 3451; x_wconf 86' lang='lat' dir='ltr'><strong>libro</strong></span> <span class='ocrx_word' id='word_1_339' title='bbox 1067 3426 1170 3463; x_wconf 83' lang='lat' dir='ltr'><strong>saepe</strong></span> 
     </span>
     <span class='ocr_line' id='line_1_55' title="bbox 290 3469 1169 3516; baseline -0.005 -8"><span class='ocrx_word' id='word_1_340' title='bbox 290 3472 492 3508; x_wconf 83' lang='lat' dir='ltr'><strong>omittitur</strong></span> <span class='ocrx_word' id='word_1_341' title='bbox 523 3472 639 3507; x_wconf 86' lang='lat' dir='ltr'><strong>litera</strong></span> <span class='ocrx_word' id='word_1_342' title='bbox 673 3482 725 3515; x_wconf 88' lang='lat' dir='ltr'><strong>m,</strong></span> <span class='ocrx_word' id='word_1_343' title='bbox 755 3469 898 3506; x_wconf 79' lang='lat' dir='ltr'><strong>omissa</strong></span> <span class='ocrx_word' id='word_1_344' title='bbox 927 3479 982 3506; x_wconf 86' lang='lat' dir='ltr'><strong>se.</strong></span> <span class='ocrx_word' id='word_1_345' title='bbox 1013 3469 1169 3516; x_wconf 79' lang='lat' dir='ltr'><strong>virgula</strong></span> 
     </span>
     <span class='ocr_line' id='line_1_56' title="bbox 291 3523 1169 3573; baseline -0.003 -11"><span class='ocrx_word' id='word_1_346' title='bbox 291 3538 412 3573; x_wconf 83' lang='lat' dir='ltr'><strong>supra</strong></span> <span class='ocrx_word' id='word_1_347' title='bbox 438 3525 616 3562; x_wconf 84' lang='lat' dir='ltr'><strong>ultimam</strong></span> <span class='ocrx_word' id='word_1_348' title='bbox 638 3523 805 3560; x_wconf 83' lang='lat' dir='ltr'><strong>literam.</strong></span> <span class='ocrx_word' id='word_1_349' title='bbox 861 3523 923 3559; x_wconf 84' lang='lat' dir='ltr'><strong>Sic</strong></span> <span class='ocrx_word' id='word_1_350' title='bbox 943 3533 1031 3559; x_wconf 79' lang='lat' dir='ltr'><strong>mox</strong></span> <span class='ocrx_word' id='word_1_351' title='bbox 1051 3533 1083 3560; x_wconf 90' lang='lat' dir='ltr'><strong>c.</strong></span> <span class='ocrx_word' id='word_1_352' title='bbox 1103 3527 1169 3561; x_wconf 72' lang='lat'><strong>92.</strong></span> 
     </span>
     <span class='ocr_line' id='line_1_57' title="bbox 292 3576 1170 3632; baseline -0.005 -15"><span class='ocrx_word' id='word_1_353' title='bbox 292 3581 346 3616; x_wconf 81' lang='lat' dir='ltr'><strong>ad</strong></span> <span class='ocrx_word' id='word_1_354' title='bbox 367 3579 631 3632; x_wconf 50' lang='lat' dir='ltr'><strong>ptgasectura:</strong></span> <span class='ocrx_word' id='word_1_355' title='bbox 674 3578 777 3625; x_wconf 85' lang='lat' dir='ltr'><strong>quod</strong></span> <span class='ocrx_word' id='word_1_356' title='bbox 811 3576 993 3613; x_wconf 86' lang='lat' dir='ltr'><strong>similiter</strong></span> <span class='ocrx_word' id='word_1_357' title='bbox 1021 3576 1170 3614; x_wconf 78' lang='lat' dir='ltr'><strong>frustra</strong></span> 
     </span>
    </p>
   </div>
   <div class='ocr_carea' id='block_1_9' title="bbox 1222 2393 2112 3626">
    <p class='ocr_par' dir='ltr' id='par_1_11' title="bbox 1228 2393 2112 2595">
     <span class='ocr_line' id='line_1_58' title="bbox 1229 2393 2111 2444; baseline -0.001 -11"><span class='ocrx_word' id='word_1_358' title='bbox 1229 2394 1402 2433; x_wconf 82' lang='lat' dir='ltr'><strong>Pichena</strong></span> <span class='ocrx_word' id='word_1_359' title='bbox 1428 2398 1546 2444; x_wconf 81' lang='lat' dir='ltr'><strong>putat</strong></span> <span class='ocrx_word' id='word_1_360' title='bbox 1577 2396 1734 2434; x_wconf 79' lang='lat' dir='ltr'><strong>firmare</strong></span> <span class='ocrx_word' id='word_1_361' title='bbox 1762 2393 1885 2444; x_wconf 82' lang='lat' dir='ltr'><strong>Lipsii</strong></span> <span class='ocrx_word' id='word_1_362' title='bbox 1911 2394 2111 2442; x_wconf 85' lang='lat' dir='ltr'><strong>conjectu-</strong></span> 
     </span>
     <span class='ocr_line' id='line_1_59' title="bbox 1229 2449 2110 2498; baseline -0.001 -12"><span class='ocrx_word' id='word_1_363' title='bbox 1229 2460 1327 2487; x_wconf 88' lang='lat' dir='ltr'><strong>ram.</strong></span> <span class='ocrx_word' id='word_1_364' title='bbox 1382 2449 1548 2498; x_wconf 82' lang='lat' dir='ltr'><strong>Virgula</strong></span> <span class='ocrx_word' id='word_1_365' title='bbox 1572 2451 1716 2487; x_wconf 85' lang='lat' dir='ltr'><strong>omissa</strong></span> <span class='ocrx_word' id='word_1_366' title='bbox 1742 2454 1804 2487; x_wconf 71' lang='lat' dir='ltr'><strong>est</strong></span> <span class='ocrx_word' id='word_1_367' title='bbox 1819 2460 1891 2498; x_wconf 86' lang='lat' dir='ltr'><strong>per</strong></span> <span class='ocrx_word' id='word_1_368' title='bbox 1907 2449 2110 2497; x_wconf 81' lang='lat' dir='ltr'><strong>negligen-</strong></span> 
     </span>
     <span class='ocr_line' id='line_1_60' title="bbox 1228 2502 2112 2553; baseline 0.001 -13"><span class='ocrx_word' id='word_1_369' title='bbox 1228 2505 1327 2541; x_wconf 87' lang='lat' dir='ltr'><strong>tiam</strong></span> <span class='ocrx_word' id='word_1_370' title='bbox 1363 2502 1418 2540; x_wconf 82' lang='grc' dir='ltr'><strong>Η.</strong></span> <span class='ocrx_word' id='word_1_371' title='bbox 1446 2509 1487 2550; x_wconf 81' lang='lat'><strong>3,</strong></span> <span class='ocrx_word' id='word_1_372' title='bbox 1520 2510 1560 2542; x_wconf 76' lang='lat'><strong>2.</strong></span> <span class='ocrx_word' id='word_1_373' title='bbox 1586 2511 1758 2541; x_wconf 73' lang='lat' dir='ltr'><strong>reserata</strong></span> <span class='ocrx_word' id='word_1_374' title='bbox 1787 2514 1860 2553; x_wconf 80' lang='lat' dir='ltr'><strong>pro</strong></span> <span class='ocrx_word' id='word_1_375' title='bbox 1885 2507 2112 2541; x_wconf 71' lang='lat' dir='ltr'><strong>reseratam.</strong></span> 
     </span>
     <span class='ocr_line' id='line_1_61' title="bbox 1228 2558 1337 2595; baseline 0.009 -1"><span class='ocrx_word' id='word_1_376' title='bbox 1228 2558 1337 2595; x_wconf 65' lang='lat' dir='ltr'><strong>Ean.</strong></span> 
     </span>
    </p>

    <p class='ocr_par' dir='ltr' id='par_1_12' title="bbox 1222 2609 2111 3079">
     <span class='ocr_line' id='line_1_62' title="bbox 1282 2609 2109 2659; baseline -0.002 -11"><span class='ocrx_word' id='word_1_377' title='bbox 1282 2611 1442 2648; x_wconf 76' lang='lat' dir='ltr'><strong>Decora</strong></span> <span class='ocrx_word' id='word_1_378' title='bbox 1458 2610 1593 2659; x_wconf 71' lang='lat' dir='ltr'><strong>sac-ies</strong></span> <span class='ocrx_word' id='word_1_379' title='bbox 1610 2617 1646 2648; x_wconf 76' lang='lat' dir='ltr'><strong>et</strong></span> <span class='ocrx_word' id='word_1_380' title='bbox 1673 2623 1748 2648; x_wconf 78' lang='lat' dir='ltr'><strong>non</strong></span> <span class='ocrx_word' id='word_1_381' title='bbox 1775 2611 1934 2648; x_wconf 75' lang='lat' dir='ltr'><strong>Vitellio</strong></span> <span class='ocrx_word' id='word_1_382' title='bbox 1951 2609 2109 2647; x_wconf 76' lang='lat' dir='ltr'><strong>Princi-</strong></span> 
     </span>
     <span class='ocr_line' id='line_1_63' title="bbox 1222 2663 2110 2715; baseline -0.003 -13"><span class='ocrx_word' id='word_1_383' title='bbox 1222 2676 1274 2713; x_wconf 83' lang='lat' dir='ltr'><strong>pe</strong></span> <span class='ocrx_word' id='word_1_384' title='bbox 1290 2665 1439 2714; x_wconf 76' lang='lat' dir='ltr'><strong>dignus</strong></span> <span class='ocrx_word' id='word_1_385' title='bbox 1459 2663 1668 2715; x_wconf 70' lang='lat' dir='ltr'><strong>exercitus]</strong></span> <span class='ocrx_word' id='word_1_386' title='bbox 1702 2665 1799 2702; x_wconf 68' lang='lat' dir='ltr'><strong>Hac</strong></span> <span class='ocrx_word' id='word_1_387' title='bbox 1827 2667 1915 2702; x_wconf 81' lang='lat' dir='ltr'><strong>tota</strong></span> <span class='ocrx_word' id='word_1_388' title='bbox 1931 2663 2110 2701; x_wconf 76' lang='lat' dir='ltr'><strong>clausula</strong></span> 
     </span>
     <span class='ocr_line' id='line_1_64' title="bbox 1229 2716 2111 2767; baseline -0.001 -13"><span class='ocrx_word' id='word_1_389' title='bbox 1229 2729 1306 2754; x_wconf 87' lang='lat' dir='ltr'><strong>non</strong></span> <span class='ocrx_word' id='word_1_390' title='bbox 1340 2723 1426 2755; x_wconf 84' lang='lat' dir='ltr'><strong>erat</strong></span> <span class='ocrx_word' id='word_1_391' title='bbox 1459 2718 1501 2754; x_wconf 91' lang='lat' dir='ltr'><strong>in</strong></span> <span class='ocrx_word' id='word_1_392' title='bbox 1535 2719 1620 2756; x_wconf 83' lang='lat' dir='ltr'><strong>MS.</strong></span> <span class='ocrx_word' id='word_1_393' title='bbox 1663 2718 1765 2757; x_wconf 83' lang='lat' dir='ltr'><strong>Bud.</strong></span> <span class='ocrx_word' id='word_1_394' title='bbox 1829 2716 2111 2767; x_wconf 82' lang='lat' dir='ltr'><strong>Suspicabatur</strong></span> 
     </span>
     <span class='ocr_line' id='line_1_65' title="bbox 1227 2770 2110 2820; baseline -0.003 -10"><span class='ocrx_word' id='word_1_395' title='bbox 1227 2772 1356 2810; x_wconf 84' lang='lat' dir='ltr'><strong>Rhen.</strong></span> <span class='ocrx_word' id='word_1_396' title='bbox 1375 2784 1396 2808; x_wconf 89' lang='lat' dir='ltr'><strong>e</strong></span> <span class='ocrx_word' id='word_1_397' title='bbox 1415 2772 1591 2820; x_wconf 82' lang='lat' dir='ltr'><strong>margine</strong></span> <span class='ocrx_word' id='word_1_398' title='bbox 1619 2772 1662 2808; x_wconf 86' lang='lat' dir='ltr'><strong>in</strong></span> <span class='ocrx_word' id='word_1_399' title='bbox 1689 2776 1915 2810; x_wconf 78' lang='lat' dir='ltr'><strong>contextum</strong></span> <span class='ocrx_word' id='word_1_400' title='bbox 1943 2770 2110 2808; x_wconf 84' lang='lat' dir='ltr'><strong>relatam</strong></span> 
     </span>
     <span class='ocr_line' id='line_1_66' title="bbox 1232 2825 2111 2876; baseline -0.003 -13"><span class='ocrx_word' id='word_1_401' title='bbox 1232 2826 1380 2875; x_wconf 79' lang='lat' dir='ltr'><strong>(servat</strong></span> <span class='ocrx_word' id='word_1_402' title='bbox 1406 2825 1573 2876; x_wconf 80' lang='lat' dir='ltr'><strong>tamen).</strong></span> <span class='ocrx_word' id='word_1_403' title='bbox 1627 2825 1689 2863; x_wconf 78' lang='lat' dir='ltr'><strong>Ee</strong></span> <span class='ocrx_word' id='word_1_404' title='bbox 1712 2827 1846 2875; x_wconf 83' lang='lat' dir='ltr'><strong>accipe</strong></span> <span class='ocrx_word' id='word_1_405' title='bbox 1870 2825 2022 2862; x_wconf 71' lang='lat' dir='ltr'><strong>&lt;lictum</strong></span> <span class='ocrx_word' id='word_1_406' title='bbox 2038 2835 2111 2872; x_wconf 83' lang='lat' dir='ltr'><strong>pro</strong></span> 
     </span>
     <span class='ocr_line' id='line_1_67' title="bbox 1229 2877 2108 2927; baseline -0.002 -11"><span class='ocrx_word' id='word_1_407' title='bbox 1229 2879 1310 2925; x_wconf 77' lang='lat' dir='ltr'><strong>sed,</strong></span> <span class='ocrx_word' id='word_1_408' title='bbox 1338 2883 1386 2917; x_wconf 81' lang='lat' dir='ltr'><strong>ut</strong></span> <span class='ocrx_word' id='word_1_409' title='bbox 1410 2881 1558 2916; x_wconf 87' lang='lat' dir='ltr'><strong>centies</strong></span> <span class='ocrx_word' id='word_1_410' title='bbox 1581 2878 1691 2917; x_wconf 79' lang='lat' dir='ltr'><strong>alibi.</strong></span> <span class='ocrx_word' id='word_1_411' title='bbox 1739 2880 1974 2924; x_wconf 72' lang='lat' dir='ltr'><strong>Honoravit,</strong></span> <span class='ocrx_word' id='word_1_412' title='bbox 2003 2877 2108 2927; x_wconf 84' lang='lat' dir='ltr'><strong>quod</strong></span> 
     </span>
     <span class='ocr_line' id='line_1_68' title="bbox 1231 2932 2108 2983; baseline -0.002 -12"><span class='ocrx_word' id='word_1_413' title='bbox 1231 2933 1361 2971; x_wconf 83' lang='lat' dir='ltr'><strong>Rben.</strong></span> <span class='ocrx_word' id='word_1_414' title='bbox 1409 2933 1445 2983; x_wconf 89' lang='lat' dir='ltr'><strong>(e</strong></span> <span class='ocrx_word' id='word_1_415' title='bbox 1480 2932 1606 2983; x_wconf 86' lang='lat' dir='ltr'><strong>Bud.)</strong></span> <span class='ocrx_word' id='word_1_416' title='bbox 1646 2933 1784 2980; x_wconf 84' lang='lat' dir='ltr'><strong>edidit,</strong></span> <span class='ocrx_word' id='word_1_417' title='bbox 1830 2932 1951 2970; x_wconf 76' lang='lat' dir='ltr'><strong>etiam</strong></span> <span class='ocrx_word' id='word_1_418' title='bbox 2001 2932 2108 2970; x_wconf 77' lang='lat' dir='ltr'><strong>Flor-</strong></span> 
     </span>
     <span class='ocr_line' id='line_1_69' title="bbox 1229 2985 2111 3032; baseline 0 -9"><span class='ocrx_word' id='word_1_419' title='bbox 1229 2986 1359 3024; x_wconf 78' lang='lat' dir='ltr'><strong>Guelf.</strong></span> <span class='ocrx_word' id='word_1_420' title='bbox 1379 2991 1419 3023; x_wconf 85' lang='lat' dir='ltr'><strong>et</strong></span> <span class='ocrx_word' id='word_1_421' title='bbox 1435 2987 1520 3024; x_wconf 83' lang='lat' dir='ltr'><strong>alii.</strong></span> <span class='ocrx_word' id='word_1_422' title='bbox 1576 2987 1634 3024; x_wconf 83' lang='lat' dir='ltr'><strong>At</strong></span> <span class='ocrx_word' id='word_1_423' title='bbox 1653 2987 1740 3025; x_wconf 76' lang='lat' dir='ltr'><strong>edd.</strong></span> <span class='ocrx_word' id='word_1_424' title='bbox 1764 2990 1856 3024; x_wconf 75' lang='lat' dir='ltr'><strong>ante</strong></span> <span class='ocrx_word' id='word_1_425' title='bbox 1871 2985 2003 3032; x_wconf 72' lang='lat' dir='ltr'><strong>Rhea.</strong></span> <span class='ocrx_word' id='word_1_426' title='bbox 2026 2996 2111 3023; x_wconf 88' lang='lat' dir='ltr'><strong>om·</strong></span> 
     </span>
     <span class='ocr_line' id='line_1_70' title="bbox 1230 3041 1674 3079; baseline 0 -1"><span class='ocrx_word' id='word_1_427' title='bbox 1230 3052 1299 3078; x_wconf 82' lang='lat' dir='ltr'><strong>nes</strong></span> <span class='ocrx_word' id='word_1_428' title='bbox 1324 3041 1530 3078; x_wconf 70' lang='lat' dir='ltr'><strong>decoravit.</strong></span> <span class='ocrx_word' id='word_1_429' title='bbox 1565 3041 1674 3079; x_wconf 72' lang='lat' dir='ltr'><strong>ERN.</strong></span> 
     </span>
    </p>

    <p class='ocr_par' dir='ltr' id='par_1_13' title="bbox 1222 3090 2110 3626">
     <span class='ocr_line' id='line_1_71' title="bbox 1285 3090 2109 3132; baseline 0 -1"><span class='ocrx_word' id='word_1_430' title='bbox 1285 3095 1454 3132; x_wconf 75' lang='lat' dir='ltr'><strong>Comitia</strong></span> <span class='ocrx_word' id='word_1_431' title='bbox 1477 3096 1495 3130; x_wconf 90' lang='lat'><em>(</em></span> <span class='ocrx_word' id='word_1_432' title='bbox 1505 3095 1684 3132; x_wconf 53' lang='lat' dir='ltr'><strong>amulum</strong></span> <span class='ocrx_word' id='word_1_433' title='bbox 1705 3105 1793 3131; x_wconf 74' lang='lat' dir='ltr'><strong>eum</strong></span> <span class='ocrx_word' id='word_1_434' title='bbox 1817 3090 2040 3131; x_wconf 58' lang='lat' dir='ltr'><strong>candidatis</strong></span> <span class='ocrx_word' id='word_1_435' title='bbox 2053 3094 2109 3131; x_wconf 76' lang='lat' dir='ltr'><strong>ci·</strong></span> 
     </span>
     <span class='ocr_line' id='line_1_72' title="bbox 1229 3146 2106 3197; baseline -0.002 -12"><span class='ocrx_word' id='word_1_436' title='bbox 1229 3149 1359 3185; x_wconf 80' lang='lat' dir='ltr'><strong>viliter</strong></span> <span class='ocrx_word' id='word_1_437' title='bbox 1389 3146 1597 3197; x_wconf 71' lang='lat' dir='ltr'><strong>celebrans]</strong></span> <span class='ocrx_word' id='word_1_438' title='bbox 1629 3147 1834 3195; x_wconf 80' lang='lat' dir='ltr'><strong>Nusquam</strong></span> <span class='ocrx_word' id='word_1_439' title='bbox 1856 3146 2037 3194; x_wconf 80' lang='lat' dir='ltr'><strong>jejunius</strong></span> <span class='ocrx_word' id='word_1_440' title='bbox 2065 3151 2106 3183; x_wconf 81' lang='lat' dir='ltr'><strong>et</strong></span> 
     </span>
     <span class='ocr_line' id='line_1_73' title="bbox 1230 3198 2110 3253; baseline -0.001 -15"><span class='ocrx_word' id='word_1_441' title='bbox 1230 3200 1456 3253; x_wconf 62' lang='lat' dir='ltr'><strong>infelicius}</strong></span> <span class='ocrx_word' id='word_1_442' title='bbox 1473 3201 1570 3238; x_wconf 61' lang='lat' dir='ltr'><strong>ard-o</strong></span> <span class='ocrx_word' id='word_1_443' title='bbox 1584 3198 1768 3245; x_wconf 55' lang='lat' dir='ltr'><strong>Sat-ilius,</strong></span> <span class='ocrx_word' id='word_1_444' title='bbox 1785 3201 1852 3249; x_wconf 75' lang='lat' dir='ltr'><strong>qni</strong></span> <span class='ocrx_word' id='word_1_445' title='bbox 1872 3201 2110 3249; x_wconf 71' lang='lat' dir='ltr'><strong>interpreta-</strong></span> 
     </span>
     <span class='ocr_line' id='line_1_74' title="bbox 1228 3254 2108 3300; baseline 0 -8"><span class='ocrx_word' id='word_1_446' title='bbox 1228 3259 1311 3300; x_wconf 86' lang='lat' dir='ltr'><strong>tur,</strong></span> <span class='ocrx_word' id='word_1_447' title='bbox 1356 3263 1523 3291; x_wconf 85' lang='lat' dir='ltr'><strong>munera</strong></span> <span class='ocrx_word' id='word_1_448' title='bbox 1552 3265 1578 3290; x_wconf 84' lang='lat' dir='ltr'><strong>a</strong></span> <span class='ocrx_word' id='word_1_449' title='bbox 1611 3254 1830 3291; x_wconf 76' lang='lat' dir='ltr'><strong>candidatis</strong></span> <span class='ocrx_word' id='word_1_450' title='bbox 1867 3254 2108 3292; x_wconf 75' lang='lat' dir='ltr'><strong>Consulatus</strong></span> 
     </span>
     <span class='ocr_line' id='line_1_75' title="bbox 1230 3306 2106 3353; baseline 0 -8"><span class='ocrx_word' id='word_1_451' title='bbox 1230 3308 1336 3345; x_wconf 82' lang='lat' dir='ltr'><strong>edita</strong></span> <span class='ocrx_word' id='word_1_452' title='bbox 1358 3307 1530 3344; x_wconf 78' lang='lat' dir='ltr'><strong>civiliter</strong></span> <span class='ocrx_word' id='word_1_453' title='bbox 1541 3306 1756 3344; x_wconf 70' lang='lat' dir='ltr'><strong>celebrans.</strong></span> <span class='ocrx_word' id='word_1_454' title='bbox 1792 3308 1894 3353; x_wconf 19' lang='lat' dir='ltr'><strong>Almo</strong></span> <span class='ocrx_word' id='word_1_455' title='bbox 1909 3318 2000 3345; x_wconf 83' lang='lat' dir='ltr'><strong>eum</strong></span> <span class='ocrx_word' id='word_1_456' title='bbox 2023 3309 2106 3346; x_wconf 80' lang='lat' dir='ltr'><strong>suis</strong></span> 
     </span>
     <span class='ocr_line' id='line_1_76' title="bbox 1226 3357 2107 3411; baseline 0 -13"><span class='ocrx_word' id='word_1_457' title='bbox 1226 3361 1442 3398; x_wconf 84' lang='lat' dir='ltr'><strong>candidatis</strong></span> <span class='ocrx_word' id='word_1_458' title='bbox 1478 3362 1711 3399; x_wconf 84' lang='lat' dir='ltr'><strong>circumiens</strong></span> <span class='ocrx_word' id='word_1_459' title='bbox 1739 3365 1781 3398; x_wconf 83' lang='lat' dir='ltr'><strong>et</strong></span> <span class='ocrx_word' id='word_1_460' title='bbox 1800 3357 1998 3411; x_wconf 48' lang='lat' dir='ltr'><strong>prensans</strong></span> <span class='ocrx_word' id='word_1_461' title='bbox 2032 3362 2107 3399; x_wconf 80' lang='lat' dir='ltr'><strong>Pa·</strong></span> 
     </span>
     <span class='ocr_line' id='line_1_77' title="bbox 1224 3415 2105 3464; baseline 0 -12"><span class='ocrx_word' id='word_1_462' title='bbox 1224 3420 1321 3460; x_wconf 77' lang='lat' dir='ltr'><strong>tres,</strong></span> <span class='ocrx_word' id='word_1_463' title='bbox 1340 3425 1459 3463; x_wconf 83' lang='lat' dir='ltr'><strong>penes</strong></span> <span class='ocrx_word' id='word_1_464' title='bbox 1477 3426 1576 3464; x_wconf 86' lang='lat' dir='ltr'><strong>qnos</strong></span> <span class='ocrx_word' id='word_1_465' title='bbox 1594 3420 1680 3453; x_wconf 83' lang='lat' dir='ltr'><strong>tum</strong></span> <span class='ocrx_word' id='word_1_466' title='bbox 1695 3419 1809 3452; x_wconf 82' lang='lat' dir='ltr'><strong>erant</strong></span> <span class='ocrx_word' id='word_1_467' title='bbox 1826 3416 1999 3460; x_wconf 70' lang='lat' dir='ltr'><strong>comitia.</strong></span> <span class='ocrx_word' id='word_1_468' title='bbox 2039 3415 2105 3454; x_wconf 84' lang='lat' dir='ltr'><strong>Li-</strong></span> 
     </span>
     <span class='ocr_line' id='line_1_78' title="bbox 1222 3469 2107 3515; baseline 0.002 -9"><span class='ocrx_word' id='word_1_469' title='bbox 1222 3469 1310 3506; x_wconf 77' lang='lat' dir='ltr'><strong>vius</strong></span> <span class='ocrx_word' id='word_1_470' title='bbox 1329 3474 1396 3515; x_wconf 84' lang='lat'><strong>39,</strong></span> <span class='ocrx_word' id='word_1_471' title='bbox 1410 3474 1476 3506; x_wconf 78' lang='lat'><strong>32.</strong></span> <span class='ocrx_word' id='word_1_472' title='bbox 1534 3469 1721 3507; x_wconf 75' lang='lat' dir='ltr'><strong>Claudius</strong></span> <span class='ocrx_word' id='word_1_473' title='bbox 1742 3469 1979 3512; x_wconf 65' lang='lat' dir='ltr'><strong>Consul-vine</strong></span> <span class='ocrx_word' id='word_1_474' title='bbox 1992 3469 2107 3508; x_wconf 64' lang='lat' dir='ltr'><strong>effeto-</strong></span> 
     </span>
     <span class='ocr_line' id='line_1_79' title="bbox 1222 3516 2104 3571; baseline 0.002 -12"><span class='ocrx_word' id='word_1_475' title='bbox 1222 3524 1330 3560; x_wconf 56' lang='lat' dir='ltr'><strong>ntus</strong></span> <span class='ocrx_word' id='word_1_476' title='bbox 1346 3524 1572 3571; x_wconf 75' lang='lat' dir='ltr'><strong>cumfram</strong></span> <span class='ocrx_word' id='word_1_477' title='bbox 1588 3529 1667 3560; x_wconf 73' lang='lat' dir='ltr'><strong>toto</strong></span> <span class='ocrx_word' id='word_1_478' title='bbox 1676 3524 1772 3571; x_wconf 61' lang='lat' dir='ltr'><strong>saro</strong></span> <span class='ocrx_word' id='word_1_479' title='bbox 1788 3516 2002 3570; x_wconf 57' lang='lat' dir='ltr'><strong>manao,</strong></span> <span class='ocrx_word' id='word_1_480' title='bbox 2019 3524 2104 3560; x_wconf 73' lang='lat' dir='ltr'><strong>ota·</strong></span> 
     </span>
     <span class='ocr_line' id='line_1_80' title="bbox 1222 3576 2103 3626; baseline 0.003 -13"><span class='ocrx_word' id='word_1_481' title='bbox 1222 3577 1417 3614; x_wconf 74' lang='lat' dir='ltr'><strong>mantibus</strong></span> <span class='ocrx_word' id='word_1_482' title='bbox 1459 3577 1695 3615; x_wconf 70' lang='lat' dir='ltr'><strong>advorsariis</strong></span> <span class='ocrx_word' id='word_1_483' title='bbox 1732 3581 1770 3613; x_wconf 69' lang='lat' dir='ltr'><strong>et</strong></span> <span class='ocrx_word' id='word_1_484' title='bbox 1803 3576 1951 3626; x_wconf 62' lang='lat' dir='ltr'><strong>majore</strong></span> <span class='ocrx_word' id='word_1_485' title='bbox 1986 3581 2103 3626; x_wconf 64' lang='lat' dir='ltr'><strong>parte</strong></span> 
     </span>
    </p>
   </div>
  </div>
 </body>
</html>
