2190 3880
230 150 331 198 246
828 144 1445 197 HISTORIARUM

95 289 150 328 Α.
170 288 222 329 U.
236 279 359 336 teat,
385 271 628 326 ostentari
650 290 753 326 non
783 272 972 327 debere.
1011 273 1103 326 hoc
1138 273 1350 326 Senatus
1363 273 1569 345 judicio
1603 274 1745 330 velut
1779 271 2044 331 admoneri

116 345 210 382 823·
238 344 555 415 Principem,
587 363 710 416 quos
735 346 938 416 probet,
976 365 1099 417 quos
1132 343 1446 417 reformidet.
1482 347 1681 400 nullum
1715 351 1882 420 majus
1916 348 2039 403 boni

105 397 223 497 ἧος·
238 415 458 487 Imperii
483 417 886 483 instrumentum,
914 426 1068 488 qaam
1105 417 1260 469 bonos
1297 417 1499 470 amicos.
1574 418 1698 472 Esse
1730 421 1856 473 satis
1880 418 2038 473 Mar-

236 488 378 554 celle,
399 489 536 561 quod
558 487 809 543 Neronem
830 489 884 541 in
909 488 1120 541 exitium
1139 497 1214 540 tot
1232 487 1571 541 innocentium
1595 491 1858 560 inpulerit.
1900 491 2037 546 Fru-

235 570 404 614 eretur
437 562 659 632 praemiis
694 571 742 613 et
774 560 1095 631 inpunitate3
1149 557 1510 628 Vespasianum
1555 562 1848 616 melioribus
1881 563 2038 616 relin-

186 640 220 688 8
236 643 425 704 queret.
499 632 811 697 Marcellus,
839 650 940 683 non
976 648 1119 682 suam
1145 633 1443 683 sententiam
1469 632 1767 705 inpugnari,
1789 633 1876 686 sed
1901 633 2039 688 Con-

232 705 389 759 sulem
414 704 729 776 designatum
754 704 1018 767 censuisse,
1043 702 1279 767 dicebat,
1303 703 1571 756 secundum
1601 714 1771 757 vetera
1795 703 2037 776 exempla,

234 795 344 848 quat
369 785 552 832 sortem
576 774 917 847 legationibus
933 774 1228 844 posuissent,
1255 792 1316 826 ne
1354 775 1622 828 ambitioni
1649 785 1740 829 aut
1759 777 2042 831 inimicitiis

233 850 371 902 locus
384 849 554 918 foret.
631 846 787 900 Nihil
819 846 1051 911 evenisse,
1082 864 1172 898 cur
1207 846 1492 917 antiquitus
1526 848 1764 900 instituta
1801 848 2040 903 exolesce-

231 930 375 973 rent.-
413 928 504 972 aut
531 918 799 989 Principis
835 916 996 970 honor
1022 917 1078 970 in
1103 917 1400 1040 clichusquam
1435 919 1788 973 contumeliam
1824 930 2041 974 vertere-

231 1000 336 1045 tur.
374 991 594 1061 sufficere
621 1009 788 1044 omnes
812 989 1062 1061 obsequio,
1101 989 1122 1041 i
1181 990 1343 1060 magis
1363 990 1650 1056 vitandum,
1672 1011 1733 1045 ne
1745 992 2040 1063 pervicacia

232 1064 554 1135 quorundam
588 1063 892 1116 inritaretur
927 1062 1151 1126 animuS,
1183 1080 1312 1113 novo
1341 1062 1651 1133 Principatu
1685 1081 1962 1134 suspensus,
1989 1074 2040 1121 et

230 1135 408 1189 vultus
434 1153 630 1208 quoque
654 1153 713 1188 ac
738 1152 980 1188 sermones
1004 1133 1229 1187 omnium
1263 1132 1699 1204 circumspectans.
1773 1134 1840 1188 Se
1861 1136 2036 1190 memia

230 1207 358 1261 nisse
382 1217 678 1278 temporum,
705 1207 888 1278 quibus
913 1214 1063 1259 natus
1085 1205 1168 1270 sit,
1197 1223 1350 1276 quam
1376 1204 1603 1258 civitatis
1608 1205 1847 1279 formam
1865 1217 2053 1279 patres¹

230 1280 417 1354 avique
452 1280 796 1334 instituerint.-
833 1277 1081 1331 ulteriora
1116 1276 1319 1343 mirari,
1347 1278 1619 1347 praesentia
1667 1279 1842 1350 sequi:
1887 1279 2039 1333 bonos

233 1351 576 1424 Imperatores
601 1361 716 1404 voto
744 1359 986 1421 expetere,
1015 1348 1398 1421 qualescumque
1424 1349 1659 1403 tolerare.
1724 1349 1846 1404 Non
1869 1352 2040 1420 magis

227 1443 322 1477 sua
349 1425 579 1476 oratione
608 1422 901 1487 Thraseam,
928 1439 1083 1492 quam
1090 1420 1297 1493 judicio
1319 1419 1553 1486 Senatus,
1576 1421 1860 1488 adflictam.
1931 1423 2039 1476 Sae-

228 1496 413 1550 vitiam
458 1495 678 1548 Neronis
714 1513 812 1566 per
849 1493 1137 1565 hujusmodi
1176 1492 1426 1564 imagines
1458 1492 1700 1547 inlusisse.
1748 1513 1838 1547 nec
1873 1495 2040 1549 minus

226 1568 327 1620 sibi
365 1568 576 1621 anxiam
622 1567 773 1620 talem
810 1564 1114 1630 amicitiam,
1150 1583 1304 1635 quam
1344 1563 1461 1617 aliis
1499 1565 1724 1619 exilium.
1798 1565 2040 1638 Denique

227 1637 890 1712 constantia,fortitudine,
925 1635 1201 1690 Catonibus
1238 1645 1285 1689 et
1314 1635 1500 1690 Brutis
1535 1647 1818 1709 aequaretur
1851 1637 2038 1692 Helvi.

228 1711 379 1766 dius:
418 1730 466 1764 se
490 1730 647 1765 unum
672 1729 767 1764 esse
802 1729 862 1763 ex
897 1708 988 1763 illo
1030 1707 1240 1775 Senatu,
1266 1709 1357 1781 qui
1390 1707 1545 1762 simul
1578 1709 1826 1764 servierit.
1901 1709 2037 1765 Sua-

225 1913 313 1952 edd.
341 1913 524 1951 omnibus
555 1915 627 1951 est.
671 1913 780 1951 ERN.
837 1910 950 1948 Brot.
977 1909 1109 1959 conje-

225 1973 323 2015 ctat,
356 1969 431 2017 leg.
465 1969 626 2015 Seneca,
656 1971 704 2005 ut
736 1965 1033 2016 superadditum
1066 1965 1109 2002 in

224 2023 312 2061 cod.
340 2022 469 2061 Vatic.
491 2028 606 2063 1958.

284 2078 415 2124 Quam
431 2078 545 2116 bonos·
561 2078 718 2116 amicos.
758 2075 861 2114 Esse
874 2074 975 2112 satis
991 2073 1107 2112 Mar-

226 2131 339 2183 cello]
381 2133 492 2170 MSS.
518 2131 622 2170 Flor.
640 2130 772 2169 Guelf.
789 2129 886 2180 Agr.
902 2130 989 2167 edd.
1012 2132 1107 2166 ante

226 2185 359 2223 Rhea.
398 2188 526 2232 Quam
547 2188 661 2225 bonos
689 2187 834 2223 amicos
860 2195 952 2222 esse.
996 2184 1109 2221 Satis

225 2238 418 2278 Marcello
442 2253 560 2290 quam
584 2238 943 2290 interpunctionem
960 2237 1111 2286 recepit

225 2293 413 2343 Ryckius.
449 2297 560 2334 Eam.
611 2297 712 2333 Item
738 2294 852 2331 Brot.
872 2291 972 2331 Lall.
1004 2291 1110 2330 Con-

226 2352 291 2387 tta
314 2351 489 2388 nostram
506 2351 634 2389 Rhen.
651 2361 673 2387 e
689 2347 792 2387 Bud.
820 2347 941 2385 dedit.
986 2347 1111 2384 Rece-

225 2414 320 2454 pere
337 2404 428 2454 Bip.

279 2459 503 2498 Secundum
529 2465 656 2497 vetera
683 2454 877 2506 εει-θηρία]
936 2452 1025 2491 Hoc
1049 2452 1108 2492 vi-

226 2523 317 2551 rum
344 2513 501 2552 doctum
517 2512 820 2551 valde=anxium
847 2508 1008 2547 habuit:
1039 2507 1108 2557 qui

227 2567 401 2617 negabat
415 2569 463 2606 de
480 2579 587 2606 more
615 2580 662 2605 eo
680 2579 721 2605 se
739 2565 893 2615 legisse.
947 2564 1033 2612 Ego
1051 2564 1109 2600 ita

224 2622 388 2672 accipio.
415 2634 495 2660 non
525 2623 637 2672 quasi
668 2632 821 2670 semper
853 2617 975 2668 legati
1007 2618 1108 2655 forte

225 2677 320 2715 olim
348 2677 472 2724 missi,
491 2679 558 2715 sed
574 2688 688 2727 saepe.
715 2680 756 2713 et
777 2675 819 2711 in
838 2685 923 2711 eam
940 2684 1024 2709 rem
1041 2683 1109 2709 ex-

225 2731 358 2781 empla
384 2732 663 2781 haecseperio.
712 2730 850 2768 Cicero
876 2729 926 2765 ad
952 2725 1038 2765 Att.
1070 2731 1108 2772 1,

232 2791 295 2826 19.
338 2787 510 2825 Senatus
528 2787 707 2832 decrevit,
726 2791 771 2822 ut
789 2784 917 2834 legati
934 2794 1022 2820 cum
1038 2794 1110 2818 au-

227 2842 407 2880 ctoritate
423 2843 679 2880 mitterentur.
711 2838 835 2877 Addit
852 2841 942 2887 post
961 2847 1107 2885 pauca:

227 2895 318 2932 Hoc
337 2908 414 2933 non
440 2909 534 2947 queo
556 2895 771 2945 praeterire,
789 2905 876 2930 cum
898 2891 944 2929 de
964 2892 1109 2928 Consu·

229 2949 376 2987 laribus
391 2963 477 2993 mea
497 2952 631 3000 prima
651 2961 734 2986 sors
751 2948 906 2993 exisset,
924 2957 1006 2983 una
1022 2958 1109 2983 voce

228 3004 400 3041 Senatus
408 3005 597 3055 frequens
621 3002 864 3041 retinendum
879 3013 940 3038 me
957 3003 1001 3038 in
1019 2999 1109 3037 urbe

229 3059 390 3097 censuit.
446 3058 480 3096 E
498 3059 657 3107 quibus,
675 3056 919 3095 sortitionem
948 3054 1028 3091 iilic
1047 3054 1109 3091 fu-

229 3112 322 3159 isse,
340 3112 443 3149 clare
460 3113 581 3150 vides.
632 3113 710 3150 Dio
739 3116 805 3155 59,
837 3115 903 3148 23.
939 3107 1109 3162 ngtceuf

231 3180 274 3204 τι
291 3165 347 3204 ἔτ’
367 3166 491 3208 αὐτοῖς
508 3166 649 3208 ἄλλους
669 3164 811 3218 κλήρῳ,
823 3163 888 3202 καὶ
906 3161 966 3202 τᾶν
983 3161 1111 3201 Κλαύ-

230 3216 299 3259 διον
330 3218 483 3272 αἱρετὸν,
518 3220 713 3269 ἔπεμψαν.
772 3220 892 3256 Plura
931 3217 1111 3266 exempla

231 3274 345 3313 avide
378 3274 539 3324 quaesi-vi
551 3286 568 3309 :1
603 3273 686 3318 sed,
720 3276 766 3310 ut
798 3284 935 3310 verum
967 3273 1109 3318 fatear,

231 3329 399 3367 clamavi
432 3329 599 3377 Hylam.-
637 3327 757 3364 Lu’s.
806 3327 991 3364 ceterum
1024 3327 1110 3364 edd.

232 3395 294 3433 pr.
324 3383 510 3422 Beroaad.
537 3382 625 3420 Alc..
652 3381 803 3418 addunt
825 3380 904 3418 sed.
959 3382 1112 3421 Contra

233 3439 320 3477 MS.
347 3437 479 3476 Guelf.
507 3437 569 3475 ed.
601 3434 754 3474 Puteol.
780 3435 849 3472 sed
876 3440 1001 3471 vetera
1016 3447 1029 3469 .·
1063 3437 1110 3471 ut

232 3496 368 3532 tamen
386 3493 428 3531 in
446 3491 624 3541 margine
640 3489 727 3527 MS.
753 3488 807 3527 sit
821 3488 901 3525 alia
915 3499 1035 3525 manu
1050 3500 1110 3526 se-

233 3547 418 3589 cundum.
465 3544 544 3586 Sed
569 3544 713 3583 delevit
744 3544 959 3582 Rhenanus
997 3542 1111 3594 (duce

233 3600 371 3655 num).
425 3602 468 3643 Si
490 3601 679 3642 ceneuiese
702 3596 875 3648 abesset,
902 3596 1111 3650 probarem

1160 1909 1369 1949 lectionem
1386 1910 1471 1949 MS.
1483 1911 1616 1950 Guelf.
1658 1912 1776 1950 Nunc
1791 1911 1961 1951 alterum
1972 1911 2045 1954 ml

1162 1965 1291 2004 locum
1318 1977 1398 2004 non
1423 1965 1556 2004 habet.
1611 1968 1796 2005 Ceterum
1819 1968 1945 2006 oratio
1963 1972 2039 2015 est,

1163 2023 1212 2058 ut
1237 2019 1348 2067 alibi,
1369 2020 1526 2058 durior:
1555 2033 1642 2070 quae
1667 2021 1900 2069 molliretur,
1917 2023 1952 2060 si
1979 2033 2040 2061 es·

1161 2078 1244 2113 set:
1272 2076 1343 2114 sed
1363 2074 1472 2114 cons.
1494 2076 1771 2126 designatum:
1798 2090 1886 2115 eum
1909 2090 2041 2116 censu·

1161 2132 1235 2168 isse
1251 2133 1327 2168 etc.
1379 2130 1527 2168 Verum
1542 2142 1623 2169 non
1646 2132 1907 2178 necessarium
1923 2135 2039 2181 puto,

1161 2184 1311 2234 aliquid
1327 2186 1487 2222 mutari.
1514 2186 1623 2224 Ean.
1661 2186 1847 2235 Repetite
1864 2187 1933 2225 sed
1945 2185 2041 2225 sub·

1163 2251 1247 2278 esse
1263 2239 1349 2277 vim·
1354 2239 1560 2288 judicabat
1572 2239 1780 2279 Gruterus.

1217 2294 1272 2331 Id
1294 2295 1427 2343 magis
1453 2293 1672 2343 vitandum]
1716 2295 1933 2333 Vitandum
1959 2306 2041 2334 nou

1163 2353 1250 2384 erat
1266 2349 1309 2386 in
1323 2348 1408 2386 MS.
1427 2349 1530 2386 Bud.
1547 2349 1679 2387 Guelf.
1735 2349 1810 2387 Sed
1828 2349 1871 2387 iu
1890 2350 1963 2387 hoe
1978 2354 2040 2387 est

1160 2402 1352 2450 scriptum
1376 2403 1456 2440 alia
1480 2414 1601 2440 manu
1629 2403 1679 2440 ad
1706 2403 1940 2453 marginem.
1967 2416 2041 2441 nec

1162 2456 1202 2493 id
1218 2457 1382 2494 verbum
1398 2457 1571 2506 intelligi
1583 2458 1768 2494 omissum
1786 2461 1928 2506 potest.
1961 2459 2040 2496 Ve-

1162 2522 1251 2548 rum
1268 2511 1428 2558 excidit,
1440 2515 1488 2549 ut
1504 2512 1584 2549 alia
1597 2512 1640 2548 in
1657 2512 1718 2549 his
1731 2512 1897 2562 aliisque
1909 2513 2041 2552 Taciti

1161 2565 1274 2604 MSS.
1328 2567 1424 2604 Mox
1454 2567 1696 2616 quorundam
1733 2566 1838 2604 mor.
1881 2567 1946 2605 ed.
1978 2579 2040 2617 pr.

1160 2619 1288 2658 Rhen.
1324 2619 1362 2672 (e
1396 2619 1515 2670 Bud.)
1551 2633 1634 2670 sqq.
1687 2620 1849 2670 Reliqui
1881 2621 1968 2659 edd.
2001 2625 2044 2660 et

1162 2675 1294 2712 Guelf.
1311 2675 1554 2725 cujusquam,
1571 2675 1674 2725 quod
1691 2686 1713 2711 e
1731 2675 2042 2724 praecedentibus

1160 2731 1310 2766 temere
1331 2730 1562 2778 repeti-tum.
1615 2730 1798 2779 Denique
1812 2741 1884 2779 pro
1907 2743 1948 2769 se
1962 2743 2042 2768 me·

1162 2785 1320 2822 minisse
1345 2785 1560 2822 Rhenanus
1581 2781 1646 2836 (ex
1670 2782 1845 2836 ingenio)
1865 2784 2040 2824 malebat
2091 2794 2094 2798 ’

1162 2839 1409 2877 meminisset.
1454 2840 1565 2877 ERN.

1216 2893 1298 2930 Per
1345 2893 1568 2942 hujusmodi
1608 2893 1804 2942 imagines
1848 2890 2034 2943 euasisse]

1159 2947 1271 2985 Bene
1289 2948 1346 2984 ita
1360 2947 1468 2987 libri.
1522 2947 1611 2986 Hoc
1629 2947 1735 2984 enim
1751 2946 1847 2984 dicit
1863 2947 2008 2995 Eprius
2024 2959 2036 2984 ι

1162 3013 1242 3039 non
1260 3013 1302 3039 se
1317 3003 1441 3050 magis
1466 3005 1667 3039 auctorem
1684 3001 1943 3039 interficiendi
1958 3000 2039 3038 ela·

1161 3068 1225 3094 ros
1247 3057 1350 3094 viros
1378 3057 1527 3095 Neroni
1549 3056 1686 3102 fuisse,
1703 3066 1822 3104 quam
1849 3055 2037 3093 Senatum

1165 3111 1393 3149 universum
1412 3112 1480 3160 qui
1496 3122 1560 3148 eos
1577 3109 1832 3148 damna-verit.
1867 3108 1942 3146 Sed
1958 3109 2040 3147 Ne-

1163 3176 1298 3203 ronem
1318 3166 1498 3203 videlicet
1513 3166 1584 3203 hoc
1601 3165 1714 3214 quasi
1726 3163 1854 3202 velum
1869 3166 2040 3211 praeten-

1162 3220 1264 3258 disse
1289 3220 1513 3266 sceleribus,
1541 3223 1602 3265 ut,
1628 3229 1715 3267 quae
1744 3220 1884 3266 sponte
1906 3216 2042 3264 Jussu·

1162 3285 1230 3311 rus
1249 3278 1347 3318 erat,
1366 3285 1414 3311 ea
1437 3285 1508 3322 per
1523 3276 1767 3310 accusatores
1794 3274 1835 3308 et
1850 3271 2040 3313 Senatum

1162 3332 1374 3365 exerceret.
1394 3332 1514 3376 atque
1532 3328 1590 3364 ita
1605 3326 1774 3373 imagine
1791 3325 1958 3374 quadam
1969 3328 2039 3375 ju·

1162 3381 1279 3418 stitioe
1303 3382 1529 3419 homiuibus
1544 3392 1635 3419 vere
1661 3380 1856 3418 illuderet.
1910 3381 2041 3431 Vulgo

1163 3439 1224 3473 est
1260 3436 1451 3474 illua-thre.
1501 3437 1614 3474 Lm.
1665 3436 1818 3484 Nempe
1860 3434 1904 3473 in
1948 3436 2039 3476 edd.

1165 3488 1256 3526 inde
1271 3501 1296 3527 a
1313 3489 1464 3528 Puteal.
1514 3490 1617 3528 Nam
1636 3489 1677 3527 iu
1696 3490 1757 3528 ed.
1773 3500 1835 3538 pr.
1851 3493 1913 3528 est
1932 3490 2040 3528 eutu-

1163 3545 1273 3639 sEisse,
1302 3548 1351 3584 ut
1380 3545 1425 3585 in
1456 3543 1571 3586 MSS.
1601 3543 1707 3586 Flor.
1740 3542 1877 3598 (Bud.)
1908 3544 2042 3585 Guelf-

1204 3607 1275 3638 RN.
