2190 3880
243 444 249 461 .
390 383 485 471 C.
546 383 1142 473 CORNELII
1201 384 1606 472 TACITI

282 521 1724 678 HISTORIARUM

523 764 838 848 LIBER
896 763 1473 827 SECUNDUS.

822 924 1174 959 4---·----ει“ιιι------
1339 961 1370 1001 ᾫ

651 1059 1090 1110 BREV1AR1UM
1122 1046 1329 1107 unm.

85 1145 201 1209 Cap.
227 1152 269 1196 1.
316 1150 446 1199 Titus
475 1154 537 1200 ad
566 1154 764 1202 Galbam
797 1157 974 1208 missus,
1011 1155 1172 1200 nuntio
1206 1154 1366 1213 mortis
1401 1149 1493 1210 ejus
1523 1160 1724 1215 accepto,
1759 1160 1898 1204 vertit

95 1240 98 1243 ·
150 1216 255 1262 iter.
308 1223 358 1265 2.
398 1219 593 1280 Paphiae
633 1219 815 1266 Veneris
849 1220 1066 1281 templum
1106 1220 1221 1266 adit.
1285 1221 1332 1265 3.
1355 1217 1507 1277 HuJ'us
1541 1221 1671 1281 origo
1700 1226 1752 1267 'et
1780 1222 1899 1270 Dece

151 1282 318 1330 cultus.
382 1289 431 1332 4.
457 1285 529 1331 Ibi
547 1283 726 1348 futura
757 1287 957 1339 edoctus,
997 1291 1133 1331 acuto
1165 1285 1334 1345 anima,
1369 1285 1432 1330 ad
1464 1291 1659 1346 patrem,
1684 1291 1764 1347 qui
1804 1288 1896 1334 bel·

148 1348 246 1396 lum
276 1347 532 1399 Judaicum
557 1352 905 1414 prcfiigaverat,
928 1353 1064 1398 redit.
1115 1355 1159 1397 5.
1196 1349 1460 1411 Vespasiani
1494 1348 1791 1414 Mucianique
1823 1355 1896 1399 in-

141 1414 333 1474 genium
352 1431 408 1462 ac
427 1431 573 1464 mores
591 1420 771 1466 diversi.
821 1418 892 1465 Hi
914 1418 1088 1471 Duces,
1106 1417 1272 1478 positis
1290 1417 1424 1470 odiis,
1443 1421 1493 1462 in
1515 1418 1714 1463 medium
1735 1435 1894 1465 consu.-

146 1481 266 1527 lunt.
307 1480 423 1528 Inde
461 1487 505 1530 6.
529 1487 576 1536 7.
614 1485 761 1530 civilis
784 1483 889 1530 belli
922 1485 1111 1536 occasio,
1132 1482 1528 1529 intumescentibus
1556 1484 1755 1530 Orientis
1781 1486 1894 1546 legi-

146 1546 321 1595 onibus.
382 1555 426 1596 8.
450 1553 497 1597 9.
564 1549 688 1596 Falsi
710 1551 909 1596 Neronis
932 1549 1196 1602 ludibrium,
1221 1550 1277 1594 ab
1298 1549 1555 1609 Asprenate
1577 1553 1893 1611 compressum.

149 1620 225 1663 10.
250 1613 308 1662 In
321 1613 429 1661 urbe
443 1629 603 1674 parvae
624 1631 694 1662 res
717 1616 893 1677 magnis
915 1616 1109 1662 motibus
1132 1620 1260 1661 actae.
1309 1614 1461 1662 Vibius
1482 1614 1671 1676 Crispus
1687 1618 1893 1667 Annium

143 1682 382 1734 Faustum,
406 1681 657 1728 delatorem
665 1680 845 1746 fratris
864 1684 952 1736 sui,
971 1681 1213 1742 pervertit.

213 1751 290 1795 ll.
313 1746 448 1792 Laeta
472 1747 642 1794 Othoni
656 1749 892 1809 principia
913 1747 1033 1795 belli.
1071 1751 1155 1809 12.
1179 1746 1319 1793 Miles
1340 1744 1434 1806 ejus
1456 1749 1505 1793 in
1526 1747 1721 1808 Alpinos
1742 1750 1889 1806 saevit,

149 1818 224 1862 13.
247 1814 297 1860 in
318 1811 507 1861 Albium
529 1813 846 1860 Intermelium
867 1816 963 1860 iras
984 1814 1140 1873 vertit.
1187 1813 1442 1874 Egregium
1462 1812 1681 1860 materna:
1696 1814 1891 1874 pietatis

145 1879 417 1939 exemplum..
474 1883 548 1928 14.
574 1880 774 1926 Inminet
804 1882 1055 1941 provinciae
1089 1879 1376 1930 Narbonensi
1416 1878 1678 1925 Othoniana
1717 1879 1889 1929 classis.

151 1945 389 1993 Vitelliani
410 1946 526 1998 caesi,
596 1949 670 1993 15.
692 1961 774 1993 nec
799 1947 1070 1993 Othonianis
1091 1948 1330 1992 incruenta
1355 1946 1566 1991 victoria.
1630 1947 1706 1991 16.
1731 1945 1883 1993 Paca-

135 2014 265 2058 rium
299 2010 674 2066 Procuratorem,
686 2011 856 2071 juvare
891 2013 1127 2059 Vitellium
1153 2013 1395 2058 Corsorum
1422 2010 1594 2056 viribus
1620 2017 1887 2071 parantem,

140 2078 345 2124 insulani
372 2083 550 2125 necant.
618 2082 692 2131 17.
722 2078 1073 2124 Vitellianorum
1095 2093 1166 2124 res
1185 2079 1389 2124 secundae
1410 2078 1460 2123 in
1487 2076 1645 2125 ltalia.
1706 2080 1781 2126 18.
1809 2080 1888 2126 19.

141 2143 379 2205 Spurinna
414 2143 704 2200 Placentiam
741 2145 892 2190 munit
925 2150 1086 2191 contra
1114 2144 1398 2192 Vitelliano-3.
1462 2146 1543 2190 20.
1568 2145 1668 2188 eam
1705 2140 1888 2190 Caecina

141 2211 252 2256 dum
291 2214 544 2270 oppugnat,
608 2213 687 2257 21.
721 2210 1113 2272 amphitheatrum
1161 2206 1266 2256 urbi
1293 2209 1575 2270 *proximum
1617 2207 1886 2271 conflagrat.

140 2279 221 2324 22.
252 2275 494 2322 Obsidione
523 2275 693 2329 soluta,
721 2275 986 2322 Cremonam
1012 2278 1190 2323 Caecina
1220 2279 1360 2338 petit,
1391 2274 1468 2325 ubi
1527 2277 1607 2322 23.
1633 2273 1886 2322 Othoniani

133 2356 352 2403 prospere
366 2347 594 2402 pugnant.
667 2341 952 2389 Vincentium
972 2344 1176 2404 inpetum
1196 2342 1456 2404 reprimunt
1478 2338 1662 2395 Duces,
1678 2341 1782 2387 inde
1805 2357 1884 2391 su„-

138 2410 283 2469 specti
299 2408 432 2469 fiunt
457 2409 568 2455 suis.
627 2412 708 2456 24.
735 2407 921 2456 Coecince
957 2410 1149 2456 insidias
1183 2411 1230 2456 in
1274 2410 1423 2470 ipsum
1458 2408 1601 2454 vertit
1638 2406 1884 2454 Suetonius

139 2474 404 2527 Paullinus,
425 2471 552 2533 cujus
602 2477 682 2522 25
709 2478 999 2523 cunctatione
1026 2476 1264 2523 Vitelliani
1278 2474 1534 2521 servantur.
1587 2476 1668 2522 26
1704 2473 1882 2521 Utrim-

136 2555 223 2601 que
245 2541 590 2586 tumultuantur
611 2541 793 2588 milites.

202 2609 282 2658 27.
324 2605 522 2652 Valens
508 2622 554 2653 zn
581 2606 772 2653 Italiam
794 2609 946 2669 copias
969 2609 1111 2655 ducit.
1165 2612 1245 2654 28
1269 2593 1350 2656 29.
1380 2607 1547 2653 Gravis
1567 2605 1616 2650 in
1637 2601 1732 2661 ejus
1752 2603 1880 2649 exer-

137 2671 236 2716 citu
268 2676 374 2717 orta
397 2671 683 2718 Batavorum
712 2674 878 2720 sed-itio
899 2674 1102 2734 Alpheni
1131 2674 1243 2719 Vari
1264 2673 1451 2718 consilio
1472 2671 1734 2730 composita.
1795 2673 1879 2717 30.

137 2735 325 2783 Junctis
356 2738 512 2789 armis,
548 2739 837 2785 aemulatione
866 2754 1124 2800 suppressa,
1152 2732 1330 2783 Caecina
1359 2753 1415 2783 ac
1451 2736 1614 2782 Valens
1641 2735 1878 2788 Vitellium

120 2801 310 2868 fovent,
335 2802 505 2848 Othoni
528 2804 700 2862 probra
722 2803 960 2862 objectant.
1027 2805 1202 2851 Eorum
1223 2807 1303 2851 31.
1330 2803 1607 2863 Othonisque
1627 2806 1674 2847 et
1700 2800 1878 2847 Vitellii

135 2870 433 2930 comparatio.
499 2868 616 2914 Otho
639 2871 869 2918 consultat
890 2870 945 2915 de
966 2871 1146 2915 ratione
1173 2869 1293 2915 belli.
1351 2874 1433 2916 3.
1388 2875 1414 2903 0
1457 2867 1703 2914 Suetonius
1727 2866 1876 2912 Paul-

133 2933 255 2980 linus
275 2949 451 2980 moram
471 2935 647 2982 suadet.
711 2940 791 2984 33.
822 2937 998 2985 Titiani
1002 2934 1182 2997 fratris
1204 2940 1250 2981 et
1273 2934 1466 2981 Proculi
1488 2933 1678 2980 consilia
1693 2941 1877 2994 proeva-

135 2999 243 3047 lent.
314 3001 433 3045 Otho
467 3015 568 3047 cum
603 3001 762 3047 valida
795 3017 934 3048 manu
959 3002 1216 3047 Brixellum
1241 3002 1458 3049 concedit.
1521 3004 1603 3047 34.
1636 2998 1875 3045 Vitelliani

135 3067 382 3125 transitum
407 3067 530 3112 Padi
550 3066 772 3112 simulant
786 3089 805 3125 ς
853 3071 934 3114 35.
955 3072 1034 3114 36.
1058 3083 1189 3128 quem
1205 3066 1494 3128 prohibentes
1518 3064 1767 3111 Othoniani
1790 3080 1876 3110 cae-

75 3167 78 3170 ,
132 3118 322 3178 duntur.
342 3135 422 3185 37.
453 3132 604 3178 Vanus
632 3148 805 3188 rumor,
824 3148 996 3194 pavore
1019 3133 1124 3182 belli
1139 3132 1399 3194 fastidiove
1425 3133 1666 3191 utriusque
1688 3130 1874 3176 Princi-

126 3198 219 3257 pis,
238 3199 368 3258 pacis
390 3199 578 3244 consilia
613 3199 731 3245 inter
759 3201 981 3247 exercitus
999 3198 1153 3261 fuisse
1185 3201 1383 3260 agitata.
1446 3197 1526 3244 38.
1550 3197 1784 3244 Excursus
1817 3196 1874 3241 de

124 3263 358 3323 prioribus
393 3264 449 3311 P.
488 3263 546 3319 R.
580 3265 786 3311 ciuilibus
820 3264 960 3312 bellis,
1022 3269 1100 3313 39.
1120 3270 1200 3313 40.
1239 3266 1450 3313 Titianus
1479 3268 1526 3308 et
1549 3263 1777 3316 Proculus
1808 3261 1872 3307 ad

131 3334 350 3389 quartum
384 3345 415 3375 a
451 3329 675 3375 Bedriaco
708 3337 862 3376 castra
884 3332 1078 3391 inperite
1105 3336 1386 3392 promovent.
1453 3328 1665 3376 Ducibus
1704 3328 1869 3379 dubiis,
1952 3333 1955 3351 '

131 3408 228 3445 rem
266 3396 314 3440 in
342 3395 582 3441 discrimen
613 3396 739 3442 mitti
764 3397 881 3443 Otho
900 3395 1046 3455 jubet.
1113 3403 1242 3443 41-
1244 3402 1323 3444 13.
1351 3396 1667 3447 Bedriacensis
1694 3406 1870 3453 pugna.

131 3463 212 3503 44.
241 3460 600 3511 Othonianorum
609 3460 737 3522 fuga
758 3467 803 3507 et
833 3464 1050 3514 adversus
1070 3463 1228 3508 Duces
1257 3477 1360 3507 suos
1381 3463 1469 3507 ira.
1539 3465 1619 3507 45.
1647 3458 1865 3503 Induciae·

141 3522 263 3573 Victi
292 3540 396 3573 cum
436 3527 698 3586 victoribus,
737 3528 785 3573 in
818 3528 1034 3580 lacrimas
1055 3529 1203 3590 effusi,
1226 3527 1382 3581 civilia
1414 3526 1531 3576 bella
1565 3525 1866 3578 detestantur.

926 3610 961 3644 G
980 3603 1011 3646 3
