2190 3880
709 139 876 203 ΜΒ.
908 139 994 187 ιν.
1045 136 1210 188 cAP.
1244 146 1325 190 35.
1830 149 1927 197 269

110 270 300 324 disset.
371 263 583 321 Vocula
624 285 725 320 nec
766 267 1058 320 adventum
1099 266 1341 319 hostium
1381 270 1706 340 exploravit,
1746 291 1922 344 eoque
1953 285 2003 324 A.
2021 258 2099 326 U(

114 343 275 396 simul
313 358 560 412 egressus
603 340 904 409 victusque.
980 340 1105 391 dein
1150 339 1392 391 victoriae
1435 359 1623 410 parum
1666 346 1922 410 confisuS,
1965 342 2057 378 323·

113 414 254 468 tritis
278 413 477 465 frustra
502 412 713 476 diebus,
739 425 915 465 castra
936 412 990 463 in
1018 411 1228 463 hostem
1261 411 1458 464 movit:
1487 432 1648 481 quem
1674 416 1715 467 si
1738 419 1920 470 statim
1955 394 2074 488 Aff'oc'

110 485 385 557 inpellere,
410 502 735 555 cursumque
763 502 936 536 rerum
967 485 1117 553 sequi
1161 493 1500 548 maturasset,
1528 485 1732 539 solvere
1777 490 1924 540 obsi-
1985 469 1996 493 Δ
2034 476 2045 488 ’

113 558 264 610 dium
293 557 569 629 legionum
597 557 788 609 eodem
829 556 1018 627 inpetu
1058 555 1256 627 potuit.
1330 554 1656 608 Tentaverat
1706 558 1925 613 interim

114 628 307 682 Civilis
334 631 678 682 obsessorum
706 628 935 693 animos,
965 640 1239 697 tamquam
1269 628 1495 697 perditae
1533 628 1676 699 apud
1722 629 1924 683 Roma-

53 754 55 758 ⁴
111 719 213 753 nos
261 719 363 766 ree,
409 715 466 753 et
514 700 625 752 suis
673 700 900 751 victoria
951 701 1306 770 provenisset.
1385 698 1926 755 Circumferebantur

113 774 271 845 signa
296 773 632 842 vexillaque:
668 770 926 824 ostentati
956 770 1119 823 etiam
1151 771 1374 843 captivi.
1423 790 1491 823 ex
1531 773 1727 842 quibus
1769 793 1923 839 unuS,

113 845 396 916 egregium
424 843 635 896 facinus
667 862 846 907 ausuS,
882 842 1026 895 clara
1054 861 1187 895 voce
1220 856 1374 914 gesta
1403 845 1680 913 patefecit,
1707 846 1926 898 confos-

115 935 203 970 sus
254 916 399 969 illico
450 933 484 967 a
531 914 839 967 Germanis.
887 915 1031 966 unde
1083 915 1258 984 major
1303 915 1470 967 indici
1524 917 1674 968 fides.
1751 919 1927 971 Simul

114 989 418 1041 vastatione
445 987 817 1057 incendiisque
840 987 1191 1057 flagrantium
1235 986 1498 1050 villarum,
1527 990 1708 1041 venire
1753 992 1925 1044 victo-

114 1078 226 1113 rem
250 1060 572 1124 exercitum,
601 1059 1021 1131 intelligebatur.
1065 1057 1134 1110 In
1159 1067 1419 1128 conspectu
1443 1069 1719 1112 castrorum
1743 1063 1928 1116 consti-

114 1131 194 1186 tui
217 1132 383 1203 signa,
392 1129 692 1203 fossamque
715 1140 763 1184 et
787 1130 979 1184 vallum
1018 1129 1344 1194 circumdari,
1370 1131 1580 1183 Vocula
1608 1133 1802 1203 jubet:
1840 1134 1926 1187 (Ie-

102 1203 285 1275 positis
323 1202 675 1274 inpedimentis
709 1202 1035 1273 sarcinisque,
1068 1201 1287 1272 expediti
1336 1211 1604 1256 certarent.
1681 1205 1833 1260 Hinc
1868 1209 1925 1259 in

116 1276 334 1329 Ducem·
357 1276 560 1328 clamor
588 1293 825 1346 pugnam
855 1274 1216 1345 poscentium.
1257 1283 1312 1325 et
1335 1274 1525 1335 minari
1551 1275 1923 1331 adsueverant.

114 1347 202 1401 Ne
229 1360 474 1419 tempore
498 1348 715 1418 quidem
745 1347 813 1399 ad
839 1346 1191 1399 ordinandam
1221 1346 1392 1399 aciem
1431 1359 1614 1419 capt0,
1643 1349 1924 1422 incompo-

111 1421 201 1473 siti
243 1419 476 1490 fessique
522 1419 775 1490 proelium
818 1437 1110 1488 sumpsere.
1163 1437 1287 1490 narn
1338 1418 1530 1471 Civilis
1571 1420 1774 1487 aderat,
1817 1442 1925 1476 non

109 1493 291 1545 minus
324 1492 469 1545 vitiis
506 1492 766 1555 hostium,
792 1509 955 1560 quam
997 1490 1196 1542 virtute
1234 1509 1472 1554 suorum,
1501 1491 1686 1546 fretus.
1762 1495 1927 1548 Varia
1955 1530 1958 1535 -

113 1564 260 1635 apud
289 1563 570 1617 Romanos
594 1563 831 1627 fortuna,
859 1574 914 1614 et
941 1562 1378 1615 seditiosissimus
1410 1563 1638 1634 quisque
1676 1567 1924 1636 ignavus».

114 1636 355 1706 quidam,
393 1637 626 1689 recentis
660 1636 904 1688 victoriae
943 1653 1228 1699 memoreS‚
1257 1636 1485 1687 retinere
1525 1636 1723 1701 locum,
1765 1638 1925 1692 ferire

116 1707 351 1773 hostem,
389 1725 552 1778 seque
590 1719 647 1761 et
689 1709 967 1779 proximos
1011 1708 1245 1760 hortari:
1285 1720 1358 1772 et,
1387 1707 1752 1779 redintegrata
1788 1712 1923 1777 acie,

111 1780 399 1834 manusvd
428 1782 676 1833 obsessos
705 1780 940 1843 tendere,
972 1798 1032 1831 ne
1059 1779 1274 1849 tempori
1299 1779 1527 1832 deessent.
1593 1780 1697 1846 Illi,
1726 1797 1924 1836 cuncta

115 1870 146 1904 e
179 1853 343 1905 muris
376 1864 674 1918 cernenteS,
708 1853 961 1904 omnibus
999 1851 1170 1922 portis
1212 1864 1591 1923 prorumpunt.
1665 1854 1750 1906 Ac
1785 1853 1924 1908 forte.

117 1924 309 1977 Civilis
338 1924 490 1995 lapsu
525 1921 649 1995 equi
681 1935 998 1995 prostratuS,
1028 1923 1233 1975 credita
1268 1941 1361 1994 per
1390 1939 1679 1995 utrumque
1716 1930 1925 1981 exerci-

116 2006 234 2050 tum
262 1996 424 2061 fama,
450 1996 771 2049 vulneratum
795 2005 887 2048 aut
912 1992 1251 2067 inteoefectum,
1280 1996 1497 2047 inmane
1522 2010 1786 2067 quantum
1814 2001 1923 2053 suis

113 2069 348 2140 pavoriS,
377 2081 433 2120 et
458 2067 707 2142 hostibus
731 2068 1042 2131 alacritatiS‚
1071 2067 1285 2119 indidit.
1328 2067 1434 2120 Sed
1465 2069 1688 2135 Vocula,
1709 2071 1922 2125 omissis
1953 2073 2021 2126 35

117 2140 449 2212 fugientium
502 2141 688 2211 tergiS,
736 2140 933 2192 vallum
988 2152 1267 2208 turresque
1317 2151 1615 2194 castrorum
1667 2145 1922 2214 augebat,

117 2225 394 2283 tamquam
437 2230 615 2264 rursus
645 2212 915 2264 obsidium
950 2212 1262 2264 inmineret:
1304 2223 1571 2283 conrupta
1605 2213 1804 2267 totiens
1845 2218 1925 2269 vi-

116 2284 307 2349 ctoria,
342 2302 448 2336 non
483 2283 617 2336 falso
651 2295 932 2354 suspectus
970 2282 1166 2335 bellum
1203 2282 1377 2335 malle.
1455 2283 1607 2336 Nihil
1644 2305 1799 2356 aeque
1827 2307 1924 2341 ex-

116 2356 317 2413 ercitus
360 2367 589 2422 nostrOS,
613 2374 775 2426 quam
820 2368 1031 2427 egestas
1069 2355 1369 2426 copiarum,
1398 2354 1685 2428 fatigabat.
1761 2358 1923 2432 Inpe-

116 2429 359 2481 dimenta
399 2428 676 2500 legionum
718 2445 839 2482 cum
878 2426 1061 2479 inbelli
1105 2427 1262 2478 turba
1304 2427 1606 2481 Novesium
1645 2433 1824 2496 missa,
1865 2446 1925 2485 ut

114 2500 259 2566 inde,
289 2501 524 2553 terrestri
550 2500 761 2565 itinere,
787 2499 1120 2552 frumentum
1144 2497 1503 2554 adveherent:
1544 2520 1668 2553 nam
1699 2503 1922 2556 flumine

115 2666 220 2706 Flnr.
239 2664 335 2714 Agr.
357 2665 418 2702 ed.
433 2677 495 2715 pr.
518 2666 673 2716 potuit.-
704 2663 822 2712 idque
851 2663 1000 2712 recepit

1053 2663 1244 2700 omittunt
1272 2661 1386 2701 MSS.
1415 2663 1521 2702 Flor.
1547 2664 1651 2702 Bud.
1677 2666 1776 2714 Agr.
1797 2668 1856 2705 ed.
1875 2680 1937 2717 pr.

114 2722 300 2772 Ryckius.
335 2722 413 2759 Pro
429 2721 557 2758 eodem
575 2721 703 2757 Rhen.
727 2719 764 2769 (e
781 2717 899 2769 Bud.)
919 2718 1000 2755 edi-

1053 2717 1189 2766 itaque
1205 2729 1294 2755 cum
1310 2718 1396 2755 Jac.
1427 2720 1626 2756 Gronovio
1655 2719 1794 2759 delevi.
1824 2724 1940 2761 Com-

117 2778 177 2815 dit
196 2787 261 2822 eo,
271 2775 375 2824 quod
395 2774 519 2812 secuti
541 2777 642 2811 sunt-
655 2773 790 2820 ceteri,
808 2783 933 2821 usque
951 2772 1000 2808 ad

117 2833 226 2880 Lips.
270 2831 378 2868 ERN.
417 2829 521 2866 Bud.
559 2829 1002 2877 circuiri—nequivisset

116 2886 388 2924 -eaecidiseet.
443 2884 548 2921 Dein
570 2895 645 2920 vox
662 2884 794 2932 potuit
806 2881 866 2918 vel
890 2888 1003 2931 potu-

117 2943 208 2980 isset
236 2940 345 2977 deest
371 2939 413 2975 in
440 2938 543 2975 Bud.
578 2938 677 2975 illud
702 2936 822 2974 habet
850 2940 891 2973 et
917 2933 1001 2972 codss

115 2997 215 3045 Reg.
242 2995 341 3032 Lau.
370 2989 506 3041 recepi
528 3003 618 3030 cum
643 2992 734 3041 Bip.
762 2992 874 3029 Brot.
902 2991 1000 3028 Lall.

117 3051 213 3088 Mox
226 3049 329 3086 Bud.
340 3048 605 3098 promovisset.

172 3104 380 3154 Confossus
417 3099 519 3151 illic]
559 3100 738 3139 Freinsh.
779 3098 1001 3148 corrigebat

117 3159 247 3199 illico.-
276 3169 356 3195 non
373 3158 498 3193 male:
530 3156 595 3193 sed
613 3160 747 3193 tamen
765 3155 849 3191 sine
869 3165 1001 3191 neces-

117 3215 249 3252 sitate.
307 3213 402 3250 Illic
428 3215 489 3249 est
514 3209 641 3255 αὑτοῦ,
664 3211 733 3256 ibi,
751 3210 793 3247 in
821 3209 889 3246 illo
917 3209 1002 3257 ipso

118 3269 222 3306 loco:
251 3267 348 3304 adeo
362 3267 422 3303 ira
437 3266 586 3303 incensi
600 3271 714 3303 erant
732 3265 877 3310 hostes,
891 3268 938 3300 ut
952 3275 1001 3299 ne

119 3321 273 3359 differre
299 3321 455 3370 quidem
483 3319 626 3357 caedem
656 3323 832 3369 possent,
858 3323 899 3355 et
927 3319 1000 3355 hoc

119 3377 205 3426 ipso
235 3386 317 3412 rem
343 3376 623 3424 suspectiorem
651 3376 839 3411 facerent.
891 3374 1000 3410 ERN.
1053 3369 1060 3378 “

121 3430 240 3468 Illic-0
255 3431 413 3467 omnino
431 3431 591 3467 rectius.
622 3429 684 3467 Sic
702 3433 742 3466 et
757 3429 849 3476 Bip.
879 3426 1004 3465 voca-

119 3483 197 3521 lem
214 3482 372 3520 finalem
386 3495 551 3532 sequens
571 3496 595 3520 a
614 3483 822 3531 absorpsit.

174 3537 374 3586 Depositis
386 3537 683 3587 impedimentis]
720 3537 771 3573 Ut
782 3537 907 3585 depos.
933 3535 1004 3572 ha·

119 3590 218 3629 berit
246 3590 330 3628 edd.
351 3591 439 3629 inde
458 3591 651 3630 a-Puteol.
680 3597 828 3628 omnes.
884 3591 941 3628 At
958 3594 1003 3626 ut

1054 2774 1167 2810 mode
1186 2773 1289 2809 enim
1307 2772 1442 2809 abesse
1455 2776 1597 2820 potest.
1628 2775 1722 2811 Mox
1735 2777 1831 2813 vitio
1847 2788 1939 2825 ope·

1056 2837 1190 2864 rarum
1203 2827 1245 2863 in
1259 2827 1319 2863 ed.
1334 2827 1485 2864 Puteol.
1504 2835 1736 2874 asseverant,
1756 2832 1859 2878 quod
1878 2833 1937 2869 in·-

1055 2882 1103 2918 de
1133 2881 1174 2917 in
1203 2881 1288 2918 edd.
1314 2881 1493 2919 Beroald.
1521 2887 1562 2919 et
1577 2883 1662 2920 Alc.
1684 2884 1810 2923 fluxit.
1831 2887 1937 2924 Eax.

1057 2937 1238 2974 Correxit
1255 2935 1382 2973 Rhen.
1401 2949 1422 2971 e
1440 2936 1542 2973 Bud.

1114 2992 1261 3028 Cuncta
1289 3003 1309 3027 e
1338 2992 1462 3027 muris
1491 2989 1697 3041 cernentes]
1742 2990 1839 3030 Haec
1872 2993 1939 3030 de-

1057 3050 1151 3081 sunt
1169 3046 1207 3081 in
1225 3045 1328 3082 Bud.

1110 3099 1283 3149 Credita]
1316 3098 1532 3136 Rhenanus
1549 3097 1613 3150 (ex
1626 3099 1801 3151 ingenio)
1821 3103 1939 3139 edila.

1054 3165 1126 3202 ego
1138 3153 1282 3198 dedita,
1297 3153 1360 3190 vel
1373 3153 1513 3191 didita.
1536 3154 1648 3191 Llrs.
1673 3157 1828 3194 Credita
1844 3168 1939 3203 quo-

1055 3219 1130 3257 que
1145 3207 1244 3244 bene.
1262 3208 1397 3252 habet,
1413 3219 1483 3244 nec
1497 3211 1634 3245 contra
1647 3209 1765 3246 libros
1782 3216 1938 3246 mutan-

1055 3263 1162 3299 dum.
1217 3262 1303 3301 vid.
1334 3264 1455 3301 Gron.
1486 3263 1580 3300 obs.
1605 3269 1646 3310 3,
1680 3269 1740 3302 10.
1770 3276 1810 3312 p.
1842 3269 1935 3302 520.

1053 3318 1162 3355 ERN.

1114 3371 1167 3408 Ut
1186 3369 1274 3408 inde
1290 3370 1477 3420 terrestri]
1500 3372 1700 3408 Praecessit
1711 3371 1758 3407 de
1777 3372 1938 3420 impedi-

1054 3427 1195 3463 mentis
1210 3427 1408 3474 legionum
1427 3431 1463 3462 et
1481 3426 1627 3462 imbelli
1644 3426 1756 3462 turba
1770 3439 1782 3463 :
1811 3436 1862 3461 an
1879 3425 1939 3463 illi

1057 3482 1181 3529 igitur
1193 3480 1391 3516 frumenta
1408 3478 1660 3522 adveherent,
1675 3479 1776 3514 inter
1790 3479 1937 3517 medios

1058 3535 1114 3572 ita
1148 3533 1304 3571 hostes?
1347 3533 1570 3569 ridiculum.
1600 3528 1708 3580 ‘puto
1742 3531 1936 3572 defectum

1055 3589 1229 3637 aliquem
1262 3599 1360 3633 esse,
1393 3592 1434 3624 et
1467 3587 1698 3624 asteriscum
1733 3591 1824 3625 ante
1857 3586 1937 3628 haec
