2190 3880
267 155 361 198 166
887 150 1483 201 HISTORIARUM

134 270 249 331 Asty,
266 282 378 339 aut,
409 271 614 343 majore
639 273 951 328 ex1diverso
978 277 1242 340 mercede,
1261 276 1354 345 jus
1391 277 1581 347 fasque
1605 290 1886 333 exuerent.
1938 279 2085 334 Tra-2

143 350 238 415 2233
265 344 471 396 huntur
497 345 551 396 in
581 355 758 415 partes
785 346 917 398 Sido
939 357 1102 415 atque
1130 347 1379 409 ItalicuS,
1397 347 1577 418 Reges
1605 350 1926 416 Suevorum,
1949 352 2083 421 quis¹

134 401 252 496 ‘'³7'0f²·
271 428 436 485 vetus
463 416 785 485 obsequium
821 434 952 486 erga
979 417 1259 469 Romanos
1279 438 1298 482 ς
1331 429 1389 468 et
1424 435 1557 487 gens
1596 419 1720 472 fidei
1759 423 2068 474 commissae

267 486 579 557 patientior.
620 486 798 557 posita
833 488 890 538 in
934 486 1073 540 latus
1101 487 1323 549 auxilia,
1350 487 1548 540 infesta
1589 489 2068 554 Raetia‚>oui.2·P01-

263 558 373 609 tius
396 557 734 628 Septiminus
763 556 1092 609 Procurator
1107 568 1249 622 erat,
1274 558 1605 627 incorruptae
1632 577 1764 630 erga
1787 561 2070 614 Vitellium

263 628 411 688 fidei.
488 628 667 699 Igitur
694 626 954 678 Sextilius
979 626 1154 691 Felix,
1179 645 1315 679 cum.
1332 628 1418 680 ala
1442 629 1681 681 Auriana
1704 642 1760 682 et
1787 630 2082 685 vnn-co...

261 698 512 751 hortibus
552 717 614 749 ac
665 697 994 749 Noricorum
1025 697 1338 766 juventute,
1377 699 1443 750 ad
1483 702 1856 770 occupandam
1884 703 2070 773 sipam

264 770 396 821 AEni
433 768 692 829 fluminiS,
721 767 869 835 quod
898 766 1128 820 Rhaetos
1163 768 1507 838 Noricosque
1545 771 2085 837 interfluit,-missus..

261 858 384 904 nee,
410 840 494 891 his
523 852 618 897 aut
642 838 742 890 illis
770 837 1025 908 proelium
1049 840 1405 905 tentantibUS,
1430 840 1650 893 fortuna
1678 844 1910 913 partium
1939 845 2070 899 alibi

216 912 251 963 6
267 920 553 963 transacta.
592 907 858 972 Antoni0,
878 908 1187 969 vexillarios
1209 928 1241 962 e
1258 911 1576 964 cohortibus
1598 923 1655 965 et
1678 928 1886 983 partem
1915 915 2069 984 equi-

264 994 378 1033 tum
405 981 472 1032 ad
502 980 861 1032 invadendam
891 978 1108 1032 Italiam
1135 981 1388 1051 rapienti,
1408 1000 1591 1034 comes
1619 983 1724 1036 fuit
1750 984 1942 1037 Arrius
1962 986 2072 1039 Va,
2128 1023 2131 1040 ,

260 1070 372 1120 rus,
401 1063 648 1118 strenuus
678 1050 854 1113 bello:
894 1069 1058 1127 quam
1086 1051 1316 1124 gloriam
1339 1064 1399 1106 et
1427 1053 1560 1106 Dux
1593 1053 1836 1109 Corbulo
1861 1067 1918 1109 et
1945 1075 2072 1129 pro·-

258 1197 360 1244 perii
381 1198 498 1234 Rom.
515 1195 739 1233 calamitate
762 1196 930 1246 posteris
952 1194 1141 1244 tempori-

257 1249 332 1287 bus
368 1253 439 1287 aut
474 1261 556 1286 non
588 1250 803 1295 intellecta,
837 1253 908 1286 aut
947 1249 1140 1299 neglecta.

257 1303 447 1351 Sequitur
476 1303 570 1348 alia,
606 1305 655 1340 ad
690 1314 868 1341 caussam
910 1306 1141 1351 praesentem

255 1358 413 1405 proprie
431 1358 650 1405 pertinens:
681 1369 745 1403 ne,
760 1357 908 1405 majore
924 1370 973 1393 ea·
993 1358 1144 1394 diversa

255 1412 437 1457 mercede,
447 1410 672 1460 jussusque
689 1417 885 1448 exuerent.
912 1410 952 1447 h.
965 1421 1000 1446 e.
1029 1409 1060 1446 si
1082 1410 1143 1446 vel

255 1465 425 1500 maxime
449 1464 548 1500 utile
571 1464 695 1500 videri
724 1464 863 1512 possit,
882 1463 1081 1501 Sarmatas
1099 1463 1141 1500 in

256 1521 391 1565 partes
409 1518 554 1562 vocari,
570 1521 707 1555 tamen
725 1529 811 1557 eam
837 1528 921 1554 rem
947 1516 1140 1565 periculo-

256 1582 339 1607 sam
370 1582 468 1608 esse.
525 1572 629 1608 Nam
653 1572 883 1616 verendum,
901 1582 951 1607 ne
981 1571 1141 1609 barbari

255 1625 482 1671 desererent
499 1637 556 1671 se,
574 1625 650 1661 fide
674 1625 814 1670 fracta,
837 1625 869 1661 si
887 1635 912 1660 a
928 1624 1140 1673 contraria,

254 1679 283 1722 i.
304 1690 338 1715 e.
374 1679 588 1716 vitelliana
603 1682 729 1726 parte,
746 1678 871 1725 major
885 1678 1035 1726 praemii
1053 1690 1141 1726 spes

254 1734 542 1778 ostenderetur.
597 1732 727 1774 Solere
749 1733 856 1769 enim
874 1731 1061 1768 barbaros
1076 1743 1142 1768 ve-

253 1786 386 1835 nalem
413 1788 529 1823 fidem
556 1786 716 1830 habere,
735 1790 781 1823 ut
808 1786 1052 1834 experientia
1074 1797 1143 1833 po-

254 1841 352 1878 steri
367 1845 446 1878 tem
450 1840 556 1890 poris
572 1841 718 1877 docuit.
743 1840 845 1884 Aut,
857 1840 960 1888 quod
974 1840 1144 1877 Pichena

258 1892 297 1944 (e
315 1894 440 1944 Flor.)
462 1894 599 1940 edidit,
614 1897 674 1930 est
690 1893 786 1931 etin
803 1892 920 1943 (Eud.
934 1891 990 1943 et)
1008 1894 1067 1930 ed.
1082 1905 1153 1941 pr.r

256 1956 343 1996 quae
375 1951 416 1984 et
443 1947 564 1985 habet
589 1954 811 1992 everterent,
841 1959 911 1995 pro
941 1953 1138 1989 exuerent.

255 2003 365 2039 ERN.
419 2003 495 2038 Pro
516 2007 586 2038 aut
612 2001 730 2049 vulgo
753 2000 901 2048 legitur
925 2013 984 2037 ac.
1035 2000 1140 2038 Bud.

255 2055 377 2092 habet
394 2061 590 2100 exuerent,
606 2055 661 2097 sic
678 2056 768 2092 Put.
782 2054 874 2091 Alc.
891 2055 1020 2092 Rhen.

316 2109 432 2159 Quis]
474 2109 580 2147 Flor.
617 2112 657 2146 et
689 2108 787 2157 Agr.
821 2109 910 2155 sic;
947 2107 1054 2151 Bud.
1100 2110 1142 2150 et

256 2163 363 2211 vulg.
392 2165 542 2212 quibu-5³.

309 2217 371 2253 Et
386 2229 487 2264 gens
492 2218 596 2265 fidei
613 2215 840 2265 commisse]
891 2216 970 2252 Mei
990 2216 1140 2253 codices

257 2272 508 2315 commissior,
530 2271 760 2318 patientior.
807 2270 872 2307 An
889 2270 976 2317 fide
1007 2271 1140 2318 cogni-

256 2324 370 2370 tior?
411 2336 463 2360 an
499 2324 849 2372 impar-medicina
882 2326 1019 2359 nostra
1050 2323 1142 2359 huic

256 2377 443 2414 vulneri?
475 2378 691 2415 Palmerius
708 2378 830 2424 legit:
850 2377 953 2425 fidei
967 2377 1142 2414 commis-

255 2434 359 2483 sior:
384 2435 538 2482 patenti
555 2444 638 2475 ora,
657 2432 834 2480 opposita
850 2431 893 2467 in
911 2431 1015 2467 latus
1025 2431 1142 2468 aua-i-

255 2487 326 2525 lia.
353 2486 499 2535 nescio,
518 2497 570 2530 an
585 2485 743 2524 favente
759 2484 1002 2531 AEsculapio.
1031 2484 1143 2521 L111s.

260 2535 508 2590 Comvnispt'oo·
518 2540 731 2588 patientior
746 2539 878 2587 posita
900 2539 1019 2575 etiam
1037 2537 1142 2574 Flor.

256 2595 318 2630 cd.
339 2591 400 2642 pr.
428 2594 542 2631 Unde
558 2593 728 2630 Pichena
745 2591 979 2639 conjiciebat
983 2592 1025 2639 s.
1042 2603 1143 2628 com-

257 2643 387 2685 missae
399 2649 566 2696 patiens.
591 2648 781 2695 opposita,
797 2649 843 2681 ut
859 2645 1088 2682 terminatio
1100 2657 1144 2681 or

259 2706 354 2738 nata
382 2703 435 2738 sit
466 2713 512 2737 ex
549 2700 629 2749 op?
669 2700 915 2738 Commissior
941 2703 1076 2737 autem
1103 2700 1144 2736 J.

259 2756 482 2797 Gronovius
498 2766 576 2790 non
593 2753 694 2791 male
707 2756 824 2801 putat
840 2753 1028 2791 factume
1042 2764 1144 2790 com-

260 2805 454 2859 missique.
499 2809 602 2856 Nam
608 2834 620 2852 ,
625 2809 751 2856 fidem
768 2808 1008 2844 commissam
1019 2806 1143 2843 latine

260 2864 336 2899 dici
366 2874 492 2910 posse,
515 2863 582 2898 vix
610 2860 762 2907 credo..
794 2861 982 2906 Ceterum
1009 2860 1147 2909 vulga-

259 2919 348 2967 tum
375 2921 434 2954 est
470 2916 588 2966 etiam
620 2917 662 2954 in
692 2914 822 2953 Guelf.
873 2913 982 2952 ERN.
1038 2914 1144 2952 Bud.

259 2971 467 3022 vulgatum
510 2973 634 3016 tenet.
694 2969 946 3015 Boxhornius
990 2967 1147 3009 delebat

260 3026 486 3068 commissoe,
499 3021 662 3068 factum,
678 3027 726 3069 ut
742 3022 925 3069 putabat,
943 3034 990 3066 ex
1006 3030 1159 3069 super-'

260 3071 408 3126 scripto
421 3079 473 3126 τῷ
486 3078 698 3125 patientior
713 3089 829 3125 quam
847 3078 925 3116 ista
943 3076 1026 3112 scil.
1055 3078 1145 3113 Sar-

260 3138 470 3179 matarum.
512 3131 680 3166 Scbeffer
699 3131 740 3166 in
760 3130 874 3172 Misc.
889 3129 986 3170 Obs.
1004 3129 1082 3171 vol.
1106 3136 1142 3170 8.

259 3198 300 3235 p.
319 3191 411 3225 293.
439 3185 517 3232 legi
535 3184 620 3220 vult
640 3195 759 3232 quam
766 3184 968 3230 jussorum
990 3185 1145 3232 patient

261 3243 356 3277 tior.
386 3240 475 3286 Bip.
496 3238 694 3285 dantfidei
711 3239 981 3280 commixtione
1000 3238 1026 3282 i.
1044 3249 1078 3275 e.
1094 3236 1144 3274 ob

263 3295 379 3331 fidem
397 3293 578 3329 socialem
591 3292 816 3339 patientior.
860 3291 1010 3333 Eodem
1026 3302 1144 3327 sensu

264 3347 479 3386 Saline-rius
492 3346 702 3382 coamnissoe
717 3343 880 3391 exponit
895 3355 966 3390 per
973 3345 1137 3390 junctae.

319 3402 471 3451 Infesta
483 3396 659 3446 Rlcoetitz]
691 3398 856 3442 Videtur
873 3397 1142 3444 scribendum:

264 3457 441 3507 opposito
468 3454 512 3490 in
538 3453 643 3488 latus
670 3451 829 3488 aua-ilia
855 3451 1007 3498 irfistoe
1025 3451 1143 3487 thae·

264 3518 344 3547 ttoe.
402 3508 456 3546 Ut
486 3507 611 3553 infra:
660 3505 710 3542 L.
749 3505 952 3542 Vitellium
972 3504 1146 3550 fratrem

266 3577 353 3602 cam
373 3575 442 3601 sex·
462 3560 673 3599 cohortibus
698 3565 734 3596 et
763 3559 987 3610 quingentis
1007 3558 1147 3612 equiti·-

1194 1197 1265 1234 bus
1281 1198 1484 1246 ingruenti
1490 1210 1564 1247 per
1581 1197 1943 1247 Campaniambello
1959 1213 2088 1250 oppo·,

1193 1251 1290 1288 suit.
1336 1252 1473 1288 GRoN.
1532 1251 1627 1288 Haec
1656 1251 1756 1288 bene
1780 1251 2019 1300 dicerentur,
2040 1255 2074 1296 si

1194 1304 1316 1340 modo>
1339 1303 1381 1341 ero*
1408 1306 1584 1353 opposita
1614 1307 1766 1357 certum
1787 1309 1903 1342 esset.
1930 1319 1935 1322 ·
1955 1306 2084 1344 Nunc*

1197 1357 1310 1394 MSS.
1327 1358 1431 1394 Flor.
1450 1358 1582 1395 Guelf.
1598 1359 1684 1394 edd.
1710 1370 1845 1396 omnes
1861 1362 1954 1396 ante
1970 1361 2078 1398 Rhe-

1195 1421 1344 1448 nanum
1352 1412 1500 1460 posita,
1519 1413 1587 1460 qui
1605 1416 1739 1448 utrum
1759 1423 1780 1447 e
1794 1413 1942 1459 codice,
1958 1425 2011 1450 an
2027 1423 2077 1451 ex

1197 1464 1372 1512 ingenio,
1389 1466 1540 1502 dederit
1557 1467 1747 1514 opposita,
1766 1467 1908 1504 nescio.
1953 1467 2089 1510 ,silea-⁷

1193 1518 1298 1555 tium
1317 1518 1403 1564 ejus
1419 1519 1530 1564 facit,
1549 1523 1596 1556 ut
1614 1518 1804 1566 suspicer,
1822 1531 1907 1556 esse
1921 1519 2092 1569 ab·ope-.

1194 1571 1265 1617 ris,
1283 1583 1373 1608 cum
1387 1583 1436 1608 ne
1449 1571 1607 1619 copulas
1625 1573 1783 1620 quidem
1798 1586 1861 1618 ao,
1878 1580 1930 1620 et,
1944 1574 2086 1623 atque,

1193 1625 1340 1662 tacitus
1364 1629 1576 1673 permutet.
1628 1625 1760 1675 Atque
1775 1627 1868 1664 hinc
1882 1627 1926 1664 in
1943 1638 2079 1664 omnes

1194 1682 1285 1727 post
1312 1679 1437 1716 editos
1464 1680 1587 1716 venit.
1641 1680 1782 1729 Itaque
1810 1681 1952 1718 melius
1982 1681 2094 1718 duxi>

1187 1734 1322 1782 posita
1347 1734 1557 1771 restituere
1583 1733 1705 1782 (quod
1730 1734 1900 1772 et'Bud.
1926 1733 2080 1783 habet).

1195 1787 1339 1823 Sensus
1358 1790 1432 1824 est.
1487 1788 1535 1824 In
1552 1787 1676 1824 latere
1692 1787 1880 1827 collocata
1895 1792 1990 1826 sunt
2006 1799 2080 1825 au-

1194 1839 1304 1886 xilia,
1323 1840 1426 1888 quod
1452 1840 1598 1877 infesta
1623 1845 1710 1877 erat
1723 1841 1894 1887 Rhatta,
1918 1841 2079 1890 propter

1195 1895 1492 1931 Procuratorem
1525 1895 1800 1934 vitellianum.
1840 1905 2079 1944 quamquam

1194 1947 1313 1984 etiam
1342 1960 1422 1984 non
1448 1947 1621 1984 absurda
1647 1949 1918 1997 interpunctio
1945 1949 2079 1989 Guelf-

1192 2001 1346 2039 Puteol.
1360 2002 1545 2039 Beroaldi
1563 2003 1732 2040 auxilia.
1787 2002 1939 2050 Infima
1957 2003 2077 2040 1211ae-

1194 2056 1267 2093 tia.
1303 2056 1369 2092 sed
1400 2055 1470 2092 illa
1503 2055 1562 2104 (et
1595 2052 1742 2105 Rhea.)
1772 2057 1924 2093 melior.
1980 2057 2078 2093 Mox

1194 2121 1285 2155 cum
1319 2109 1468 2157 Ryckio
1503 2107 1543 2158 (e
1574 2106 1699 2158 Flor.)
1734 2110 1775 2146 et
1806 2110 1848 2146 J.
1864 2110 2081 2147 ‘Gronovio

1195 2163 1300 2203 ‚edidi
1326 2163 1582 2214 Septiminus,
1610 2163 1714 2211 quod
1741 2163 1932 2201 et-Guelf.
1959 2167 2004 2200 et
2017 2163 2094 2202 ed.⁸

1195 2229 1255 2265 pr.
1291 2216 1452 2256 habent.
1509 2217 1726 2255 Rhenanus
1754 2217 1912 2254 induxit
1949 2217 2080 2267 Septi-

1195 2272 1301 2308 mius
1330 2269 1368 2320 (e
1392 2270 1494 2309 Eud.
1521 2268 1777 2320 Septumius).
1810 2270 2021 2320 Septimius·
2035 2271 2080 2308 in

1197 2323 1519 2372 inscriptionibus
1557 2327 1784 2362 occurrunt.
1841 2325 1950 2362 ERN.
2003 2325 2081 2363 Pro

1188 2379 1324 2428 posita
1341 2377 1431 2425 Bip.
1448 2388 1630 2426 recepere
1649 2379 1846 2426 imposito.

1253 2432 1351 2468 Cum
1369 2432 1436 2468 ata
1457 2431 1677 2480 Tauriana]
1715 2429 1859 2468 Itane?
1882 2430 1996 2479 atqui
2012 2429 2079 2467 ala

1195 2484 1414 2530 Tauriana,
1427 2486 1511 2522 sive
1527 2484 1719 2529 Taurina,
1730 2484 1919 2532 adjuncta
1933 2484 2082 2532 legioni

1197 2539 1345 2576 Italicae
1373 2539 1414 2576 in
1429 2539 1582 2576 Vitellii
1606 2538 1786 2586 partibus
1814 2541 1912 2575 erat.
1942 2549 2015 2574 uec
2032 2538 2082 2574 de

1195 2594 1416 2640 transfugio
1441 2596 1514 2629 aut
1537 2592 1707 2628 discessu
1725 2592 1812 2639 ejus
1838 2603 2004 2639 usquam
2022 2591 2098 2629 di«,

1197 2646 1375 2684 dicimus.
1427 2647 1486 2684 Ut
1507 2646 1618 2692 justa
1639 2656 1778 2682 caussa
1797 2646 1866 2690 sit,
1883 2657 1953 2682 cur
1970 2645 2095 2682 Vatia

1197 2712 1335 2738 canam
1363 2702 1404 2736 ct
1430 2700 1535 2738 Flor.
1561 2700 1766 2736 lectionem
1792 2699 1996 2748 recipiam,
2011 2699 2082 2743 alm

1197 2757 1393 2793 Auriana.
1446 2755 1620 2791 Nomina
1653 2754 1758 2791 euim
1787 2754 1869 2790 fere
1900 2753 2080 2801 equitum

1197 2809 1270 2846 alis
1299 2820 1324 2845 a
1344 2808 1561 2845 Praefectis:
1591 2806 1820 2852 Taurianae,
1846 2806 2082 2855 Frontoniaf

1199 2874 1276 2908 nae,
1304 2861 1485 2906 Valeriae,
1515 2859 1671 2905 Silanae,
1707 2861 1894 2897 Aurianae
1922 2862 1966 2901 ,et
1999 2860 2082 2896 hoec

1200 2917 1287 2965 ipsa
1302 2915 1483 2952 Auriana
1500 2914 1765 2963 perseveravit
1781 2914 1832 2950 ad
1847 2913 1982 2955 labens
2000 2913 2080 2950 Im-

1201 2969 1369 3018 perium,
1387 2969 1571 3017 legasque
1588 2969 1630 3007 in
1657 2967 1812 3005 Notitia
1829 2966 1988 3014 Imperii
2004 2966 2080 3003 sub

1198 3023 1452 3071 dispositione
1470 3023 1593 3059 Ducis
1607 3020 1828 3058 Armeniae:
1857 3022 1940 3057 Aca
1955 3021 2082 3057 Auri-

1199 3090 1291 3122 ana,
1308 3077 1514 3117 Dmcusae.
1555 3077 1668 3114 Lu’s.
1720 3074 1928 3112 Consentit
1946 3073 2082 3111 Guelf-

1204 3128 1345 3179 (Bud.)
1370 3131 1468 3177 Agr.
1486 3129 1546 3165 ed.
1565 3139 1626 3176 pr.
1638 3130 1730 3166 Put.
1745 3127 1837 3164 Ber.
1855 3127 1942 3164 Alc.
1974 3127 2083 3164 Tau-

1198 3187 1315 3222 riana
1334 3184 1485 3230 primus
1505 3182 1567 3230 (ex
1586 3179 1683 3230 ing.)
1705 3181 1827 3217 edidit
1848 3180 2080 3225 Rhenanus,

1200 3238 1279 3275 sive
1297 3237 1428 3285 potius
1447 3235 1664 3272 Frobenius
1682 3241 1723 3272 et
1739 3234 1824 3280 ejus
1839 3245 1978 3281 operae.
2022 3235 2083 3270 At

1198 3296 1336 3339 contra
1354 3290 1452 3326 bene
1471 3300 1557 3324 mox
1575 3282 1789 3326 Rhenanus
1806 3286 1870 3337 (ex
1886 3284 1983 3335 ing.)
2000 3287 2095 3334 edi-·

1198 3344 1257 3380 dit
1273 3345 1375 3383 AEui
1392 3354 1462 3390 pro
1479 3342 1622 3386 Rheni,
1636 3342 1739 3390 quod
1757 3345 1818 3377 est
1839 3341 1880 3377 in
1899 3340 2082 3378 omnibus

1200 3397 1311 3435 MSS.
1351 3395 1410 3446 (et
1442 3394 1563 3445 Bud.)
1602 3399 1642 3432 et
1686 3395 1771 3431 edd.
1815 3398 1908 3431 ante
1953 3394 2084 3432 Rheu-

1200 3451 1307 3487 Male
1324 3462 1426 3494 pauno
1443 3451 1524 3490 illis
1540 3455 1610 3487 aut
1628 3449 1700 3485 lais.
1734 3449 1842 3486 ERN.
1886 3447 2081 3485 Emendae

1200 3505 1258 3541 vit
1274 3505 1444 3541 Pichena
1461 3515 1482 3538 e
1501 3503 1605 3540 Flor.
1637 3503 1820 3539 Alterum
1840 3501 1959 3538 habet
1977 3500 2083 3542 Bud.

1256 3559 1445 3615 §ta-enum
1458 3557 1570 3604 hello,
1584 3568 1700 3608 quam
1715 3554 1907 3617 gloriam]
1941 3555 2081 3618 Luem,
