2190 3880
642 176 652 181 μ
723 139 886 193 L113.
916 136 1008 192 111.
1061 138 1224 192 cAssP.
1259 145 1341 191 ρο.
1825 149 1916 198 179

99 281 349 345 pugnata
371 271 517 324 urbis
531 269 763 340 praedam
788 269 859 321 ad
880 264 1114 333 milite-m,-
1136 267 1315 320 deditae
1339 267 1411 318 ad
1429 267 1621 333 Duces,
1645 271 1910 338 pertinere.
1929 278 1979 323 Ag
1998 284 2052 324 U.

110 347 451 414 spernuntur
474 341 834 394 Centuriones
860 339 1216 408 Tribunique,
1244 358 1325 402 ae,
1353 356 1422 389 ne
1451 357 1562 389 vox
1591 341 1907 410 cujusquam
1945 341 2039 376 323·

109 411 377 477 audiatur,
400 428 403 431 ·
424 413 676 481 quatiunt
723 429 889 474 arma,
938 410 1148 479 rupturi
1194 409 1504 479 imperium,
1533 409 1586 459 ni
1627 411 1908 464 ducantur.
1926 389 2048 484 &505²

107 481 248 534 Tum
283 479 590 546 Antonius,
618 483 856 534 inserens
886 498 943 532 se
981 480 1292 550 manipuliS,
1320 481 1414 531 ubi
1442 479 1700 548 adspectu
1730 492 1784 531 et
1819 501 1910 532 au-
1927 500 2000 548 20

109 553 365 604 ctoritate
393 554 665 605 silentium
712 551 916 603 fecerat
937 572 951 604 :-
1000 569 1105 602 non
1130 568 1179 602 se
1204 550 1366 614 decus,
1393 565 1548 619 neque
1566 551 1791 618 pretium
1817 554 1914 602 eri-

99 641 223 692 pere
247 620 354 674 tam
380 623 502 675 bene
524 623 736 687 meritis,
762 622 1087 673 adfirmabat
1109 642 1123 686 3
1160 620 1244 672 sed
1286 620 1453 671 divisa
1487 619 1620 671 inter
1645 623 1918 674 exercitam

112 690 405 764 Ducesque·
432 694 608 745 munia
627 713 646 746 .·
698 691 949 743 militibus
984 691 1269 760 cupidinem
1301 690 1575 760 pugnandi
1614 691 1916 757 convenire3

112 762 286 816 Duces
315 763 650 834 providendO,
688 760 1038 823 consultand0‚
1075 761 1398 812 cunctatione
1429 761 1623 829 scepim,
1650 778 1804 830 quam
1845 771 1918 814 te-

107 835 354 898 meritate,
377 832 622 904 prodesse.
704 831 775 883 Ut
791 851 892 902 pro
931 831 1076 883 virili
1091 832 1344 901 portione,
1373 832 1529 882 armis
1553 849 1613 881 ac
1641 849 1814 894 manu,
1839 835 1917 884 vi-

109 905 324 960 ctoriam
339 903 562 974 juverit,
589 901 786 954 ratione
810 911 857 954 et
879 901 1103 966 consilio,
1122 901 1352 971 propriis*
1371 901 1538 952 Ducis
1561 900 1773 967 artibus
1792 922 1918 971 pro-

67 1035 69 1037 ¹
92 973 370 1044 faturum,
442 973 620 1043 Neque
643 974 775 1031 enim
811 973 1054 1043 ambigua
1094 989 1210 1035 esse,
1237 990 1348 1041 quae
1385 981 1687 1023 occurrant.-
1726 983 1918 1027 noctem

109 1053 158 1096 et
183 1045 370 1116 ignotae
392 1044 547 1096 situm
571 1044 729 1107 urbis,
755 1044 896 1095 intus
920 1043 1082 1094 hostes
1107 1051 1154 1093 et
1181 1051 1362 1093 cuncta
1387 1041 1592 1093 insidiis
1613 1053 1916 1111 opportuna.

107 1130 227 1180 non,
251 1115 296 1166 si
312 1122 532 1184 pateant
553 1123 730 1184 portae‚
749 1114 850 1172 nisi
875 1112 1157 1182 explorata,
1183 1111 1285 1163 nisi
1308 1112 1407 1174 die,
1431 1113 1748 1164 intrandum.
1787 1125 1790 1129 ’
1826 1115 1918 1167 An

109 1186 537 1256 oppugnationem
605 1184 947 1247 inchoaturos,
1001 1181 1234 1250 adempto
1285 1182 1424 1233 omni
1465 1192 1752 1251 prospecta,
1804 1186 1917 1254 quis

107 1265 279 1327 aeq'uus
303 1255 462 1327 loom,
491 1254 686 1325 quanta
712 1253 931 1306 altitudo
954 1250 1235 1305 moenium?
1272 1253 1597 1304 tormentisne
1622 1262 1668 1304 et
1694 1253 1821 1317 telis,
1849 1275 1918 1307 an

108 1326 344 1395 operibus
378 1334 427 1396 et
446 1325 639 1391 vineis,
666 1323 1009 1395 adgredienda
1046 1322 1166 1374 urbs
1184 1321 1378 1394 foret?
1442 1322 1584 1375 Mox
1625 1342 1918 1378 conversus

122 1493 124 1496 ’
143 1479 391 1525 Βεᾰὰιέὶιᾶ
406 1474 542 1525 Duces
565 1484 772 1536 pertinere]
798 1465 894 1523 *Hoc
915 1484 986 1533 jus

1039 1495 1130 1522 nam
1149 1481 1204 1521 ibi
1222 1481 1342 1531 Galli,
1355 1490 1435 1522 n‘on
1447 1480 1676 1535 pat-entibus
1688 1486 1827 1535 portis,
1839 1495 1920 1525 non

106 1538 283 1578 mititare
295 1540 466 1578 ferebat.
521 1541 632 1577 Bene
650 1540 864 1578 Rhenanus
881 1551 986 1576 com-

1038 1539 1117 1584 die,
1135 1539 1210 1575 nisi
1229 1539 1452 1587 explorato,
1465 1541 1753 1587 ingrediuntur.
1783 1542 1918 1589 Atque

106 1598 224 1641 parat
253 1594 381 1631 locum
411 1594 527 1640 Livii,
546 1594 651 1630 unde
684 1594 764 1630 hoec
781 1596 911 1630 sumta.
928 1593 987 1629 vi-

108 1647 292 1694 deantur,
310 1660 332 1684 e
349 1654 418 1694 37,
448 1653 517 1684 32.
541 1653 691 1698 captas,
706 1659 783 1683 non
819 1646 984 1691 deditas,

107 1700 233 1750 diripi
259 1702 384 1747 urbes,
402 1707 440 1738 et
459 1703 511 1738 *in
529 1702 590 1748 liis
618 1706 748 1737 tamen
777 1699 987 1736 arbitrium

106 1765 185 1791 esse
203 1755 468 1804 Imperatoris,
486 1766 562 1791 non
579 1754 763 1791 militum.
789 1754 898 1790 ERN.

162 1808 340 1857 Rupturi
372 1806 593 1857 imperium]
626 1807 689 1845 Sic
716 1806 820 1843 Flor.
845 1803 984 1856 (Bud.)

107 1858 235 1897 Oxon.
252 1859 384 1899 Guelf.
402 1862 498 1909 Agr.
518 1861 577 1898 ed.
604 1872 664 1908 pr.
690 1860 794 1907 quod
810 1858 987 1895 restituit

107 1911 297 1961 Ryckius,
327 1919 548 1963 opportune
580 1914 746 1950 laudans
778 1913 907 1957 locum
939 1924 987 1948 ex

107 1965 180 2004 A(
200 1973 264 2014 13,
297 1971 364 2005 36.
406 1974 521 2017 rupto
565 1968 739 2016 imperio
761 1978 988 2015 congressus

108 2032 196 2057 cum
239 2022 344 2059 hoste
372 2021 597 2069 funditur.-

109 2075 262 2123 Rapere
278 2076 484 2124 imperium
502 2077 561 2111 est
578 2073 694 2110 alteri
713 2076 892 2120 ereptum
913 2071 987 2108 sibi
1011 2084 1014 2086 ’

108 2127 319 2165 vindicare.
375 2126 508 2165 Atini
536 2128 620 2164 sine
651 2127 817 2175 imperio
835 2125 893 2161 ire
922 2137 988 2162 vo-

104 2180 255 2219 lebant.
265 2193 269 2196 ·
281 2183 390 2219 ERN.

162 2236 297 2285 Neque
311 2237 413 2272 enim
443 2233 630 2282 ambigua
655 2231 749 2282 ete]
778 2232 891 2269 Alias
909 2242 988 2268 noa¹

106 2289 253 2326 dicitur
270 2289 471 2337 ambigua,
490 2291 531 2324 et
547 2288 640 2332 alia,
654 2298 740 2334 quae
758 2297 837 2322 non
855 2286 988 2333 explo-

106 2346 197 2379 rata.
213 2347 254 2380 et
270 2341 489 2391 periculosa
508 2345 613 2378 sunt.
652 2340 732 2377 Hic
751 2350 887 2376 sensus
901 2338 984 2387 est:

108 2407 225 2444 quem
256 2395 360 2432 enim
392 2406 470 2432 non
506 2394 637 2431 videre
667 2397 726 2430 et·
751 2393 986 2440 intelligere,

108 2461 195 2498 quae
211 2451 447 2487 immineant
472 2447 648 2496 pericula
673 2447 828 2484 ausuris
859 2457 986 2494 oppu-

108 2504 348 2551 gnationem.
382 2502 494 2539 MSS.
523 2513 640 2550 porro
668 2501 772 2538 Flor.
800 2499 894 2548 Agr.
923 2500 985 2540 ed,

109 2569 170 2605 pr.
186 2563 311 2602 nocte,
327 2556 431 2604 quod
447 2557 594 2592 fmstra
613 2554 787 2591 defendit
803 2553 988 2600 Ryckius.

108 2610 211 2647 Add.
229 2610 279 2645 ad
296 2621 331 2646 c.
363 2615 401 2646 2.
419 2613 518 2654 extr.
574 2610 759 2645 Ceterum
785 2610 878 2642 ante
897 2617 988 2642 ocu-

109 2662 168 2699 los
184 2663 345 2700 Tacitus
363 2661 504 2698 habuit
520 2661 623 2699 Livii
640 2661 768 2698 locum
787 2665 828 2704 5,
846 2665 915 2699 39.
941 2660 988 2695 de

112 2715 238 2752 Gallis
257 2716 304 2751 ad
324 2714 463 2752 urbem
479 2716 643 2752 Romam
661 2726 669 2750 ε
709 2711 858 2750 noctem
875 2714 990 2749 veriti

110 2775 147 2807 et
182 2771 330 2818 ignotae
359 2770 480 2805 situm
512 2768 620 2804 urbis
651 2771 726 2805 etc.
757 2777 835 2814 quo
867 2765 988 2802 etiam

111 2824 315 2871 vulgatum
334 2827 481 2859 noctem
496 2822 690 2858 firmatur.
718 2821 827 2857 ERN.
951 2847 956 2851 -

164 2877 257 2912 Non
274 2877 310 2912 si
323 2874 503 2924 pateant]
533 2874 728 2921 Rodolphi
742 2873 859 2909 lectio
875 2871 988 2908 valde

109 2930 207 2967 mihi
225 2929 388 2974 arridet,
404 2929 535 2964 nescio
562 2939 612 2964 an
631 2938 656 2962 a
683 2927 817 2963 libris:
845 2927 989 2971 nom-ri

103 2988 270 3033 pateant
291 2989 432 3031 portoe,
463 2983 540 3019 non
569 2982 644 3026 die,
673 2980 755 3017 nisi
787 2980 987 3028 explorato

110 3037 349 3075 intrandum.
386 3036 498 3072 Ln’s.
526 3034 691 3082 Recepit
724 3034 824 3069 hanc
852 3031 988 3068 lectio-

111 3101 202 3128 nem
221 3090 392 3138 Ryckius
415 3101 437 3125 e
464 3088 548 3125 MS.
574 3086 778 3136 Agricolae.
812 3086 988 3132 Adjuvat

111 3145 174 3181 ed.
198 3155 258 3192 pr.
277 3144 320 3180 in
349 3154 428 3191 qua
444 3143 578 3178 eadem
596 3141 727 3185 lectio,
751 3140 818 3177 sed
836 3143 987 3175 mutato

111 3192 262 3243 ordine,
279 3197 359 3233 nivi
386 3197 601 3245 explorato,
631 3207 707 3231 non
725 3194 798 3230 die.
840 3194 988 3230 Contra

112 3250 287 3298 disputat
319 3250 552 3286 Gronovius,
594 3248 776 3284 Breviter
807 3247 988 3294 expedie-

113 3314 213 3349 mus.
241 3304 384 3340 Sensus
397 3303 515 3350 hujus
529 3303 709 3340 lectionis
722 3304 801 3337 est:
820 3301 912 3337 Non
925 3303 986 3336 est

114 3357 365 3404 ingredienda
382 3356 492 3400 urbs,
511 3367 561 3391 ne
578 3354 806 3404 patentibus
830 3354 986 3401 quidem

652 2020 784 2057 Ceteri
807 2020 985 2068 rapturi,
1012 2031 1016 2033 ’

1039 1592 1097 1628 ita
1115 1592 1251 1628 existit
1281 1592 1400 1628 etiam
1417 1594 1707 1642 argumentatio
1735 1606 1760 1630 a
1775 1596 1919 1631 minori

1039 1646 1088 1681 ad
1117 1645 1259 1691 majus.
1318 1646 1359 1682 Si
1387 1657 1436 1682 ne
1467 1647 1529 1682 die
1562 1647 1734 1695 quidem,
1760 1659 1810 1683 ne
1850 1661 1919 1696 pa-

1038 1698 1216 1735 tentibus
1248 1699 1403 1747 quidem
1439 1701 1562 1747 portis
1596 1701 1916 1748 ingrediendum:

1041 1756 1190 1800 quanto
1205 1752 1336 1788 minus
1362 1757 1497 1797 noctu,
1517 1765 1597 1789 non
1617 1753 1833 1803 explorato,
1851 1768 1920 1804 ορ·-

1040 1806 1254 1853 pugnanda
1277 1805 1384 1842 urbs.
1437 1806 1618 1855 Vulgatae
1645 1807 1823 1845 lectionis
1849 1820 1919 1846 au⁴

1038 1862 1120 1894 tem
1155 1859 1218 1895 hic
1252 1871 1415 1896 sensus:
1462 1871 1512 1896 ne
1545 1860 1729 1896 intranda
1762 1855 1920 1910 quidem

1039 1912 1135 1948 urbs
1154 1913 1279 1960 prius,
1298 1923 1414 1961 quam
1443 1913 1512 1949 lux
1530 1918 1632 1959 orta,
1650 1915 1920 1962 exploratores

1039 1966 1149 2001 missi
1195 1966 1290 2011 siut,
1327 1967 1444 2002 etiam
1491 1968 1524 2003 si
1559 1971 1740 2014 paterent
1784 1974 1922 2016 portae.

1043 2019 1174 2059 Quem
1203 2030 1359 2055 sensum
1380 2031 1524 2056 caussae
1553 2021 1735 2068 praesenti
1754 2026 1794 2058 et
1824 2034 1922 2070 prae-

1041 2072 1270 2109 cedentibus
1299 2074 1493 2120 aptiorem
1518 2085 1601 2110 esse
1621 2077 1742 2122 puto:
1775 2079 1819 2112 ut
1836 2088 1920 2112 ver-

1042 2124 1094 2161 ba
1120 2126 1200 2163 nisi
1228 2127 1443 2174 explorato,
1462 2128 1541 2163 nisi
1565 2127 1641 2173 die,
1659 2129 1922 2176 respondeant

1041 2179 1171 2216 verbis
1215 2185 1362 2228 noctem
1393 2186 1431 2217 et
1467 2183 1614 2228 ignotoe
1647 2182 1766 2217 sicum
1801 2183 1920 2221 urbis.

1041 2232 1175 2280 Atque
1191 2232 1312 2268 etiam
1342 2229 1547 2281 sequentia
1575 2235 1803 2272 referuntur
1826 2237 1919 2282 huc,

1042 2290 1090 2322 ut
1116 2289 1320 2334 appareat,
1348 2298 1419 2323 cur
1448 2300 1538 2333 non,
1557 2289 1636 2324 nin·
1664 2288 1740 2333 die,
1770 2285 1922 2338 aliquid

1040 2340 1289 2377 tentandum.
1326 2341 1465 2388 Itaque
1484 2352 1562 2377 non
1580 2352 1699 2377 ausus
1718 2353 1804 2379 sum
1822 2345 1923 2391 Ryc-

1040 2393 1151 2429 kium
1185 2393 1347 2430 imitari.
1378 2395 1485 2431 ERN.
1523 2394 1739 2443 Vulgatum
1770 2397 1922 2434 'habent

1039 2447 1142 2483 Bud.
1163 2450 1203 2483 et
1219 2448 1317 2495 Reg.
1339 2447 1440 2484 Lall.

1092 2502 1161 2536 An
1194 2501 1371 2549 operibus
1404 2506 1441 2537 et
1476 2502 1598 2537 vineis
1631 2502 1916 2552 aggredienda]

1039 2553 1205 2590 Foedum
1223 2553 1414 2601 glossema
1432 2554 1473 2590 in
1487 2555 1590 2591 Flor.
1612 2554 1668 2604 (et
1685 2552 1782 2603 Re'g.
1802 2557 1916 2603 Lan.)

1040 2607 1170 2643 codice
1199 2607 1391 2644 insertum
1421 2608 1518 2644 fuit:
1559 2609 1661 2655 quod
1685 2609 1769 2656 ipse
1800 2609 1921 2646 libra-

1041 2660 1124 2697 rius
1151 2660 1252 2696 forte
1284 2661 1461 2709 agnovit,
1485 2661 1647 2708 ideoque
1677 2663 1920 2705 circumscri-

1042 2713 1136 2760 psit.
1182 2713 1277 2750 Fuit
1293 2717 1427 2750 autem
1445 2714 1670 2760 hujusmodi
1687 2727 1696 2750 ε
1727 2728 1779 2751 cm
1797 2720 1921 2764 operi-

1042 2766 1112 2802 bus
1143 2772 1179 2802 et
1208 2768 1339 2804 vineis
1364 2766 1680 2816 (machinamenti
1710 2781 1838 2816 genus
1868 2771 1923 2808 ad

1012 2832 1014 2835 ’
1042 2821 1324 2867 expugnandos
1351 2831 1496 2865 muros,
1515 2821 1555 2856 in
1574 2822 1729 2857 modum
1748 2823 1921 2860 turrium

1031 2871 1206 2921 factum)
1240 2874 1507 2921 aggredienda
1539 2874 1629 2909 urbs
1645 2874 1769 2922 foret.
1797 2876 1921 2912 idem-

1041 2936 1117 2973 que
1146 2936 1371 2973 expressum
1398 2927 1441 2962 in
1470 2927 1530 2963 ed.
1549 2938 1609 2974 pr.
1634 2928 1701 2963 sed
1730 2929 1814 2965 sine
1843 2931 1919 2966 cir-

1040 2979 1358 3028 cumscriptione,
1377 2984 1417 3016 et
1447 2980 1623 3016 additum
1653 2981 1716 3018 leis
1743 2982 1833 3029 post
1843 2983 1918 3031 sa-

1018 3046 1024 3047 *
1041 3038 1158 3069 ctum.
1188 3033 1277 3069 Vid.
1296 3034 1344 3069 ad
1363 3045 1395 3070 c.
1415 3039 1452 3073 7.
1470 3034 1561 3070 init.
1587 3034 1701 3072 >Mox
1720 3035 1918 3073 dolabras-

1040 3098 1111 3135 que
1131 3086 1241 3122 MSS.
1261 3087 1367 3123 Flor.
1397 3087 1528 3123 Gueif.
1559 3087 1645 3124 edd.
1663 3092 1756 3125 ante
1786 3090 1915 3127 Rhen.

1041 3139 1210 3175 Pichena
1241 3151 1323 3188 sqq.
1391 3141 1475 3185 Qoee
1507 3141 1654 3178 delevit
1685 3143 1917 3180 Rhenanus.

1041 3193 1148 3229 ERN.
1177 3193 1287 3229 Duce
1318 3194 1419 3230 Bud.
1453 3193 1590 3231 Habet
1620 3195 1682 3231 hic
1713 3198 1754 3232 et
1781 3199 1919 3244 spuria

1042 3245 1175 3290 verba,
1188 3247 1258 3282 sed
1284 3247 1410 3284 Rhen.
1429 3248 1588 3296 propria
1610 3260 1729 3285 manu
1747 3251 1916 3298 margini

1040 3298 1209 3336 adlevit:
1240 3311 1271 3337 tt
1291 3302 1475 3349 margine
1501 3303 1667 3338 relatum
1693 3303 1735 3339 in
1753 3308 1915 3340 textam.

1038 3354 1172 3402 glossa
1189 3359 1258 3395 est.
1285 3353 1446 3391 Sensere
1464 3358 1505 3391 et
1520 3356 1611 3391 Put.
1628 3355 1713 3392 Alc.
1726 3361 1766 3392 et
1777 3357 1917 3392 omise-

113 3410 252 3458 portis,
282 3421 332 3446 ne
361 3410 532 3446 interdiu
559 3409 730 3456 quidem,
747 3408 825 3444 nisi
855 3407 987 3455 explo-
1041 3413 1098 3442 re.
1125 3407 1216 3443 Post
1232 3407 1393 3455 sactum
1411 3408 1514 3444 Bud.
1532 3407 1652 3444 habet
1671 3409 1749 3446 ubi.
1788 3410 1919 3444 Dola·

113 3469 213 3499 rato.
269 3464 412 3499 Sensus
440 3474 533 3498 sane
563 3462 800 3506 commodus,
830 3464 871 3496 et
903 3460 989 3496 imi-
1045 3460 1122 3496 broe
1145 3460 1310 3498 formam
1343 3460 1502 3499 exhibet
1537 3461 1714 3499 columna
1744 3462 1920 3507 Traiana

113 3517 255 3552 tanoni
293 3515 364 3551 ioci
403 3515 553 3553 Liviani
590 3515 699 3551 valde
745 3514 990 3555 conveniens.
1045 3518 1198 3551 n.299.
1774 3531 1776 3533 >
1878 3529 1881 3532 ·

1110 3574 1209 3616 ΝΞ
