2190 3880
1921 115 1940 130 Ο

324 126 415 169 186
924 125 1525 179 HISTORIARUM

141 269 143 274 ’
173 265 228 307 A.
251 262 305 302 U.
321 246 462 309 braS,
490 254 544 298 et
568 244 660 299 alii
702 246 885 315 falces»,
914 251 1190 322 scalasque
1231 265 1576 308 convectant.
1616 265 1752 321 tum,
1778 257 1945 312 elatis'
1966 278 2127 334 supet

196 321 287 383 8233
315 317 502 385 capita
533 318 718 383 scutiS,
746 320 913 372 densa
939 325 1210 375 testudine
1248 327 1563 378 succedunt.
1640 326 1905 383 Romanae
1935 337 2126 386 utrim-

182 368 424 464 Aiof‘que
465 401 638 442 artes:
680 393 920 459 pondera
956 411 1210 445 saxorum
1238 396 1517 448 Vitelliani
1558 398 1918 467 provolvunt3
1955 403 2120 472 disje-

317 471 462 510 ctam
500 460 915 530 fiuitantemque
947 464 1272 515 testudinem
1312 466 1512 517 lanceis
1550 469 1836 537 contisque
1877 485 2122 525 scrutan-

315 538 407 586 -tur
431 551 443 582 ε
482 531 675 594 donee,
703 532 879 583 soluta
906 551 1174 603 compage
1203 547 1499 600 scutorum,
1527 554 1954 607 exsanguesaut
1980 543 2119 595 lace-

229 597 403 651 QS-ros
432 613 832 669 prosternerent
859 603 1030 653 multa
1055 622 1179 654 cum
1207 618 1406 675 strage.
1484 606 1788 659 incesserat
1820 615 2119 678 cunctatio,

310 671 371 721 ni
411 670 592 722 Duces
632 671 774 722 fesso
802 671 984 736 militi,
1010 684 1065 723 et
1097 674 1243 726 velut
1276 676 1464 729 inritas
1506 673 1916 731 exhortationes
1946 685 2122 735 abnu-

311 742 446 805 enti,
475 741 803 814 Cremonam
844 755 1252 796 monstrassent.
1329 747 1600 799 Hormine
1629 749 2028 820 adingenium,
2057 766 2119 806 ut

309 809 572 863 Messalla
614 812 795 875 tradit,
824 831 890 864 an
934 814 1115 884 potior
1150 828 1341 867 auctor
1382 819 1452 868 sit
1484 818 1549 870 C.
1580 818 1788 872 Plinius
1823 821 1915 889 qui
1941 822 2120 876 Anto-

310 883 458 933 nium
503 883 734 946 incusat,
774 883 919 935 haud
967 883 1127 936 facile
1170 887 1548 941 discreverim:
1598 890 1720 954 nisi,
1759 892 1906 961 quod
1945 911 2120 964 neque

306 951 600 1016 -AntoniuS,
651 971 824 1022 neque
875 954 1138 1018 Hormus,
1181 975 1213 1008 a
1257 957 1402 1008 fama
1451 959 1666 1029 vitaque
1715 979 1827 1026 sua,
1870 967 2117 1032 quamvis

304 1025 543 1091 pessimo
585 1025 817 1093 flagitio,
852 1026 1265 1095 degeneravere.
1342 1028 1623 1097 Nonsjam
1663 1033 1902 1101 sanguiS,
1943 1052 2118 1104 neque

306 1093 530 1146 vulnera
563 1097 935 1160 morabantur,
963 1098 1093 1165 quin
1129 1098 1449 1151 subruerent
1484 1099 1701 1165 vallum,
1727 1114 2118 1175 quaterentque

232 1192 234 1197 ·
303 1174 523 1233 portas3
562 1166 738 1219 innixi
768 1166 1006 1218 humeris
1047 1179 1103 1218 et
1142 1186 1301 1239 super
1330 1171 1578 1222 iteratam
1610 1173 1934 1226 testudinem
1962 1194 2117 1228 scan-

304 1235 514 1300 denteS,
554 1248 869 1306 prensarent
909 1237 1148 1290 hostium
1190 1240 1294 1291 tela
1339 1241 1685 1311 brachiaque.
1743 1243 1940 1314 integri
1989 1265 2116 1300 cum

253 1335 256 1339 -
301 1307 520 1371 sauciis,
551 1307 845 1358 semineces
882 1327 1004 1360 cum
1034 1311 1458 1378 exspirantibuS,
1488 1313 1794 1378 volvuntur,
1827 1316 1972 1367 varia
1997 1335 2117 1387 per-

217 1379 552 1440 Q9euntium
605 1377 780 1429 forma
832 1391 887 1430 et
933 1381 1082 1430 omni
1129 1382 1373 1451 imagine
1415 1385 1692 1434 mortium.
1771 1383 2113 1441 Acerrimum

301 1447 552 1517 septimae
587 1449 871 1517 tertiaeque
910 1445 1189 1519 legionum
1231 1466 1524 1505 certamen.
1564 1465 1619 1504 et
1659 1454 1792 1507 Dux
1820 1454 2114 1531 AntoniuS‚

300 1535 426 1569 cum
463 1518 686 1570 delectis
725 1519 1101 1584 auxiliaribuS,
1139 1523 1331 1574 eodem
1374 1525 1713 1578 incubuerat.
1791 1525 2116 1582 Obstinatos

299 1588 441 1640 inter
482 1590 701 1641 secum
745 1590 1011 1642 sustinere
1044 1593 1323 1644 Vitelliani
1367 1596 1670 1664 nequirent,
1714 1607 1769 1647 et
1807 1600 2115 1669 superjacta

299 1660 406 1710 tela
434 1660 705 1712 testudine
727 1660 1074 1727 *laberentur3
1114 1665 1285 1733 ipsam
1315 1678 1588 1734 postremo
1623 1666 1871 1719 balistam
1891 1669 1954 1721 rin
1987 1671 2115 1722 sub-

223 1740 225 1744 ‘
298 1742 486 1782 euntes
529 1731 833 1801 propulere.
872 1751 1018 1801 quae,
1053 1746 1113 1785 ut
1153 1735 1218 1786 ad
1264 1753 1498 1805 praesens
1545 1737 1763 1806 disjecit
1800 1740 2112 1810 obruitque,

297 1819 432 1872 quos
471 1802 754 1867 inciderat,
785 1804 861 1854 ita
900 1804 1095 1874 pinnas
1126 1824 1188 1858 ac
1219 1824 1430 1858 summa
1459 1806 1579 1858 valli
1609 1808 1891 1862 ruinasua
1926 1813 2114 1866 traxit.

1229 1949 1340 1986 velut
1349 1950 1399 1987 A.
1413 1954 1454 1996 4,
1465 1953 1530 1987 62.
1553 1950 1600 1986 de
1611 1951 1917 2000 amphitheatro,
1933 1955 2037 2003 quod
2056 1955 2116 1993 di.

301 1976 307 1980 .
344 1945 482 1983 Mmta
500 1958 588 1983 cum
600 1952 750 1995 strage,
769 1947 991 1999 incesserat]
1037 1949 1082 1986 Id
1101 1951 1176 1995 est,

1231 2004 1334 2040 citur
1353 2005 1542 2054 operuisse
1559 2004 1736 2042 homines
1752 2005 1894 2044 ruina:
1925 2008 2113 2058 valdeque

293 2000 386 2050 quia
404 2000 532 2037 multa
547 2003 712 2048 strages,
733 2001 909 2038 timidior
929 2006 971 2039 et
986 2008 1175 2040 cunctan-

291 2049 370 2089 tior
390 2053 475 2100 jam
492 2053 619 2091 miles.
664 2055 777 2092 ers.
835 2055 959 2094 Male.
1020 2057 1175 2094 Distin-

291 2106 371 2142 etio
388 2107 530 2144 vitiosa
554 2108 595 2144 in
612 2107 725 2144 libris
744 2108 831 2147 edd.
852 2113 945 2146 ante
963 2111 1174 2148 Pichenam

291 2159 393 2197 fuit:
424 2161 492 2209 qui
511 2172 533 2196 e
553 2161 657 2199 Flor.
679 2162 748 2206 sic,
768 2166 816 2198 ut
835 2174 942 2201 nunc
958 2168 1033 2209 est,
1052 2165 1175 2201 inter-

293 2215 447 2261 punxit.
467 2215 674 2252 Consentit
683 2215 742 2252 ed.
758 2227 819 2264 pr.
839 2217 947 2255 ERN.
967 2218 1075 2266 Lips.
1089 2220 1176 2255 loco

290 2269 483 2305 cunctatio
498 2280 702 2317 perperam
715 2269 912 2316 conjectat
924 2272 1100 2308 tentatio.

301 2331 305 2335 ·
343 2321 533 2358 Hormine
564 2323 609 2359 id
641 2321 860 2372 ingenium]
899 2324 927 2360 i.
961 2335 996 2361 e.
1032 2325 1170 2361 inven-

288 2378 393 2426 tum,
417 2379 463 2412 ut
488 2386 552 2423 ap.
577 2375 679 2412 Plin.
708 2377 804 2413 Pan.
822 2388 856 2413 c.
878 2382 945 2416 49.
974 2380 1170 2428 exquisita

288 2429 446 2476 ingenio
464 2441 671 2467 coenarum.
694 2428 765 2466 ubi
783 2442 821 2467 v.
851 2430 1110 2476 Schwarzius‚
1130 2435 1171 2468 et

286 2482 335 2518 ad
354 2493 386 2518 c.
409 2486 474 2519 25.
529 2484 604 2520 Pro
619 2483 821 2521 semime-es
840 2482 960 2534 (quod
985 2486 1027 2522 in
1044 2484 1164 2535 Bud.)

286 2535 371 2572 MS.
405 2537 503 2584 Reg.
533 2537 631 2585 Agr.
658 2539 701 2573 et
726 2537 786 2574 ed.
816 2549 878 2585 pr.
911 2540 1167 2576 smnianimes.

284 2589 423 2626 Paullo
465 2594 559 2627 ante
602 2590 705 2626 edidi
734 2598 972 2641 >prensarent*
1014 2604 1036 2628 e
1083 2592 1169 2629 MS.

286 2643 417 2680 Guelf.
437 2644 497 2680 ed.
515 2656 575 2692 pr.
597 2655 668 2692 pro
679 2644 854 2693 prebens.
899 2646 1009 2684 ERN.
1065 2646 1169 2683 Bud.

285 2707 440 2746 quoque
461 2703 705 2747 prensarent.
736 2698 830 2747 Bip.
856 2703 960 2735 recte
979 2700 1033 2736 ad
1059 2701 1169 2749 inge-

283 2753 408 2789 nium.
465 2751 560 2788 Mox
596 2763 631 2788 c.
664 2751 762 2800 Agr.
797 2755 837 2788 et
866 2753 964 2801 Reg.
990 2753 1089 2791 Lall.
1124 2759 1169 2790 at

283 2805 483 2843 Messalloe
501 2805 704 2842 traditum.

335 2858 397 2895 Et
426 2860 533 2895 omni
561 2859 738 2907 imagine
766 2857 968 2908 mortium]
1027 2861 1166 2897 Poetas

283 2906 478 2957 imitatus,
507 2913 719 2961 imaginem
748 2924 820 2960 pro
841 2924 984 2960 genere
1010 2913 1110 2950 dixit
1127 2918 1168 2950 et

281 2965 471 3012 exemplo.
512 2966 622 3003 ERN.
671 2966 732 3003 cf.
759 2966 869 3014 Virg.
896 2967 990 3004 AEn.
1012 2971 1051 3012 2,
1071 2970 1166 3006 369.

281 3016 376 3054 Mox
394 3017 496 3054 Butl.
516 3020 627 3056 tertie
646 3020 789 3056 decime
806 3021 1051 3069 septimeque.

334 3070 567 3118 Superjacta
600 3072 695 3121 tela]
756 3073 818 3109 Sic
854 3073 952 3109 bene
985 3073 1089 3110 Flor.
1126 3077 1167 3110 et

277 3123 381 3161 Bud.
403 3135 473 3172 pro
492 3125 594 3172 vulg.
612 3127 840 3176 superjecta.
885 3126 985 3163 Vide
1002 3127 1106 3163 infra.
1125 3132 1164 3172 5,

279 3179 317 3214 6.
353 3180 393 3214 et
429 3178 523 3214 Sall.
556 3180 621 3214 Fr.
652 3191 686 3216 c.
732 3184 790 3217 12.
828 3180 922 3217 eod.
950 3180 1050 3228 Agr.
1084 3192 1164 3218 non

277 3230 380 3267 male
396 3231 672 3279 superjactata.

330 3284 548 3332 Balistam]
599 3285 781 3321 Muretus
810 3288 962 3331 molem,
981 3287 1111 3322 forsan
1141 3298 1162 3321 e

276 3338 419 3374 codice.
474 3339 528 3375 Et
546 3339 631 3374 cod.
658 3339 757 3385 Agr.
776 3340 913 3375 molem
931 3341 1040 3385 valli,
1060 3339 1163 3387 glos·-

277 3402 395 3429 sema.

331 3444 504 3492 Disjecie
551 3440 764 3494 obruitque,
809 3456 902 3493 quos
951 3444 1156 3494 inciderat]

1229 2068 1378 2103 vereor,
1399 2069 1449 2093 ne
1471 2058 1634 2094 Tacitus
1653 2059 1854 2106 scripserit
1871 2061 2113 2112 obtrivitque,

1229 2111 1333 2158 quod
1360 2113 1543 2148 convenit
1567 2111 1638 2148 tali
1666 2113 1867 2150 machinae.
1919 2115 1975 2152 Et
1993 2115 2112 2153 inane

1230 2168 1314 2201 erat
1334 2165 1462 2202 obruit
1479 2165 1636 2211 addere,
1654 2166 1758 2214 quod
1775 2178 1823 2204 ex
1841 2167 2031 2206 inciderat
2050 2170 2111 2207 in·

1228 2218 1354 2265 telligi
1373 2221 1516 2266 potest.
1570 2219 1748 2268 Vestigia
1766 2219 1851 2267 ejus
1869 2219 2048 2260 lectionis
2068 2223 2111 2262 in

1224 2272 1517 2319 corruptissima
1538 2272 1597 2308 ed.
1615 2283 1675 2320 pr.
1695 2274 1914 2322 scriptura:
1944 2275 2110 2324 disjecta

1224 2325 1468 2374 breviterque.
1526 2325 1658 2373 Atque
1686 2326 1806 2363 etiam
1833 2326 1929 2364 alibi
1955 2327 2109 2367 librarii

1224 2378 1279 2414 sic
1297 2383 1575 2426 permutarunt
1595 2380 1671 2416 ista
1689 2380 1822 2417 verba.
1859 2381 1922 2418 Sic
1940 2392 2003 2430 ap.
2024 2383 2109 2421 Liv.

1225 2437 1265 2476 3,
1288 2434 1351 2468 56.
1371 2443 1441 2479 pro
1460 2432 1689 2477 oliti-ivisset,
1710 2432 1752 2470 in
1775 2444 1848 2470 scr.
1877 2437 1915 2471 et
1936 2435 2022 2473 edd.
2047 2447 2109 2473 re-

1222 2488 1378 2533 pertum
1398 2483 1595 2531 obruisset,
1613 2485 1683 2522 ubi
1701 2499 1738 2524 v.
1753 2487 1956 2525 Drakenb.
1991 2486 2109 2527 Certe

1222 2537 1402 2583 Tacitus,
1423 2539 1455 2574 si
1484 2538 1610 2576 obruit
1635 2541 1867 2588 scripsisset,
1893 2552 1972 2578 non
2000 2542 2109 2580 addi-

1223 2591 1358 2638 disset,
1381 2593 1423 2629 iu
1449 2605 1542 2641 quos
1563 2594 1778 2632 ivwiderat:
1806 2605 1898 2631 nam
1928 2596 2002 2632 hoo
2024 2595 2108 2644 jam

1224 2650 1283 2682 est
1310 2646 1352 2682 in
1375 2646 1495 2683 verbo
1522 2646 1650 2684 obruit
1664 2660 1675 2682 .·
1711 2648 1778 2684 sed
1806 2655 2107 2698 oppugnatore-r,

1221 2699 1436 2744 subeuntes,
1473 2703 1544 2735 aut
1590 2699 1716 2737 simile
1756 2701 1872 2750 quid:
1922 2705 1967 2739 ut
2010 2703 2107 2740 adeo

1223 2753 1334 2790 nullo
1358 2753 1473 2789 modo
1503 2754 1550 2789 de
1568 2754 1737 2791 veritate
1758 2755 2013 2792 correctionis
2037 2767 2107 2794 no-

1222 2810 1312 2843 strae
1330 2805 1502 2843 dubitari
1523 2812 1657 2855 queat.
1707 2809 1827 2845 Porro
1845 2820 1938 2860 quoe
1955 2809 2107 2846 habent

1221 2860 1326 2897 Flor.
1349 2858 1482 2910 (Bud.)
1504 2858 1598 2908 Agr.
1617 2861 1747 2898 Guelf.
1762 2861 1848 2898 edd.
1865 2873 2014 2908 omnes,
2033 2874 2106 2910 pro

1223 2914 1265 2950 in
1281 2910 1377 2963 quos
1390 2927 1401 2949 :
1431 2925 1481 2949 ne
1505 2915 1592 2961 qu&
1610 2914 1767 2952 haereat.
1795 2924 1888 2952 uam
1905 2918 1947 2952 et
1963 2916 2019 2952 sie
2036 2915 2106 2953 alii

1222 2967 1427 3004 dixerunt:
1477 2978 1713 3015 quamquam
1749 2980 1829 3005 non
1863 2969 2102 3017 negandum,

1219 3020 1401 3058 librarios
1433 3032 1534 3069 saepe
1568 3021 1610 3056 in
1635 3022 1756 3069 hujiis
1783 3020 1893 3058 verbi
1923 3026 2106 3060 constru-

1219 3075 1348 3110 ctione
1384 3074 1697 3122 przepositionem
1730 3078 1877 3112 temere
1909 3074 2102 3121 omisisse,

1219 3127 1287 3163 ubi
1328 3129 1375 3164 iis
1413 3128 1515 3164 docti
1552 3127 1627 3164 viri
1662 3139 1741 3164 non
1776 3138 1958 3177 paruere.
2012 3129 2103 3167 Vid.

1218 3180 1419 3218 Drakeub.
1453 3181 1618 3217 eundem
1653 3181 1702 3217 ad
1725 3181 1818 3220 ‘Lim
1851 3186 1892 3226 2,
1926 3186 1993 3219 30.
2033 3182 2102 3219 ubi

1217 3235 1322 3271 hunc
1338 3235 1465 3270 locum
1492 3233 1622 3270 Taciti
1645 3233 1783 3270 afferre
1799 3245 1878 3270 non
1897 3234 2071 3282 neglexit
2086 3248 2100 3282 ;

1217 3291 1279 3332 ut,
1299 3288 1331 3323 si
1354 3287 1454 3323 liber
1474 3286 1599 3323 bonus
1621 3288 1798 3335 juvaret,
1814 3286 1986 3324 libenter
2013 3290 2102 3339 quis

1219 3340 1406 3387 scriptum
1425 3352 1447 3375 a
1461 3340 1599 3376 Tacito
1613 3344 1824 3377 statuerem
1841 3353 1854 3387 ;
1884 3343 2101 3388 praesertim

1215 3405 1304 3429 cum
1324 3393 1435 3429 illum
1455 3394 1610 3431 modum
1633 3394 1813 3442 loquendi
1840 3394 1934 3431 alibi
1964 3396 2005 3432 in
2022 3396 2101 3433 Ta-

1215 3447 1294 3482 cito
1320 3458 1399 3483 non
1429 3446 1680 3492 observat-im,
1703 3452 1744 3484 et
1770 3449 1978 3496 scriptores
2000 3452 2099 3486 ,tau-

275 3500 449 3536 I'rimum
480 3499 526 3534 de
557 3498 700 3534 balista
727 3509 806 3534 non
835 3498 928 3534 satis
955 3500 1158 3534 commode
1212 3504 1298 3536 tum
1317 3501 1514 3537 inferioris
1533 3501 1657 3538 aetatis
1687 3513 1758 3550 pro
1778 3512 1824 3537 ea
1841 3503 1994 3539 ratione
2012 3501 2099 3542 lau-

275 3552 402 3590 obruit
416 3553 560 3591 dicitur
577 3564 585 3588 :
607 3553 672 3589 sed
688 3552 732 3588 de
746 3552 961 3599 majoribus
975 3552 1159 3598 molibus,

1214 3553 1371 3592 dentur.
1429 3555 1536 3593 ERN.
