2190 3880
664 136 746 214 1.1
759 164 818 213 Β.
850 160 936 212 IV.
990 142 1152 210 CAP.
1187 164 1264 209 55.
1806 162 1904 208 289

103 296 246 355 mala
253 295 548 372 fregissent.
620 290 768 345 Ante
795 289 972 344 Flacci
1013 282 1318 341 Hordeonii
1362 283 1586 349 caedem,
1610 284 1750 339 nihil
1778 303 1900 356 pro·
1915 296 1964 337 A.
1985 297 2039 337 U.

105 371 273 445 rupit,
287 375 400 440 ‘quo
426 365 731 436 conjuratio
755 361 1160 432 intelligeretur.
1237 354 1532 409 Interfecto
1563 356 1900 420 Hordeoni0‚
1914 354 2026 442 3324.

105 439 476 497 commeavere
490 437 674 503 ,nuntii
703 436 842 488 inter
862 432 1093 486 Civilem
1122 429 1547 500 Classicumque,
1566 428 1897 481 Praefectum
1942 430 2036 499 τί]

105 512 203 567 alae
227 507 604 565 Treverorum.
680 506 950 560 Classicus
972 503 1254 557 nobilitate
1276 500 1578 572 opibusque
1601 512 1724 551 ante
1752 502 1902 552 alios.
1919 517 1987 563 55

104 573 348 656 Regium*
373 581 449 634 illi
478 598 646 653 genus
668 591 723 632 et
749 595 879 650 pace
902 575 1147 646 belloque
1170 573 1312 632 clara
1334 569 1507 643 o'r'igO.
1584 569 1708 641 Ipse
1735 590 1764 622 e
1796 591 1906 623 ma..

97 656 316 728 joribus
345 654 456 708 suis
493 652 665 705 hostis
705 649 783 703 Po
830 649 900 701 uli
943 647 1178 699 Romani
1218 662 1378 716 quam
1416 642 1612 717 socius,
1631 641 1906 712 jactabat.

105 726 383 780 Miscuere
425 740 538 785 sese
565 722 746 786 Julius
780 669 954 772 {utor
992 730 1046 771 et
1074 716 1251 772 Julius
1279 713 1543 768 Sabinus:
1582 714 1672 766 hic
1699 711 1909 782 Trevir,

102 798 199 852 hic
234 797 469 869 Lingon.
540 794 715 848 Tutor
743 792 877 863 ripae
912 789 1094 842 Rheni
1124 808 1157 840 ‘a
1191 787 1409 840 Vitellio
1450 786 1769 857 praefectus:
1812 787 1910 839 Sa-

103 871 286 936 binuS,
312 874 472 940 super
498 866 715 918 insitam
741 864 1052 926 vanitatem,
1080 859 1228 929 falsae
1251 859 1430 929 stirpis
1458 858 1628 933 gloria
1658 859 1911 911 incende·

104 942 298 995 batur:
327 937 651 1010 provinciam
690 953 834 988 suam
874 932 952 986 D.
982 929 1148 998 Julio,
1161 950 1259 1002 per
1298 929 1505 982 Gallias
1544 930 1770 995 bellanti,
1799 947 1909 983 cor-

95 1030 225 1085 pore
248 1018 401 1084 atque
425 1007 676 1079 adulterio
700 1005 962 1077 placuisse..
994 1003 1069 1057 Hi
1095 1003 1312 1056 secretis
1340 1002 1676 1055 sermonibus
1698 1004 1909 1055 animos

107 1095 425 1138 ceterorum.
457 1079 702 1134 scrutari.
742 1075 1026 1148 ubi','quos
1065 1076 1285 1128 idoneos
1330 1071 1597 1144 rebantur,
1629 1077 1910 1128 conscien-

108 1157 188 1212 tia
212 1152 642 1218 obstrinxere,in
669 1146 1291 1219 coloniakAgrippinensi
1319 1146 1368 1197 in
1395 1147 1615 1198 domum
1645 1144 1913 1218 privatam

107 1227 459 1282 conveniunt.
487 1242 612 1277 nam
634 1222 849 1295 publice
865 1221 1057 1274 civitas
1078 1216 1274 1288 talibus
1305 1218 1533 1288 inceptis
1554 1218 1907 1273 abhorrebat:

85 1292 94 1354 f
108 1309 347 1360 attamen
373 1295 666 1368 interfuere
696 1293 915 1364 quidam
959 1291 1226 1344 Ubiorum
1257 1288 1726 1361 Tungrorumque.
1803 1292 1914 1345 Sed-

106 1371 344 1444 plurima
377 1369 455 1424 vis
486 1378 645 1440 penes
673 1364 1025 1434 Treverosac
1056 1363 1355 1434 Lingonas:
1380 1379 1496 1414 nec
1535 1362 1701 1414 tulere
1734 1378 1908 1418 moras

106 1439 471 1497 consultandi.
514 1438 761 1492 certatim
804 1435 1170 1507 proclamant:
1205 1432 1389 1506 furere
1428 1431 1908 1508 discordiisPopu-

107 1513 215 1573 lum
256 1511 566 1575 Romanum,
606 1527 752 1562 caesas
794 1508 1028 1579 legioneS,
1068 1514 1318 1559 vastatam
1368 1505 1596 1567 Italiam,
1631 1507 1760 1577 'capi
1798 1529 1915 1564 cumv

107 1585 331 1659 mxime
359 1583 551 1649 urbem,
578 1599 740 1634 omnes
765 1580 1003 1633 exercitus
1027 1579 1129 1632 suis
1156 1596 1395 1650 quemque
1433 1576 1575 1631 bellis
1608 1580 1840 1634 detineri.
1864 1584 1910 1636 εἰ

157 1751 347 1790 Anteibat
372 1748 487 1801 alios]
519 1747 686 1786 Brevius
705 1750 745 1783 et
761 1746 891 1783 verius
907 1744 985 1781 Va—
1039 1743 1104 1782 bat
1117 1758 1128 1780 .·
1147 1744 1271 1793 magis
1283 1744 1472 1783 laudabat
1489 1750 1529 1784 et
1545 1759 1585 1784 se
1601 1748 1744 1786 imitari
1758 1751 1912 1789 dicebat

106 1805 234 1858 timet
251 1805 513 1850 Covarruviae,
531 1809 621 1840 ante
638 1803 748 1839 alios.
790 1801 852 1838 Sic
870 1800 924 1837 H.
945 1805 984 1845 5,
1040 1810 1120 1844 eos,
1156 1800 1224 1847 qui
1257 1801 1400 1846 hostes,
1433 1813 1549 1850 quam
1583 1804 1648 1851 qui
1684 1805 1774 1841 socii
1812 1808 1911 1855 Pop.

111 1859 185 1899 12.Ἰ
238 1859 440 1909 Templum
477 1859 518 1895 in
556 1857 712 1894 modum
732 1857 862 1900 arcis,
895 1866 999 1904 pro-¹
1040 1854 1152 1890 Rom.
1172 1854 1357 1891 fuissent.
1407 1855 1522 1893 Certe
1541 1857 1582 1895 in
1601 1858 1761 1906 vulgata
1778 1867 1808 1897 ·e
1828 1874 1913 1899 ma..

102 1916 259 1967 priique
281 1915 386 1955 muri
411 1913 538 1954 labore
558 1917 596 1948 et
623 1915 848 1960 opere-ante
877 1910 985 1946 alios.
1030 1907 1186 1955 joribus
1218 1911 1313 1955 suis,
1347 1910 1483 1947 durius
1517 1915 1589 1950 est.
1645 1914 1752 1952 ERN.
1809 1915 1916 1954 Con-

104 1971 156 2008 A.
189 1972 225 2015 1,
245 1973 310 2009 27.
351 1965 420 2006 Cn.
435 1966 626 2004 Lentulus
642 1969 731 2002 ante
753 1965 850 2001 alios
874 1970 985 2000 oetate
1035 1964 1190 2010 jectura
1217 1963 1294 1999 ista
1322 1964 1488 2002 Merceri
1519 1971 1593 2012 est,
1620 1968 1796 2005 Pichenae
1824 1982 1915 2018 pro·

106 2030 145 2062 et
167 2023 302 2072 gloria
329 2021 430 2060 belli.
454 2060 457 2063 ,
485 2021 597 2058 Lu’s.
652 2018 859 2056 consentit
880 2019 983 2054 Flor.
1038 2016 1143 2056 bata.
1190 2018 1365 2055 Huetius
1407 2020 1580 2058 malebat
1620 2035 1644 2058 a
1686 2024 1780 2072 maj.
1816 2027 1913 2063 suis.

106 2077 206 2127 Agr.
226 2077 286 2114 ed.
302 2087 364 2126 pr.
397 2077 536 2123 Imque
557 2072 657 2110 bene
674 2073 756 2110 ibat
772 2084 795 2108 a
813 2072 983 2108 Pichena
1035 2071 1262 2120 Bip.emaj.
1278 2075 1359 2110 suis
1371 2075 1568 2123 explicant
1581 2079 1696 2114 natus
1711 2077 1844 2116 hostis.
1866 2081 1916 2118 In

105 2131 296 2169 deletum.
343 2130 452 2168 ERN.
498 2127 603 2166 Bud.
623 2132 713 2165 ante
731 2128 843 2164 alios.
860 2127 926 2163 sed
941 2131 979 2164 2.
1037 2125 1138 2163 Bud.
1157 2137 1182 2162 a
1203 2132 1237 2162 1.
1254 2139 1307 2165 m.
1328 2132 1414 2165 erat
1428 2130 1522 2178 ipse,
1537 2131 1643 2167 unde
1655 2137 1700 2168 Q.
1718 2145 1770 2170 m.
1803 2136 1846 2171 Is
1862 2147 1916 2174 se.

107 2196 163 2225 m.
179 2185 326 2223 addidit
343 2185 425 2222 ibat
439 2185 482 2221 in
499 2181 691 2229 margine.
726 2194 728 2196 ’
1089 2180 1174 2217 Hic
1199 2181 1349 2229 Trevir‚
1366 2183 1429 2220 llic
1446 2184 1622 2235 Lingw]
1661 2187 1843 2225 Alterum·
1871 2189 1915 2227 in

163 2240 303 2278 Hostis
323 2239 471 2289 Populi
497 2237 682 2283 Romani,
708 2248 824 2285 quam
844 2236 983 2281 socius,

93 2292 300 2344 jactabat]
339 2290 610 2330 Sic‘restitui.
661 2290 983 2335 Transmarinum

108 2353 150 2386 et
167 2345 324 2398 elegans
342 2346 493 2384 dicendi
514 2355 638 2393 genus
664 2349 739 2387 est,
747 2343 880 2392 jactat
906 2356 984 2381 esse

106 2403 262 2440 soeius:
289 2401 391 2451 quod
419 2399 528 2449 plebs
541 2399 706 2444 dixerit,
716 2398 844 2445 jactat
861 2410 901 2434 se
921 2410 981 2434 so—

108 2457 214 2494 cium
233 2467 329 2504 esse.
373 2455 570 2492 Homerus
587 2454 635 2490 11.
661 2458 724 2499 13,
745 2457 808 2489 54.
832 2451 983 2504 ‘'Em-me

106 2509 144 2552 ἲς
163 2509 245 2552 Aule
267 2508 392 2560 ὤχετ’
405 2506 590 2562 ἒςισθενίος
610 2506 699 2548 πάϊς
713 2504 808 2543 εἶναι.
836 2510 876 2543 et
903 2517 985 2542 cre-

110 2564 185 2602 b'ro
200 2564 348 2601 Graeci:
379 2574 474 2611 quos
503 2573 602 2611 saepe
630 2565 670 2597 et
696 2561 813 2608 vulgo
841 2561 985 2596 imitati

108 2617 260 2663 Latini,
295 2617 361 2655 sed
392 2617 487 2653 locis
517 2615 631 2652 hodie
665 2615 745 2651 fere
778 2614 983 2661 corruptis.

107 2673 274 2711 Plautus
301 2670 484 2710 Asinaria
511 2676 552 2715 3,
579 2674 619 2715 3,
639 2674 705 2706 43.
740 2670 912 2717 Argenti
928 2669 986 2705 vi-

105 2727 218 2777 giuti
241 2727 360 2763 minoe
376 2738 435 2762 me
457 2725 568 2762 modo
588 2723 639 2760 ad
654 2728 811 2760 mortem
828 2723 986 2771 appule-

109 2787 219 2826 runt,
260 2781 368 2826 Quas
400 2779 510 2815 hodie
544 2777 758 2814 adolescens
791 2776 986 2813 Diabolus

107 2836 191 2883 ipse
218 2835 382 2871 daturus
411 2833 528 2870 dixit.
574 2831 634 2868 lta
660 2832 763 2866 enim
794 2841 986 2867 consensu

108 2887 383 2936 manuscripti.
415 2887 517 2923 sicut
551 2889 592 2921 et
625 2885 692 2921 illo
726 2885 985 2921 Bacchidibus

115 2947 154 2988 1,
184 2948 225 2989 2,
253 2947 318 2982 4¹7.
360 2941 463 2986 Eia,
497 2952 599 2976 nunc
634 2951 711 2977 esse
746 2951 817 2987 ego
853 2940 986 2987 opinor

111 2991 316 3041 Hercules,
352 3002 396 3032 tu
431 2999 559 3031 autem
594 2993 733 3030 Linus.
777 2993 986 3041 Apuleium

112 3062 160 3088 eo
201 3050 380 3098 exemplo
424 3048 623 3096 scripsisse
662 3057 838 3083 censeam
881 3047 908 3082 l.
946 3052 984 3086 7.

112 3106 292 3142 Summos
319 3105 382 3141 illi
403 3104 670 3152 promitterent
697 3101 852 3146 honores
880 3100 986 3136 hahi-

113 3160 197 3197 turi
217 3159 329 3195 mihi.
348 3169 418 3202 nec
436 3159 597 3193 mutem.
634 3155 822 3202 Virgilius
835 3155 933 3191 AEn.⁴
946 3159 986 3199 2,

114 3213 378 3267 377.—⁴sensit
407 3211 549 3247 medios
577 3210 752 3258 delapsus
781 3210 822 3245 in
851 3209 986 3244 hostes.

114 3267 228 3304 laps.
275 3265 481 3303 Consentit
508 3264 568 3300 ed.
596 3275 655 3311 pr.
683 3263 814 3302 Guelf.
847 3267 885 3297 et
899 3263 987 3299 edd.

60 3352 67 3356 ,
115 3323 252 3356 ceterae
269 3323 360 3357 ante
380 3320 484 3367 Lips.
506 3317 562 3367 (et
579 3318 661 3354 cod.
678 3316 800 3366 Bud.)
823 3318 858 3353 is
873 3329 923 3353 se.
944 3316 987 3351 E

114 3373 328 3421 majoribus
355 3377 429 3418 est,
461 3373 510 3408 ad
535 3373 756 3420 exemplum
794 3371 983 3417 majorum

113 3437 288 3464 suorum.
346 3425 526 3472 Dicebat,
547 3427 710 3472 majores
739 3436 828 3461 suos
859 3426 985 3460 hostes

114 3483 209 3529 Pop.
238 3481 289 3516 R.-
314 3479 444 3523 fuisse,
463 3491 674 3528 eorumque
701 3479 920 3527 exemplum
945 3491 985 3514 se

114 3534 238 3583 sequi.
256 3534 337 3570 Nec
351 3533 576 3577 absurdum,
591 3541 636 3571 ut
650 3534 801 3581 opinor,
814 3533 934 3568 foret:
951 3534 986 3568 is

112 3602 134 3628 e
149 3587 243 3636 maj.
261 3599 293 3623 s.
312 3587 431 3623 hostis
451 3587 499 3625 P.
520 3586 572 3623 R.
590 3603 706 3640 quam
721 3587 841 3626 socios
853 3586 986 3635 jacta-

187 3655 322 3694 v01..
354 3657 423 3692 11.
447 3656 507 3710 .¹’·
540 3655 580 3690 1.

1038 2235 1102 2286 ille
1114 2236 1260 2272 mutari
1276 2238 1444 2286 cupiunt
1461 2239 1587 2276 Rhen.
1613 2244 1652 2277 et
1679 2241 1786 2279 Pich.
1813 2245 1916 2292 quod

1038 2301 1114 2324 non
1136 2292 1394 2328 necessarium
1423 2303 1521 2339 esse,
1539 2293 1652 2331 hodie
1679 2300 1844 2337 constat.
1862 2299 1914 2338 V.

1037 2343 1156 2391 Ryck.
1179 2344 1262 2382 MS.
1280 2346 1412 2382 autem
1431 2347 1534 2384 Flor.
1553 2348 1671 2385 habet
1692 2352 1914 2401 Lingonus,

1036 2398 1135 2446 Reg.
1156 2398 1252 2447 Agr.
1271 2400 1330 2436 ed.
1350 2401 1662 2450 pr.'Lingoniu·s.
1710 2406 1914 2446 Broterius

1038 2452 1273 2500 suspicatur,
1303 2455 1498 2492 Romanos
1533 2457 1675 2494 dixisse
1709 2461 1916 2508 Lingonus

1038 2515 1109 2554 pro
1128 2507 1260 2556 Lingo
1278 2509 1340 2544 vel
1358 2510 1531 2558 Lingon,
1549 2515 1595 2547 ut
1614 2513 1732 2550 habet
1749 2515 1917 2553 Martia·

1038 2560 1086 2596 lis
1117 2566 1155 2604 8,
1174 2566 1241 2606 75,
1266 2566 1303 2599 2.
1347 2564 1459 2600 ERN.
1505 2565 1607 2602 Bud.
1635 2567 1808 2615 Lingon.
1837 2572 1916 2607 Ge-

1038 2614 1231 2652 minatum
1260 2628 1472 2663 pronomen
1501 2619 1562 2655 hie
1589 2623 1756 2659 occurrit
1785 2627 1825 2660 et
1846 2637 1912 2674 ap.

1040 2668 1146 2716 Virg.
1175 2670 1258 2706 Ecl.
1288 2674 1328 2715 4,
1349 2675 1416 2709 56.
1454 2671 1535 2709 Cic.
1566 2674 1612 2709 ad
1638 2676 1745 2714 Fam.
1774 2683 1813 2723 9,
1847 2682 1912 2717 16.

1040 2723 1157 2813 {mmo
1175 2735 1295 2772 supra
1308 2724 1358 2762 A.
1385 2730 1448 2772 14,
1469 2732 1504 2763 8.
1535 2726 1630 2765 Mox
1648 2729 1749 2767 Bud.
1767 2733 1916 2771 incede·

1064 2783 1118 2814 ut.

1093 2831 1258 2867 Animos
1286 2844 1318 2869 c.
1346 2833 1530 2884 scrutari]
1561 2836 1731 2874 Pichena
1747 2841 1915 2890 corrige·

1039 2884 1108 2920 bat
1123 2887 1305 2932 scrutati,
1324 2891 1364 2922 et
1377 2899 1465 2924 cum
1484 2892 1736 2936 sequentibus
1750 2896 1915 2944 conjun-

1039 2938 1180 2987 gebat:
1211 2939 1424 2989 eleganter,
1444 2943 1510 2979 sed
1538 2945 1620 2981 sine
1649 2946 1758 2984 libris
1775 2954 1814 2986 et
1834 2961 1914 2989 non

1041 2994 1270 3054 necessario.
1313 3007 1402 3032 mox
1446 2997 1505 3034 ed.
1550 3010 1609 3046 pr.
1655 3001 1913 3051 adstrinxere,

1043 3051 1137 3084 item
1181 3048 1442 3096 Tungrorum,
1461 3054 1507 3088 ut
1533 3053 1746 3092 Rhenanus
1776 3059 1913 3096 edidit.

1041 3102 1088 3137 V.
1106 3102 1154 3137 ad
1175 3107 1213 3146 2,
1238 3107 1297 3138 14.
1346 3103 1450 3141 ERN.
1498 3106 1599 3143 Bud.
1616 3113 1794 3149 scrutari.
1812 3113 1916 3160 quod

1042 3160 1198 3191 servant
1214 3156 1323 3193 Brot.
1343 3157 1440 3194 Lali.
1481 3160 1555 3196 Ast
1572 3161 1662 3210 Bip.
1682 3168 1859 3204 scrutati.
1926 3172 1934 3181 '

1098 3209 1235 3246 Omnes
1251 3212 1538 3250 exera—bellis
1553 3215 1730 3267 detineri]
1753 3221 1815 3257 Sic
1835 3221 1915 3257 cdi—

1041 3263 1078 3299 di
1100 3275 1145 3299 ex
1164 3264 1222 3300 ed.
1250 3277 1308 3312 pr.
1336 3276 1384 3302 ex
1411 3278 1489 3314 quo
1516 3269 1565 3306 ab
1594 3271 1743 3308 Puteol,
1767 3273 1911 3310 factum

1041 3318 1235 3363 destineri,
1261 3331 1331 3367 pro
1350 3332 1427 3368 quo
1455 3321 1580 3359 Rhen.
1607 3322 1644 3373 (e
1661 3325 1782 3376 Bud.)
1807 3329 1914 3364 dedit

1041 3372 1230 3416 distineri,
1256 3374 1358 3421 quod
1385 3378 1518 3412 tamen
1548 3381 1607 3414 est
1638 3383 1677 3415 et
1704 3380 1745 3415 in
1779 3381 1912 3418 Guel‘f.

1040 3425 1235 3471 Detiueri,
1250 3426 1274 3463 i.
1294 3439 1328 3464 e.
1348 3434 1553 3475 occupatos
1572 3442 1670 3478 esse,
1685 3431 1818 3469 verum
1838 3439 1912 3481 est,

1041 3491 1087 3515 ex
1105 3479 1167 3525 iis,
1187 3491 1272 3527 quae
1291 3493 1410 3528 supra
1427 3483 1473 3517 ad
1498 3487 1542 3519 A..
1565 3488 1628 3530 11,
1651 3491 1712 3530 le,
1732 3488 1914 3526 diximus.

1041 3534 1202 3581 Singula
1219 3535 1363 3583 singuli
1377 3537 1570 3572 exercitus
1589 3538 1689 3574 bella
1702 3539 1912 3584 habebant,

1040 3598 1117 3625 non
1164 3587 1343 3634 pluribus
1388 3588 1691 3642 distinebantur,
1725 3593 1914 3634 distrahe-

1161 3655 1195 3689 U
