2190 3880
605 134 690 183 m
706 135 764 185 B.
796 135 888 184 111.
919 137 1103 201 *CAR
1154 141 1232 185 13.

1758 145 1851 195 173

40 272 166 327 pars
194 257 465 311 Dalmatae
494 255 873 341 Pannoniique
897 268 1069 323 erant,
1091 277 1215 329 quae
1241 258 1540 330 provinciae
1565 261 1852 332 Vespasia·
1869 282 1922 321 A.
1942 284 1995 323 U.

39 346 114 381 no
137 330 477 394 tenebantur,
497 331 742 401 partibus
769 348 887 401 ejus
908 330 1322 401 adgregaverat.

41 398 230 462 electa,
253 410 332 464 ut,
354 402 549 453 ceteris
566 400 792 472 ignaris„
813 402 910 454 soli
924 402 992 453 ’in
1013 402 1284 471 principia
1301 399 1603 452 defectores
1626 405 1852 458 coirent.

42 468 259 521 Bassus'
306 471 491 537 udore,
509 489 599 524 seu
625 485 793 537 metu,
813 473 1062 542 quisnam
1087 473 1269 524 exitus
1292 470 1451 535 foret,
1475 472 1615 523 intra
1631 474 1851 526 domum

1397 329 1528 382 Nox
1557 335 1851 400 proditioni
1870 339 1980 428 [3213

1899 446 1964 484 70.

38 539 264 609 opperie
303 551 441 596 atur.
517 541 820 595 Trierarchi
849 555 1050 614 magno
1087 542 1323 595 tumultu
1350 542 1557 593 Vitellii
1587 543 1855 612 imagines

41 608 327 675 invadunt,
353 624 426 678 et,
453 614 640 684 paucis
676 614 1043 666 resistentium
1080 613 1439 677 obtruncatis»,
1469 624 1710 665 ceterum
1740 615 1854 666 vul-

79 697 160 746 us,
204 698 382 734 rerum
434 702 696 736 novarum
751 686 951 748 studiO,
997 685 1051 735 in
1089 684 1484 755 Vespasianum
1536 684 1862 736 inclinabat.

90 769 177 803 um
200 767 515 824 progressus
544 749 784 807 Lucilius
809 767 1085 807 auctorem
1112 773 1167 807 se
1195 755 1368 824 palam
1402 755 1628 824 praebet.
1670 754 1855 807 classis

39 820 356 875 Cornelium
395 823 632 876 Fuscum
682 824 1012 878 Praefectum
1055 826 1159 878 sibi
1202 827 1456 890 destinat,
1493 826 1587 894 qui
1627 843 1856 895 propere

37 891 366 955 adcucurrit.

442 895 641 948 Bassus
687 896 954 948 honorata
989 896 1237 948 custodia
1279 896 1586 948 Liburnicis
1626 898 1862 949 navibus

43 961 308 1015 Hadriam
345 978 648 1035 pervectuS,
672 986 704 1019 a
742 966 1013 1019 Praefecto
1053 967 1152 1019 alae
1192 966 1424 1018 Mennio
1468 966 1692 1031 Rufino,
1715 985 1853 1037 prae-

36 1033 233 1103 sidium
260 1034 371 1087 illic
392 1036 656 1106 agitante,
690 1038 938 1090 vincitur.
999 1038 1104 1089 Sed
1132 1037 1382 1088 exsoluta
1408 1037 1595 1088 statim
1617 1039 1854 1102 vincula,

33 1103 344 1167 interventu
386 1106 606 1172 Hormi,
635 1108 868 1161 Caesaris
907 1108 1108 1159 liberti.
1154 1108 1452 1176 issquoque
1489 1108 1628 1159 inter
1667 1108 1850 1170 Duces

29 1174 353 1230 habebatur.
397 1176 473 1230 At
501 1177 743 1244 Caecina,
770 1178 1078 1231 defectione
1105 1176 1288 1230 classis
1318 1177 1556 1247 vulgata,
1586 1178 1846 1248 primores
1875 1194 1935 1237 13

35 1245 433 1300 Centurionum
476 1260 531 1301 et
569 1267 772 1319 paucos
815 1249 1071 1313 rnilitum,
1099 1247 1291 1300 ceteris
1337 1266 1433 1318 per
1481 1247 1690 1311 militiae
1736 1268 1853 1309 mu-

34 1334 166 1369 nera
210 1318 484 1394 dispersis,
530 1321 819 1372 secretiora
861 1331 1160 1372 castrorum
1209 1318 1508 1385 adfectam,
1545 1319 1600 1371 in
1655 1319 1857 1389 princi-

30 1460 168 1506 classe,
185 1459 324 1508 inqua
341 1463 486 1506 essent,
504 1460 648 1509 quibus
668 1461 803 1499 invitis
823 1471 913 1510 par·

29 1521 89 1550 tes
122 1517 357 1552 mutaverat.
411 1514 476 1553 Ob
511 1527 629 1564 quam
663 1526 841 1553 caussam
874 1519 916 1552 et

969 1472 1028 1509 pr.
1065 1460 1161 1498 Mox
1189 1461 1414 1498 adcucurrit
1443 1462 1550 1498 Flor.
1580 1461 1664 1498 edd.
1693 1473 1751 1510 pr.
1799 1464 1860 1499 Pi-

967 1515 1080 1552 chen.
1108 1526 1140 1552 s.
1189 1516 1322 1552 Ceteri
1357 1526 1430 1552 scr.
1473 1520 1513 1551 et
1548 1515 1634 1552 edd.
1675 1519 1859 1554 accurrit.-

28 1567 254 1616 praesidium
290 1572 350 1606 est
383 1569 561 1607 additum
593 1568 781 1607 abeunti:
812 1569 917 1618 quod
970 1568 1078 1606 ERN.
1130 1569 1234 1606 Bud.
1260 1569 1447 1606 adcurrit.
1469 1569 1607 1605 Victor
1631 1569 1733 1605 male
1761 1571 1858 1606 cita·

28 1632 196 1668 quorum
239 1621 458 1668 hominum,
498 1622 642 1671 quibus
687 1622 913 1661 nominibus

27 1675 165 1721 fuerit,
182 1675 277 1724 quid
296 1675 487 1712 intererat
514 1676 632 1713 sciri?
662 1677 765 1714 Nam
791 1677 912 1713 lectos

27 1728 150 1767 fuisse
178 1739 200 1765 e
226 1729 501 1778 praesentibus,
521 1730 664 1778 quibus
692 1735 733 1768 et
762 1731 844 1779 ipse
872 1734 913 1767 et

27 1783 98 1832 qui
114 1782 176 1820 his
187 1793 278 1820 eum
297 1784 587 1831 commiserant,
598 1784 780 1830 fiderent,
800 1795 913 1820 nemo

26 1835 206 1885 ambigit.
262 1836 457 1874 Hadriam
482 1849 589 1885 vero,
617 1837 680 1880 vel
702 1837 795 1887 quia
823 1850 914 1874 eum

26 1890 111 1937 ipse
138 1890 271 1929 locum
297 1891 429 1940 elegit,
448 1891 510 1928 vel
534 1891 631 1940 quia
650 1891 914 1929 commOdissi-

27 1955 117 1981 mus
149 1950 236 1982 erat
268 1957 289 1980 e
318 1943 470 1982 vicinis.
527 1945 794 1992 Menius,nisi
821 1958 913 1982 cum

24 1997 268 2047 Vespasiano
285 1998 453 2045 faceret,
466 1999 535 2047 qui
550 1998 693 2037 liberto
711 2000 746 2047 ej
754 2012 797 2036 us
816 2000 913 2036 Bas-

26 2062 115 2090 sum
147 2051 245 2090 solvi
274 2051 437 2100 jubenti
473 2053 634 2102 paruit?
675 2053 816 2090 Vinxit
852 2054 913 2090 in-

26 2105 159 2152 terim,
177 2107 270 2156 quia
293 2106 330 2143 ei
354 2105 568 2154 diffidebat,
582 2110 654 2144 aut
679 2107 851 2143 diffidere
871 2119 912 2143 se

26 2158 200 2210 fingebat
234 2160 388 2207 privato
423 2160 524 2197 odio.
572 2162 742 2198 Praeerat
777 2164 912 2197 autem

24 2213 273 2262 praesidialis
302 2213 408 2252 illius
437 2214 585 2264 oppidi,
606 2218 651 2252 ut
677 2214 792 2252 multi
822 2214 909 2251 aliis

24 2267 191 2306 aliorum
207 2279 221 2315 ς
249 2278 378 2316 neque
394 2267 473 2305 alia
489 2268 535 2305 de
552 2279 706 2315 caussa,
725 2279 840 2316 quam
862 2272 910 2305 ut

24 2321 123 2360 illud
151 2320 202 2358 ab
235 2321 408 2359 hostium
437 2323 589 2371 impetu
619 2326 825 2364 tueretur:
870 2326 910 2359 et

22 2379 108 2413 tum
132 2375 296 2424 utique;
326 2387 375 2413 ne
394 2387 559 2424 quaeras,
577 2375 762 2425 quando?
793 2377 909 2413 Man-

23 2429 116 2468 dato
149 2430 276 2477 cujus,
313 2429 390 2468 nisi
423 2431 581 2468 Ducum
615 2430 909 2476 Flavianorum,

24 2483 93 2532 qui
118 2483 343 2532 praesidium
370 2483 427 2521 ibi
451 2480 723 2522 'collocandum
755 2483 909 2530 Judica-

24 2537 149 2574 runt?
170 2537 279 2579 Quid
296 2541 429 2574 actum
445 2542 583 2586 postea
600 2539 647 2575 de
664 2538 747 2583 illo,
766 2538 909 2581 tacuit,

23 2591 117 2639 quia
143 2595 216 2627 aut
241 2590 343 2628 nihil
370 2591 411 2628 in
439 2602 486 2627 eo
508 2591 718 2640 singularis
735 2592 906 2639 exempli

22 2648 218 2681 statutum
236 2648 312 2690 est,
328 2647 400 2681 aut
417 2644 455 2681 id
471 2645 635 2683 Tacitus
649 2645 691 2681 in
707 2645 830 2682 alium
847 2646 906 2682 lo-

22 2709 113 2735 cum
123 2700 355 2743 reservavit,
367 2709 411 2734 ac
428 2698 583 2734 tradere
596 2699 635 2735 in
653 2701 766 2746 parte
783 2699 905 2735 histo-

19 2752 169 2794 riarum
194 2751 337 2788 amissa
362 2751 599 2789 commodius
628 2752 770 2800 potuit.
826 2753 905 2789 De·
928 2778 932 2795 ,ι

21 2806 142 2854 nique
161 2805 249 2855 quis
266 2804 366 2842 hanc
383 2805 615 2842 scrutariam
631 2805 681 2843 ab
702 2805 904 2852 historico,

20 2863 62 2898 et
80 2864 163 2896 tam
180 2859 306 2908 gravi,
324 2858 528 2908 requirat?
560 2859 698 2896 GfloN.

79 2912 296 2952 Cornelium
346 2912 530 2963 Tuscum]
578 2913 682 2962 Lege
719 2911 902 2950 Fuscum.

19 2967 93 3005 Ille
110 2971 186 3014 est,
203 2969 271 3017 qui
292 2968 493 3015 superiore
512 2965 614 3004 libro
632 2978 665 3004 c.
685 2967 750 3003 86.
778 2965 903 3002 nomi-

18 3025 151 3060 natur.
181 3022 261 3059 Sed
281 3021 479 3058 Cornelius
495 3021 647 3058 Fusa-m·
665 3020 904 3057 Procurator

22 3073 264 3127 (Dalmatiae)
299 3074 438 3112 aderat
472 3076 608 3124 vigens
637 3079 765 3119 a’tate,
784 3074 903 3110 elaris

18 3129 227 3166 natalibus.
282 3129 336 3166 Et
353 3129 424 3165 hac
452 3128 495 3165 in
520 3127 624 3164 bello
646 3127 752 3164 civili
768 3138 901 3175 opera,

20 3182 98 3220 nisi
126 3183 256 3230 fallor,
274 3181 374 3219 bene
404 3182 563 3230 penitus
598 3182 640 3219 in
672 3181 902 3229 Vespasiani

19 3235 179 3273 domum
195 3235 426 3282 insinuavit,
446 3240 487 3274 et
502 3247 538 3281 ,a
554 3235 784 3273 Domitiano
801 3234 901 3272 1²1·ae-

17 3289 143 3327 fectus
158 3290 344 3328 Praetorio
359 3290 500 3327 factus.
553 3289 675 3326 Periit
702 3290 744 3326 in
768 3289 901 3334 Dacis,

19 3342 169 3380 infelici
194 3355 342 3393 pugna.
399 3343 611 3381 Suetonius
637 3343 785 3380 Domit.
807 3354 841 3379 c.
861 3343 899 3380 6.

20 3396 98 3433 Dio
126 3398 194 3442 68,
219 3402 260 3437 9.
288 3398 437 3435 Victor.
463 3396 667 3434 Juvenalis
695 3397 742 3432 de
763 3396 897 3433 eodem

20 3455 62 3495 4,
103 3452 191 3487 111.
260 3450 322 3488 Et
361 3453 431 3501 qui
469 3450 689 3488 vulturibus
723 3450 898 3488 servabat

19 3505 166 3544 ader-era
223 3503 365 3542 Dacis.

966 1626 1047 1660 tur.
1102 1622 1242 1668 Credo,
1270 1623 1506 1672 Eutropium
1537 1628 1577 1668 7,
1603 1627 1669 1660 ⁶24.
1706 1624 1747 1659 in
1774 1625 1859 1661 ani·

967 1683 1035 1712 mo
1053 1674 1236 1712 habuisse
1255 1674 1447 1724 Lipsium.
1485 1676 1584 1713 Bud.
1610 1677 1792 1714 Tuscum.

1021 1725 1205 1779 Propere]
1226 1730 1288 1767 Sic
1300 1730 1430 1767 Rhen.
1447 1742 1467 1766 e
1480 1730 1584 1766 Bud.
1599 1731 1716 1779 vulgo
1725 1744 1858 1780 prope.

1023 1782 1223 1820 Hadriam
1261 1782 1478 1833 pervectus]
1526 1784 1638 1821 MSS.
1681 1785 1780 1832 Reg.
1816 1791 1857 1821 et

968 1836 1070 1872 alius
1082 1847 1147 1885 ap.
1164 1834 1390 1873 Broterium
1407 1849 1417 1872 t
1437 1838 1532 1874 item
1552 1838 1611 1875 ed.
1631 1847 1689 1886 pr.
1709 1838 1856 1874 habent

968 1891 1095 1940 primo
1115 1891 1275 1928 Atriam
1293 1902 1372 1927 non
1390 1891 1602 1928 Hadriam.
1643 1892 1760 1932 Quod
1778 1903 1858 1928 non

969 1948 1028 1980 est
1043 1945 1090 1980 de
1117 1944 1254 1981 nihilo.
1307 1946 1460 1992 Nempe
1487 1949 1545 1981 est
1564 1946 1644 1981 haec
1662 1945 1756 1981 urbs
1775 1945 1855 1982 Tu-

966 1998 1053 2034 scioe
1067 2009 1155 2034 cum
1182 2002 1316 2046 portu,
1336 2011 1421 2047 quae
1440 2010 1503 2047 ap.
1536 1999 1724 2045 Plinium,
1741 2004 1783 2044 3,
1808 2003 1856 2035 16

970 2049 1072 2101 (20).
1097 2053 1221 2089 Atria
1250 2052 1448 2089 scribitur.
1481 2053 1620 2100 Itaque
1649 2052 1860 2089 Broterius

966 2105 1067 2141 hanc
1095 2106 1331 2154 scripturam
1359 2101 1530 2154 recepit:
1560 2106 1664 2154 quod
1692 2117 1772 2143 non
1793 2117 1859 2142 re-

966 2159 1218 2207 prehendam.
1254 2160 1344 2207 Sed,
1373 2160 1467 2209 quia
1497 2164 1633 2196 tamen
1661 2164 1721 2197 est
1751 2161 1853 2197 idem

966 2224 1124 2258 nomen,
1140 2212 1242 2261 quod
1254 2217 1414 2252 tantum
1429 2212 1645 2250 emollitum
1659 2218 1717 2251 est
1736 2214 1853 2262 paul·'

964 2267 1092 2312 latim,
1111 2271 1230 2315 atque
1248 2268 1368 2305 etiam
1381 2267 1522 2304 Strabo
1536 2268 1699 2305 Adriam
1716 2269 1855 2316 appel-

963 2321 1035 2366 lat,
1054 2319 1197 2369 reliqui
1225 2322 1459 2370 scripturam
1488 2318 1717 2359 molliorem.
1761 2324 1852 2359 Post

956 2381 1160 2424 pervectus
1196 2386 1217 2410 e
1254 2375 1340 2413 MS.
1376 2376 1481 2413 Flor.
1516 2376 1638 2413 edidit
1669 2376 1850 2412 Pichena.

966 2427 1230 2466 Consentiunt
1259 2429 1389 2467 Guelf.
1419 2429 1504 2467 edd.
1534 2431 1622 2467 Put.
1650 2430 1742 2467 Ber.
1759 2428 1848 2466 Alc.

964 2485 1103 2519 ceterae
1147 2481 1264 2533 (Bud.
1299 2482 1443 2534 Rhen.)
1476 2487 1690 2533 provectus.
1746 2483 1849 2520 Illud

964 2546 1115 2574 verum.
1129 2537 1176 2580 de
1189 2547 1326 2574 caussa
1341 2539 1465 2574 totius
1480 2538 1536 2574 rei
1555 2538 1642 2574 ride
1660 2538 1847 2574 Gronovii

960 2595 1094 2628 notam
1112 2587 1407 2641 praecedentem.
1431 2592 1537 2628 ERN.
1551 2591 1653 2637 Bud.
1665 2591 1850 2628 Adrimm

1011 2644 1055 2679 A
1072 2644 1198 2692 Proes.
1228 2646 1304 2682 αἶα.»
1331 2645 1503 2681 Menm’o·
1525 2644 1596 2693 R.]
1629 2645 1714 2682 MS.
1742 2645 1846 2683 Flor.

962 2694 1081 2746 (Bud.
1101 2708 1126 2733 a
1147 2703 1181 2734 l.
1198 2697 1268 2747 m.)
1300 2698 1487 2743 szennio,
1505 2699 1609 2734 unde
1636 2699 1674 2736 J.
1695 2699 1846 2734 Grono-

957 2751 1044 2787 vius
1063 2751 1298 2799 conjiciebat
1315 2751 1394 2788 M‘.
1406 2750 1447 2802 (i.
1465 2762 1499 2788 e.
1518 2751 1687 2799 Manio.)
1709 2752 1850 2790 Ennio

958 2800 1010 2851 R.
1038 2804 1129 2851 vid.
1154 2805 1204 2841 ad
1232 2806 1278 2842 A.
1312 2810 1348 2850 1,
1367 2810 1434 2842 38.
1467 2805 1579 2843 MSS.
1598 2805 1726 2842 vatic.
1744 2806 1842 2854 Agr.

960 2857 1020 2894 ed.
1049 2869 1107 2905 pr.
1126 2858 1382 2901 Juveniorum
1396 2872 1408 2895 .-
1439 2859 1542 2907 quod
1570 2859 1764 2896 nonnulli<
1784 2858 1871 2910 (ini,

957 2911 1018 2947 his
1039 2909 1171 2961 Grut.)
1190 2913 1442 2961 suspicantur
1457 2912 1527 2950 alae
1539 2924 1679 2949 nomen
1695 2914 1817 2950 fuisse
1831 2919 1845 2948 e

956 2965 1035 3001 nisi
1051 2965 1203 3002 inverse
1222 2967 1412 3015 scriptum
1430 2978 1502 3014 pro
1518 2967 1592 3004 viv.
1611 2971 1658 3008 ut
1674 2978 1776 3016 saepe
1801 2967 1845 3004 in'

957 3020 1017 3056 ed.
1040 3030 1099 3067 pr.
1118 3023 1158 3056 et
1175 3020 1279 3065 aliis,
1297 3025 1415 3068 atque
1435 3021 1525 3056 hinc
1544 3020 1641 3057 illud
1660 3021 1842 3070 juvenio-
1866 3064 1870 3067 ¹

955 3084 1043 3109 rum
1061 3077 1212 3111 natum.
1244 3075 1355 3111 MSS.
1374 3074 1532 3122 quidam
1548 3074 1697 3111 habent
1714 3075 1841 3112 Mema

955 3122 1048 3164 mio.
1083 3127 1190 3164 ERN.

1013 3180 1180 3218 Cesar-is
1195 3180 1342 3231 liberti]
1363 3179 1609 3231 Vespasiani.
1644 3180 1707 3219 Cf.
1727 3182 1781 3218 H.
1799 3180 1843 3228 2,

958 3238 1025 3272 80.

1009 3288 1165 3326 Secreta
1200 3287 1431 3338 castrorum]
1472 3289 1531 3326 Eo
1566 3288 1706 3333 refero,
1736 3289 1839 3337 quod

956 3341 1166 3379 dimisisset
1180 3342 1385 3391 plerosque
1405 3342 1590 3386 militum,
1603 3344 1737 3391 paucis
1750 3342 1837 3379 istis

952 3396 1130 3434 retentis.
1189 3397 1326 3444 Itaque
1344 3399 1537 3433 secretum
1551 3401 1590 3433 et
1607 3396 1774 3433 solitudo
1793 3395 1833 3430 in

952 3451 1102 3486 castris.
1158 3449 1333 3498 Alioqui,
1353 3450 1385 3487 si
1404 3450 1451 3486 de
1466 3450 1668 3498 principiis
1687 3446 1834 3500 capias}

437 3505 549 3543 ers.
618 3504 788 3543 Fuscum
832 3504 893 3542 ed.
948 3502 1081 3542 obstat
1113 3503 1327 3543 Romanus.
1355 3504 1471 3550 ritus,
1507 3504 1601 3551 qnia
1639 3502 1707 3540 illa
1739 3511 1832 3556 pars
