2190 3880
282 128 360 176 viii
1005 127 1433 180 ADDENDA.

351 256 528 304 shemio
552 256 810 320 intelligere
846 260 1161 308 Germanicum
1282 262 1560 308 dimicatum.
1601 261 1860 323 (Praeclara
1890 272 1938 312 et
1969 266 2085 314 mihi

352 330 400 368 et
436 323 795 399 magnitudinem
833 325 949 386 Imp.
989 325 1159 372 referre
1279 327 1377 372 haec
1400 326 1662 373 emendatio
1685 327 1907 389 videtur).

354 387 414 433 ad
436 390 640 448 ingerens
655 389 687 435 i.
704 405 744 435 e.
757 395 1015 446 ostentans,
1031 406 1158 438 com·
1214 407 1254 438 c.
1282 398 1359 438 81.
1394 393 1502 438 Peti
1522 394 1752 454 aggerem]
1782 394 1900 440 Cum
1922 394 2086 442 Frein-

350 451 612 500 mendando
635 453 888 500 inculcans.
1279 457 1455 503 shemio
1479 458 1645 504 iterum
1669 458 1807 504 facio.
1866 460 1972 506 Peti
1993 461 2084 506 sci-

286 535 331 566 c.
354 523 431 566 80.
456 519 562 564 Non
581 518 710 564 ultra
726 518 1001 580 dubitatum]
1033 519 1158 566 Nul-
1276 521 1386 567 licet
1409 537 1548 597 agger
1568 522 1599 568 i.
1617 539 1656 570 e.
1672 523 1866 569 materia
1881 523 2082 571 faciendi

351 583 424 630 lus
448 582 708 629 istiusmodi
743 583 1029 631 dubitationi
1052 593 1159 647 post
1279 588 1460 648 aggeris
1484 588 1657 649 potuit,
1681 589 1721 634 si
1745 588 1868 634 forte
1884 589 2083 652 impetus

350 649 519 695 initam
576 646 679 710 jam
733 664 957 724 pugnam,
1014 649 1158 697 locus.
1278 653 1326 697 in
1360 653 1670 715 expugnando
1693 652 1883 700 castello
1915 668 2083 718 parum

348 712 653 761 Scribendum
678 714 893 762 existimo
922 730 1011 762 non
1033 717 1159 762 ultra
1276 716 1560 780 procederet.

996 913 1358 940 ---*—-—

823 1065 918 1113 AD
948 1064 1322 1118 ANNALIUM
1355 1064 1412 1114 L.
1445 1065 1538 1114 111.

283 1208 324 1241 c.
356 1199 394 1239 1.
431 1192 649 1240 Proxima
671 1191 831 1253 maris]
859 1191 946 1238 Nil
967 1200 1155 1238 mutan·
1274 1192 1368 1239 huc
1391 1203 1514 1240 recte
1537 1193 1734 1241 refertur
1761 1199 1837 1251 14,
1860 1200 1908 1243 4.

348 1257 478 1313 dum,
512 1273 624 1304 nam
655 1273 712 1303 eo
751 1271 884 1303 sensu
926 1255 1157 1320 adjectiva
1210 1273 1250 1304 c.
1275 1265 1352 1306 20.
1387 1260 1592 1322 Excepta
1624 1262 1810 1307 vulnera
1840 1267 1999 1310 et—os
2030 1263 2079 1309 in

349 1322 635 1370 vicinitatem
659 1323 876 1369 notantia
890 1323 1032 1368 etiam
1049 1338 1155 1368 cum
1276 1319 1444 1370 hostem
1467 1325 1681 1386 intendit]
1720 1326 1749 1371 i.
1785 1341 1825 1372 e.
1859 1325 2076 1374 obvertit.

347 1389 554 1450 genitivo
590 1395 844 1434 struuntur.
885 1387 962 1434 Sic
1002 1386 1066 1434 H.
1103 1395 1152 1443 5,
1275 1387 1351 1434 Sic
1380 1390 1676 1454 interpungo.
1716 1389 1865 1455 (Idem
1891 1407 1920 1438 a
1942 1380 2077 1447 nobis

350 1454 426 1500 16.
458 1456 674 1516 propiora
687 1452 906 1516 fluminis.
931 1459 979 1498 et
999 1459 1048 1507 3,
1072 1457 1153 1500 42.
1273 1451 1496 1509 factum).

300 1527 302 1529 ’
344 1534 428 1581 per
456 1522 666 1582 proxima
699 1519 896 1565 litorum.
965 1516 1151 1564 Sallust.
1208 1535 1248 1565 c.
1289 1524 1368 1566 22.
1409 1520 1554 1568 Vertit
1599 1537 1654 1568 ac
1696 1502 1876 1568 miscuit
1919 1522 2018 1568 iroe
2031 1526 2078 1566 et

343 1583 455 1646 Jug.
513 1599 553 1631 c.
597 1587 679 1631 48.
732 1582 893 1630 Media
932 1583 1149 1645 planities
1268 1584 1397 1631 clem.
1405 1585 1559 1646 signa]
1588 1585 1841 1638 Commode
1856 1587 1993 1632 vertit
2015 1584 2076 1631 ad

344 1651 535 1704 deserta,
556 1647 941 1718 praeterfluminis
952 1650 1147 1711 propin·
1269 1649 1588 1697 adcusativum
1603 1648 1828 1707 refertur,
1851 1666 1937 1698 nec
1953 1665 2070 1714 opus

344 1729 436 1775 qua
459 1715 572 1761 loca.
613 1713 693 1759 ubi
716 1712 864 1777 plulma
1269 1705 1480 1761 absolute
1504 1717 1640 1764 sumi.

278 1795 320 1826 c.
365 1785 412 1826 3.
455 1778 516 1825 Ut
554 1795 646 1841 par
689 1794 849 1824 moeror
892 1779 1005 1839 etc.]
1055 1778 1149 1826 Par
1202 1793 1243 1825 c.
1289 1784 1368 1827 24.
1416 1781 1472 1827 In
1513 1780 2070 1844 Rempublicam—domi]

342 1843 495 1891 luctus
530 1852 748 1890 externus
784 1842 881 1890 scil.
916 1849 1039 1891 esset.
1073 1844 1150 1891 Ita
1267 1843 1344 1890 Sic
1367 1846 1545 1892 variare
1569 1848 1830 1893 orationem
1842 1854 2071 1894 amatno-

340 1909 533 1955 verbum
567 1909 906 1962 substantivum
931 1907 1148 1971 frequens
1268 1918 1378 1965 ster,
1401 1926 1486 1956 nec
1510 1911 1620 1974 quid
1642 1911 1929 1959 mutandum.

340 1973 631 2029 subauditur,
670 1982 721 2020 ut
761 1981 803 2030 1,
841 1979 885 2030 7.
921 1972 987 2020 H.
1026 1982 1069 2030 1,
1101 1982 1146 2023 5.
1334 1976 1390 2022 In
1424 1992 1522 2037 quae
1556 1976 1700 2037 tendi]
1746 1974 1938 2023 Rectius
1970 1991 2072 2038 quae

339 2047 390 2094 3,
414 2047 494 2088 31.
526 2044 578 2094 4,
606 2046 681 2087 18.
714 2038 828 2085 Vita
850 2040 1011 2101 Agric.
1033 2046 1114 2087 35.
1268 2042 1456 2088 intendi.
1479 2049 1532 2087 ut
1554 2040 1677 2105 apud
1693 2039 1882 2089 Sallust.
1898 2036 2012 2104 Jug.
2028 2057 2072 2089 c.

276 2119 317 2154 c.
336 2111 382 2152 5.
424 2106 568 2152 Tanto
588 2104 984 2168 plura—quanto]
1007 2103 1146 2151 Simi-
1272 2110 1380 2177 104.
1434 2144 1437 2145 γ

341 2171 399 2217 lis
434 2178 668 2217 structura
700 2177 743 2226 1,
769 2169 847 2217 68.
893 2173 944 2224 4,
967 2176 1047 2218 48.
1094 2170 1144 2226 6,
1301 2172 1425 2218 Per
1462 2173 1678 2232 insignem
1714 2165 1995 2220 nobilitatem
2028 2177 2074 2218 et

335 2241 417 2283 45.
1266 2237 1381 2298 eloq.
1429 2235 1731 2313 praecellebat]
1791 2235 1920 2298 Lege
1965 2251 2071 2282 cum

272 2317 313 2350 c.
339 2300 386 2349 6.
421 2302 564 2363 quue
587 2306 632 2347 et
651 2299 757 2361 sibi]
807 2298 924 2346 Noli
950 2307 1146 2347 mutare.
1265 2299 1480 2347 Acidalio
1495 2308 1666 2365 praeter
1687 2305 1718 2349 i.
1743 2318 1788 2350 n.
1812 2307 1858 2348 et
1877 2301 2063 2364 (etiam)

290 2372 295 2377 '
408 2367 725 2430 Spectaculum
755 2365 955 2426 suberat]
996 2364 1072 2412 Sic
1098 2375 1145 2412 et
1264 2367 1379 2427 eloq.
1409 2383 1458 2428 p.
1483 2364 1561 2412 sed
1586 2382 1668 2429 per
1689 2366 2010 2413 nobilitatem
1996 2381 2068 2412 ln-

339 2432 437 2479 Cic.
461 2447 546 2495 pro
568 2431 676 2478 Mil.
705 2431 778 2478 16.
813 2428 1070 2494 Hegesipp.
1100 2439 1145 2486 1,
1264 2430 1421 2493 tellige
1476 2431 1716 2494 diguitatis
1762 2429 2070 2495 splendorem,

338 2503 384 2546 8.
418 2496 556 2543 ovid.
579 2495 697 2543 Met.
727 2503 802 2551 11,
828 2499 939 2542 234.
1263 2504 1317 2542 ut
1341 2496 1389 2551 6,
1415 2502 1494 2555 29.
1527 2505 1574 2542 et
1596 2496 1758 2543 confer
1787 2501 1863 2552 14,
1892 2503 1968 2556 19.

273 2579 316 2611 c.
345 2570 418 2610 11.
437 2562 668 2608 Cohiberet
685 2576 739 2607 ac
753 2560 995 2624 premeret]
1025 2558 1144 2623 Syn·
1199 2575 1239 2607 c.
1265 2561 1343 2608 26.
1378 2563 1448 2607 Ac
1471 2577 1573 2608 mox
1594 2556 1933 2608 Atheniensibus
1960 2576 2005 2622 q.
2032 2561 2087 2609 i..

337 2628 528 2690 onymia
577 2627 677 2672 haec
721 2634 792 2673 est
826 2632 872 2672 et
919 2625 1063 2672 Plinii
1095 2627 1143 2672 in
1263 2632 1308 2672 et
1324 2626 1392 2688 pl.
1419 2626 1559 2673 Solon
1576 2626 1649 2690 p.]
1689 2625 1859 2673 Malim
1889 2642 1944 2672 ac
1965 2641 2068 2677 mox

334 2693 512 2754 Paneg.
535 2708 576 2739 c.
598 2697 647 2738 4.
1262 2691 1604 2738 Atheniensibus
1631 2691 1727 2754 (vel
1747 2692 1905 2755 potius
1921 2690 2065 2738 Athe-

268 2775 309 2806 c.
339 2763 412 2805 14.
444 2759 688 2819 Nunquam
708 2759 820 2808 satis
844 2755 1036 2816 credito]
1064 2755 1141 2803 Ita
1258 2756 1500 2815 niensium)
1522 2772 1633 2818 quas
1648 2765 1738 2804 etc.
1766 2755 1944 2818 (Facile
1961 2770 2070 2819 pro-

336 2823 497 2869 Livius
519 2827 570 2878 4,
595 2829 674 2869 51.
707 2828 790 2881 29,
813 2828 893 2878 37.
927 2827 1009 2880 39,
1034 2821 1113 2869 56.
1259 2836 1429 2867 nomen
1443 2830 1700 2884 asequente
1711 2837 1822 2868 voce
1835 2820 2070 2871 absorberi

269 2905 311 2937 c.
340 2893 413 2945 17.
449 2888 650 2934 Biduum
669 2902 803 2950 super
825 2888 916 2933 haec
945 2889 1141 2948 imagine
1260 2887 1443 2950 potuit3
1480 2887 1532 2933 ni
1562 2902 1622 2934 ex
1653 2902 1782 2934 more
1805 2901 1890 2933 suo
1913 2885 2066 2932 varia-

334 2952 448 3013 etc.]
475 2951 728 2998 Tralatitia
749 2952 1035 3007 metathesis,
1052 2967 1138 3015 pro
1257 2967 1307 2996 re
1330 2952 1591 2998 orationem
1612 2951 1809 2998 voluerit
1830 2941 2030 3010 noster).

288 3012 290 3015 ’
333 3033 466 3081 super
504 3017 704 3071 biduum,
741 3015 846 3079 plus
882 3031 1022 3079 quam
1066 3016 1138 3062 bi-
1193 3032 1234 3063 c.
1258 3022 1337 3075 29.
1375 3017 1464 3069 Qui
1497 3015 1551 3075 ej.
1585 3033 1660 3080 pr.
1699 3016 1862 3064 occulti
1901 3016 2064 3063 illude·

334 3083 493 3138 duum,
519 3082 603 3128 hac
635 3083 832 3142 imagine
863 3090 952 3128 etc.
988 3089 1041 3127 ut
1070 3079 1137 3128 H.
1257 3081 1380 3141 rent]
1442 3080 1664 3128 Heinsius
1720 3081 1904 3128 occulte.
1971 3079 2065 3127 Sed

334 3154 490 3206 3,19.
533 3148 679 3208 thue
712 3148 910 3193 cumulos
941 3162 1140 3209 super—
1257 3145 1422 3192 videsis
1456 3150 1506 3199 4,
1537 3151 1610 3193 12.
1648 3150 1728 3194 40.
1762 3145 1842 3202 67.
1881 3140 1958 3200 14,
1981 3150 2062 3193 32.

333 3217 556 3261 incessere.
579 3227 619 3258 c.
644 3210 722 3257 26.
759 3227 857 3273 quce
875 3227 1009 3273 super
1029 3225 1138 3258 cun·
1258 3209 1446 3258 Sallust.
1469 3210 1581 3272 Jug.
1604 3226 1645 3258 c.
1669 3211 1748 3258 61.
1785 3209 2061 3257 Frontinum

335 3285 424 3325 cta.
459 3281 509 3330 4,
534 3281 612 3323 40.
639 3276 724 3322 tali
743 3291 876 3339 super
897 3291 958 3322 re.
993 3275 1068 3322 Sic
1091 3284 1140 3322 et
1260 3274 1403 3323 Strat.
1449 3282 1497 3331 2,
1538 3283 1587 3330 5,
1617 3281 1663 3323 8.
1718 3275 1972 3339 Vopiscum
2008 3275 2057 3322 in

287 3339 291 3345 ’
333 3345 458 3390 Anu.
480 3346 531 3396 4,
557 3348 603 3389 5.
652 3340 876 3389 Misenum
899 3342 1024 3403 apud
1047 3350 1136 3387 etc.
1256 3339 1412 3387 Aurel.
1438 3356 1479 3387 c.
1503 3346 1583 3395 24.

271 3427 312 3457 c.
340 3417 413 3468 19.
448 3408 493 3453 Is
516 3406 631 3468 finis
651 3404 756 3468 fuit
789 3407 1041 3452 ulciscenda
1079 3407 1137 3453 G.
1191 3421 1231 3453 c.
1256 3410 1334 3452 34.
1370 3406 1527 3452 Multa
1551 3403 1740 3466 duritie]
1781 3402 1869 3451 Vel
1892 3384 2060 3452 duritie

330 3471 497 3532 morte]
526 3470 719 3517 Rectius
732 3471 994 3519 ulciscenda:
1014 3486 1134 3517 mor·
1254 3477 1324 3516 est
1344 3486 1430 3532 pro
1447 3472 1629 3518 duritiei
1652 3470 1724 3517 vel
1739 3468 2059 3536 exponendum
2139 3522 2147 3532 ,

334 3542 407 3593 tis,
431 3543 483 3584 ut
514 3550 556 3584 c.
587 3540 666 3584 43.
701 3543 749 3582 et
773 3534 913 3599 vulgo
961 3533 1131 3600 Neque
1254 3536 1400 3583 multa
1421 3551 1475 3584 ex
1500 3536 1680 3584 duritie.
