2190 3880
319 144 416 194 266
934 137 1540 205 HISTOIUARUM

183 281 307 320 A.U.
323 264 577 335 prodesse
605 265 796 332 virtus,
821 265 933 332 fors
960 279 1161 333 cuncta
1187 271 1406 332 turbare
1430 281 1487 324 et
1510 271 1830 343 ignavorum
1851 290 1997 345 saepe
2023 275 2143 330 telis

198 339 292 405 8233
321 337 604 398 fortissimi
645 339 854 397 cadere.
929 338 1096 412 Apud
1125 341 1430 396 Germanos
1458 344 1766 407 inconsulta
1791 344 1896 406 ira:
1939 346 2146 408 Roma..

192 392 422 493 ‘³7·Of“nus
451 411 622 476 miles,
649 412 1013 484 ¹periculorum
1053 429 1273 483 gnaruS,
1299 413 1525 469 ferratas
1563 415 1740 482 sudeS,
1767 418 1957 488 gravia
1993 437 2144 486 saxa,

190 490 194 496 '
321 501 431 538 non
471 482 615 536 forte
644 484 908 555 jaciebat.
983 483 1098 537 Ubi
1137 503 1300 538 sonus
1346 486 1707 553 molientium,
1744 499 1839 551 aut
1875 490 2142 562 adpositae

301 555 733 614 scalaehostem
772 556 827 608 in
867 573 1058 614 manus
1096 555 1375 622 dederant,
1405 558 1703 629 propellere
1741 561 1997 629 umbone,
2030 562 2144 634 pilo

321 628 503 697 sequi:
547 629 763 692 muthS,
792 628 845 680 in
877 627 1086 679 moenia
1121 645 1384 699 egreSSOS,
1413 631 1746 702 pugionibus
1774 631 1977 694 fodere.
2024 635 2144 691 »Sic

236 711 308 764 30
321 700 588 759 exhausta
611 711 788 764 nocte,
818 717 1014 753 novam
1041 698 1215 754 aciem
1237 701 1351 753 dies
1389 703 1620 770 aperuit.
1696 701 2017 759 Eduxerant
2035 706 2146 760 Ba-

321 773 432 826 tavi
479 772 689 837 turrim,
735 770 942 842 duplici
993 771 1258 838 tabulam,
1299 792 1482 845 quam,
1527 774 1810 839 Praetoriae
1856 789 2031 848 portae
2063 779 2144 845 ·(is

321 844 662 915 aequissimus
707 843 883 908 locus)
929 845 1406 915 propinquantem,
1446 847 1683 918 promoti
1738 862 1932 903 contra
1978 849 2144 909 validi

318 934 522 973 asseres
559 930 615 968 et
653 917 884 970 incussae
925 917 1123 968 trabes
1146 916 1471 988 perfregere,
1511 918 1682 972 multa
1719 922 2145 992 superstantium

320 989 578 1061 pernicie.
655 988 1080 1061 Pugnatumque
1125 989 1180 1041 in
1234 990 1508 1060 perculsos
1561 991 1743 1050 subita
1787 1003 1844 1046 et
1885 1011 2145 1066 prospera

317 1061 623 1133 eruptione.
678 1061 853 1121 Simul
875 1080 907 1113 a
927 1061 1260 1133 legiona1·iiS‚
1285 1063 1480 1132 peritia
1513 1075 1568 1115 et
1594 1076 1711 1117 arte
1738 1067 2144 1135 praestantibuS,

319 1134 476 1205 plura
506 1135 871 1189 struebantur.
950 1133 1300 1205 Praecipuum
1333 1153 1586 1206 pavorem
1616 1134 1801 1197 intulit
1818 1146 2144 1210 >suspensum

318 1218 374 1262 et
421 1218 620 1262 nutans
665 1207 1186 1271 machinamentum,
1230 1223 1340 1277 quo
1388 1220 1613 1279 repente
1647 1207 1902 1275 demissO,
1949 1222 2149 1282 praeter

319 1297 537 1336 suorum
579 1298 672 1337 ora
712 1279 912 1351 singuli
955 1278 1199 1350 pluresve
1237 1279 1478 1334 hostium
1532 1279 1763 1338 sublime
1803 1281 1963 1353 rapti,
1987 1300 2145 1342 verso

317 1352 559 1424 pondere
599 1353 740 1406 intra
779 1366 956 1404 castra
993 1351 1431 1406 effundebantur.
1509 1352 1720 1417 Civilis,
1743 1355 1944 1407 omissa
1969 1373 2147 1426 oppu-

320 1425 525 1495 gnandi
555 1443 667 1496 spe,
695 1443 875 1476 rursus
906 1442 999 1495 per
1025 1424 1199 1476 otium
1229 1424 1528 1491 adsidebat,
1552 1426 1756 1482 nuntiis
1783 1437 1844 1480 et‘
1865 1427 2145 1499 promissis

322 1497 484 1553 fidem
516 1496 792 1568 legionum
823 1495 1151 1549 convellenS.

238 1564 300 1609 3¹
396 1569 541 1625 Haec
582 1571 632 1622 in
675 1569 973 1624 Germania
1010 1581 1136 1620 ante
1165 1567 1532 1625 Cremonense
1562 1569 1820 1641 proelium
1850 1581 2022 1642 gesta,
2049 1589 2143 1626 cu·-

259 1671 268 1673 ⁴
311 1642 407 1712 jus
436 1654 688 1694 eventum
719 1642 912 1694 litterae
946 1640 1115 1693 Primi
1145 1641 1374 1694 Antonii
1406 1641 1871 1713 docuere,.addito
1900 1642 2142 1699 Caecinae

318 1715 520 1768 edicto,
600 1713 683 1770 Et„
704 1713 1005 1766 Praefectus
1031 1713 1274 1766 cohortis
1301 1731 1330 1766 e
1355 1713 1532 1781 victis,
1560 1713 1793 1785 Alpinus
1821 1705 2144 1780 MontanuS,

319 1786 596 1840 fortunam
639 1789 873 1857 partium
915 1804 1152 1857 praesens
1191 1785 1482 1840 fatebatur.
1561 1787 1784 1839 Diversi
1807 1785 1936 1840 hinc
1963 1799 2143 1840 motus

318 1860 646 1912 animorum.
720 1858 946 1910 Auxilia
972 1876 1001 1910 e
1033 1858 1231 1922 Gallia,
1259 1859 1378 1928 quis
1410 1877 1510 1911 nec
1542 1877 1713 1923 amor,
1744 1877 1847 1912 -nec
1872 1859 2059 1913 odium
2088 1860 2146 1913 in

317 1943 520 2001 parteS,
551 1931 746 1984 militia
773 1931 889 1983 sine
918 1929 1159 1997 adfectu,
1186 1931 1532 1984 hortantibus
1562 1931 1866 1996 PraefectiS‚
1893 1932 2079 1985 statim
2112 1950 2147 1992 a

319 2004 543 2057 Vitellio
570 2005 910 2057 desciscunt:
953 2014 1106 2058 vetus
1133 2002 1286 2059 miles
1313 2004 1692 2056 cunctabatur.
1758 2003 1866 2057 Sed
1889 2004 2145 2076 adigente

320 2076 646 2130 Hordeonio
676 2075 1238 2140 Flacco,instantibus
1258 2073 1537 2141 TribuniS‚
1555 2077 1700 2128 dixit
1727 2089 2145 2142 sacramentum,

318 2167 428 2204 non
461 2149 630 2214 vultu,
660 2166 834 2220 neque
857 2147 1059 2213 anirn0,
1083 2148 1212 2200 satis
1241 2147 1561 2202 adfirmans:
1602 2160 1676 2214 et,
1699 2166 1823 2201 cum
1851 2147 2147 2219 ceteraju·

321 2221 610 2290 risjurandi
643 2221 811 2273 verba
836 2220 1207 2290 conciperent,
1241 2217 1548 2290 Vespasiani
1576 2238 1772 2274 nomen
1811 2220 2146 2285 haesitantes,

237 2302 305 2348 32
321 2306 415 2346 aut
434 2294 538 2346 levi
564 2309 836 2346 murmure
862 2302 917 2343 et
942 2291 1258 2363 plerumque
1281 2292 1515 2357 silenti0,
1544 2293 2004 2346 transmittebant.
2043 2292 2146 2345 Le-

319 2377 426 2419 ctae
455 2365 649 2419 deinde
678 2382 776 2436 pro
803 2365 1068 2416 concione
1088 2363 1333 2434 epistolae
1372 2363 1601 2416 Antonii
1641 2364 1709 2417 ad
1750 2363 2002 2429 Civilem,
2030 2382 2146 2417 sus-

318 2437 564 2508 piciones
603 2437 839 2490 militurn
879 2435 1186 2499 inritavere,
1226 2446 1500 2506 tamquam
1542 2435 1609 2488 ad
1649 2437 1854 2490 socium
1908 2436 2144 2508 partium

320 2511 559 2582 scriptae,
585 2521 641 2561 et
666 2509 733 2562 de
762 2508 1095 2562 Germanico
1128 2508 1374 2562 exercitu
1402 2507 1690 2561 hostiliter.
1767 2507 1911 2561 Mox
1950 2508 2145 2561 adlatis

317 2664 491 2713 Ryckius
524 2675 605 2703 non
639 2663 765 2713 magis
799 2662 846 2700 de
882 2663 1090 2701 Germanis
1125 2663 1205 2708 bic,

319 2731 438 2769 quam
462 2719 510 2756 de
525 2718 731 2764 Romanis,
748 2730 834 2757 esse
850 2729 1068 2756 sermonem
1086 2718 1206 2756 adno-

371 2829 645 2867 periculorum
657 2826 828 2878 gnarus]
848 2827 947 2865 Edd.
965 2829 1059 2865 ante
1075 2823 1206 2864 Rhen-

318 2895 469 2931 omnes,
499 2883 586 2923 MS.
619 2882 753 2920 Guelf.
787 2882 845 2931 (et
872 2879 992 2932 Bud.)
1023 2882 1204 2930 ignarus.

319 2939 428 2977 ERN.
473 2938 601 2976 alien.
617 2937 841 2974 emendavit
857 2948 906 2974 ex
925 2937 1098 2986 ingenio.

373 2994 566 3031 Pavorem
594 2991 750 3042 haulis}
790 2991 885 3030 Cod.
912 2992 1009 3040 Agr.
1037 2994 1079 3028 et
1105 2990 1203 3040 neg.

320 3048 419 3089 Lali.
438 3054 633 3087 terrorem.
690 3046 806 3084 Prius
823 3046 927 3084 Bud.
946 3046 1139 3095 ruptione.

316 3132 317 3135 η
378 3103 497 3141 Verso
522 3099 706 3150 pondere]
740 3100 930 3141 Machina
956 3101 1035 3139 fuit
1066 3097 1206 3136 similis

318 3156 587 3196 Archimedeae
600 3167 663 3204 ap.
686 3156 770 3193 Liv.
787 3158 855 3202 24,
869 3161 936 3194 34.
965 3155 1039 3194 Sed
1056 3157 1119 3191 est
1134 3153 1208 3190 ali-

317 3212 414 3262 quid
433 3210 685 3248 obscuritatis
707 3210 747 3247 in
763 3223 867 3248 verso
880 3210 1058 3260 pondere.
1102 3209 1206 3246 Nam

319 3267 361 3304 in
381 3265 548 3306 sublime
567 3263 826 3313 rapiebantur
852 3264 1022 3312 pondere
1042 3262 1207 3300 tolleno-

315 3321 398 3372 μίε,
420 3331 442 3359 e
459 3331 538 3368 quo
562 3330 703 3357 manus
720 3319 850 3355 ferrea
866 3318 1077 3367 pendebat,
1090 3318 1132 3355 in
1147 3330 1209 3355 so·

318 3377 403 3415 lum
436 3376 635 3424 depresso,
666 3375 713 3411 ut
744 3383 863 3410 naves
900 3374 1006 3420 apud
1038 3372 1208 3411 Livium.

318 3431 397 3468 Sed
411 3430 520 3479 rapti
532 3429 574 3466 in
587 3428 714 3466 altum
730 3427 869 3465 deinde
885 3427 1072 3465 dicuntur
1087 3427 1129 3464 in
1144 3438 1207 3463 ca-

319 3490 405 3524 stra.
419 3483 535 3533 effusi
550 3495 654 3525 verso
668 3482 855 3531 pondere.-
885 3493 937 3519 sc.
954 3482 1206 3519 conversione

318 3541 487 3589 quadam
504 3537 686 3588 ponderis
703 3540 745 3574 et
764 3536 975 3575 tollenonis
1001 3536 1141 3585 ipsius,
1161 3541 1207 3574 ut

317 3605 459 3634 manus
478 3595 609 3634 ferrea
628 3603 761 3632 versus
784 3594 916 3631 castra
937 3595 1205 3642 torqueretur,

1259 2666 1301 2700 et
1317 2663 1420 2713 rapti
1439 2674 1560 2714 supra
1571 2666 1699 2701 castra
1714 2663 1947 2712 penderent,
1959 2665 2080 2714 atque
2090 2659 2147 2702 ita

1259 2718 1301 2756 iu
1318 2722 1447 2756 castra
1464 2719 1682 2768 praecipites
1695 2718 1901 2766 darentur,
1920 2718 1984 2756 vel
2000 2719 2147 2766 machi·

1260 2785 1321 2812 nae
1335 2774 1476 2820 totius,
1490 2784 1602 2811 verso
1617 2773 1702 2820 ejus
1720 2773 1892 2812 cardine.
1925 2774 2036 2812 ERN.
2084 2773 2149 2812 Cf.

1260 2827 1402 2876 vaget.
1423 2834 1466 2875 4,
1485 2833 1551 2866 91.
1568 2831 1610 2866 et
1628 2829 1782 2865 Festus.

1316 2883 1485 2921 Nautis
1513 2889 1552 2921 ee
1570 2881 1792 2933 promissis]
1824 2882 2017 2934 copulam
2044 2881 2145 2921 benc

1259 2937 1390 2983 Rhea.
1409 2938 1576 2976 inseruit
1588 2949 1610 2974 e
1628 2937 1732 2975 Bud.
1908 2972 1909 2976 ,

1322 2993 1486 3030 (foecinoe
1509 2991 1649 3042 edicto]
1682 2992 1721 3029 Is
1744 2991 1850 3029 enim
1870 2995 1956 3030 tum
1983 2990 2147 3030 Consul.

1261 3047 1428 3087 Videtur
1443 3047 1671 3085 cohortatus
1693 3057 1776 3084 esse
1794 3046 1922 3084 edicto
1936 3044 2034 3083 alias
2052 3045 2150 3094 legi-

1260 3113 1370 3149 ones,
1402 3105 1448 3139 ut
1473 3105 1605 3151 partes
1632 3100 1839 3140 Flavianas
1865 3099 2148 3150 amplecteren-

1260 3160 1342 3196 tur.
1396 3157 1505 3195 ERN.

1314 3211 1488 3261 Alpinus
1502 3208 1734 3260 Montanus]
1765 3208 1920 3256 Trevir,
1937 3208 1985 3246 de
2005 3220 2083 3258 quo
2102 3215 2150 3257 3,

1317 3317 1438 3358 Hort.
1457 3317 1679 3369 Proefectt's]
1709 3317 1813 3357 Bud.
1833 3316 2031 3355 Tribunis.

1321 3373 1447 3411 Verba
1460 3370 1715 3423 conciperent]
1747 3373 1823 3416 lta,
1837 3376 1885 3410 ut
1903 3372 2148 3420 praeibantnr

1236 3465 1238 3467 .
1264 3427 1397 3474 verba,
1422 3428 1742 3477 pronunciarent.
1797 3426 1971 3465 Verbum
1998 3429 2151 3477 propri-

1260 3494 1328 3520 um
1346 3482 1388 3519 in
1402 3482 1674 3532 jurejurando.
1728 3482 1842 3520 Unde
1859 3483 2048 3531 conceptis
2065 3494 2149 3522 ver-

1260 3536 1487 3631 Ιέᾀὲᾗανανε.
1541 3537 1691 3577 Eadem
1716 3536 1886 3576 formula
1913 3548 2003 3576 mox
2026 3547 2061 3575 c.
2079 3542 2146 3581 41.
