2190 3880
178 278 300 318 AUU

193 335 285 372 824.

183 389 297 427 A..c

206 445 274 486 71.

313 138 430 184 304*
930 130 1545 185 HISTORIARUM

314 259 578 315 acerrima
602 258 978 331 proximorum
1006 261 1134 314 odia
1159 273 1302 328 sunt,
1322 261 1526 314 invisus
1555 259 1826 315 avunculo
1854 260 2129 318 infensus-J

316 349 438 402 que.
513 331 685 384 Tutor
711 330 1067 386 Treverorum
1095 334 1297 403 copiaS,
1327 334 1528 386 recenti
1557 334 1924 405 Vangionum,
1952 334 2138 389 Cara:

313 404 538 468 catium,
565 402 923 457 Tribocorum
961 405 1170 456 delectu
1212 418 1415 467 auctae,
1447 417 1699 458 veterano
1739 407 1919 476 pedite
1943 420 2120 477 atque

312 477 498 546 equite
524 476 778 540 firmavit,
799 476 1080 546 conruptis
1108 489 1331 545 spe,aut
1353 488 1496 527 metu
1520 477 1758 528 subactis
1781 478 2119 549 legionariis:

313 547 423 618 qui
451 548 626 618 primo
655 548 958 611 cohortem,
987 546 1320 627 praemiss-am
1355 564 1387 597 a
1420 547 1652 599 Sextilio
1691 547 1888 613 Felice,
1911 550 2120 602 interfi-

312 619 495 685 ciunt;
542 637 672 671 mox
712 619 803 670 ubi
844 618 1027 670 Duces
1061 617 1438 687 exercitusque
1478 617 1778 671 Romanus
1795 622 2122 691 propinqua-

312 691 464 755 bant,
493 690 720 742 honesto
761 688 1065 758 transfugio
1102 688 1331 742 rediere:
1371 688 1569 741 secutis
1601 688 1852 743 Tribocis
1875 691 2120 774 Vangio-

311 762 580 831 nibusque
607 774 661 813 et
686 761 1059 813 CaracatibUS.
1111 759 1302 825 Tutor,
1330 759 1576 813 Treveris
1605 763 2014 829 comitantibuS‚
2042 765 2121 817 vi-

311 845 428 887 tato
458 833 836 902 Magontiaoe,
861 832 1136 903 Bingium
1149 833 1437 896 concessit,
1458 833 1627 885 fidens
1658 833 1798 899 loc0,
1825 835 1963 905 quia
1983 853 2132 906 pon*

312 916 422 957 tem
453 904 625 957 Navae
656 905 896 956 fluminis
924 904 1230 974 abruperat
1259 904 1351 956 sed
1389 906 1606 957 incursu
1633 905 1962 971 cohortium,
1985 925 2117 977 quas

310 975 570 1030 Sextilius
598 977 852 1040 ducebat,
879 988 934 1027 et
962 987 1173 1046 repelto
1213 976 1370 1042 vado,
1401 976 1644 1058 proditus
1684 978 1960 1048 fususque.
2036 978 2132 1032 Ea»

309 1049 462 1101 clade
500 1048 727 1119 perculsi
768 1047 1007 1113 Treveri,
1033 1060 1089 1100 et
1128 1046 1349 1129 plebes&
1363 1048 1577 1100 omissis
1614 1050 1795 1115 armis,
1810 1067 1918 1120 per
1941 1059 2116 1122 agros

308 1120 540 1192 palatur.
570 1120 786 1191 quidam
820 1119 1156 1191 Principum,
1186 1130 1245 1171 ut
1274 1119 1433 1190 primi
1462 1119 1704 1190 posuisse
1742 1121 1959 1175 bellum
1966 1123 2119 1176 vide-

309 1202 513 1258 rentur,
541 1192 597 1244 iu
634 1192 902 1256 civitates,
939 1210 1060 1261 quae
1100 1191 1417 1244 societatem
1460 1192 1767 1245 Romanam
1804 1210 1915 1246 non
1951 1211 2118 1247 exue-

309 1277 452 1330 rant,
480 1263 851 1336 perfugerunt.
930 1263 1196 1344 Legiones
1224 1283 1256 1315 a
1285 1263 1523 1317 Novesio
1566 1264 1916 1348 Bonnaque
1904 1283 1958 1317 m
1985 1264 2127 1319 Tre-s

310 1354 484 1401 verOS,
513 1349 571 1388 ut
609 1353 772 1406 supra
809 1335 1241 1398 memoravimuS‚
1270 1336 1553 1399 traductae,
1592 1355 1654 1388 se
1686 1336 1819 1407 ipsae
1857 1336 1942 1389 in·
1938 1334 2129 1391 verba.

310 1408 626 1479 Vespasiani
673 1408 918 1478 adigunt.
995 1406 1136 1460 Haec
1187 1407 1474 1459 Valentino
1517 1408 1764 1460 absente
1799 1420 1983 1481 gesta:
2021 1410 2130 1480 qui*

308 1481 403 1532 ubi
447 1480 775 1532 adventabat
806 1479 1004 1544 smenS,
1037 1490 1341 1548 cunctaque
1375 1497 1553 1532 r·u1sus
1594 1482 1649 1532 in
1691 1451 1876 1533 turbas
1917 1493 1972 1534 et
1993 1482 2110 1534 exi-

308 1551 447 1604 tium
469 1569 843 1616 conversuruS,
871 1550 1153 1621 sturiones
1141 1570 1195 1603 ιιι
1238 1550 1708 1634 Mediomatricos,
1735 1554 1938 1606 sociam
1977 1553 2113 1606 civi·

358 1674 564 1712 Acen-rima
577 1674 844 1723 proximorum
859 1670 966 1721 odia]
999 1641 1187 1721 Exsequi-

306 1731 377 1766 tur
394 1729 626 1766 Aristoteles
645 1728 795 1765 Politic.
816 1734 855 1773 7,
876 1733 914 1767 7.
949 1732 991 1764 et
1008 1738 1185 1764 caussam

305 1778 446 1820 donat:
468 1783 568 1820 vide.
598 1783 671 1820 Sed
689 1783 872 1828 breviter,
888 1794 958 1831 pro
969 1785 1104 1820 nostra
1116 1793 1181 1818 re·

303 1837 511 1887 proverbio
522 1837 717 1885 jactatum
739 1837 810 1883 ait,
837 1835 1009 1874 Xerxem>
1030 1835 1183 1883 πόλεμοι

305 1892 334 1930 ἆ
334 1888 484 1942 Σιλφων·
515 1908 596 1937 και,
616 1890 664 1929 01
665 1906 704 1928 τε
731 1890 826 1945 2⁹33oe
852 1890 1080 1944 στέρξαντες,
1099 1907 1128 1928 ω
1122 1887 1183 1928 ‘33

305 1961 371 1984 xm
392 1944 486 1999 ‘riga
503 1947 640 1995 μισῢσι.
686 1947 797 1983 LIPS.

361 2000 630 2051 Caracatium]
665 2001 873 2040 Cluverius
905 2000 1110 2037 Nemetum
1143 2002 1184 2036 et

303 2065 395 2092 mox
415 2055 655 2094 Nemetibus.
711 2056 786 2092 Sed
802 2056 882 2092 haec
899 2055 1016 2092 nimis
1035 2053 1184 2090 abeunt

301 2122 329 2147 a
344 2113 522 2147 veterum
540 2114 581 2146 et
597 2111 845 2158 vulgatorum
866 2109 1054 2157 vestigiis.
1091 2108 1183 2146 Sus—

302 2164 465 2213 picabar
491 2165 535 2202 V
529 2167 759 2213 angionum,
783 2165 1071 2209 Tabernatfium,
1095 2163 1186 2205 Tri-

301 2219 491 2256 bacarum.
525 2220 680 2264 deinde,
702 2220 876 2256 Triboci„-
898 2218 1185 2266 Vangionibus-

301 2282 375 2324 que
388 2279 427 2311 et
449 2273 749 2314 Tabernatibas.
798 2274 932 2320 Ipsum
956 2272 1184 2309 Cluverium

299 2327 390 2365 vide
416 2329 550 2365 Germ.
583 2327 678 2366 Ant.
712 2332 751 2373 2,
782 2332 843 2363 le.
899 2328 1035 2364 GnoN.
1088 2327 1180 2362 Non

299 2382 436 2419 mitior
462 2382 543 2418 haec
570 2382 772 2427 correctio,
790 2391 906 2430 quam
933 2380 1180 2417 Cluveriana.

298 2435 387 2474 MS.
421 2435 525 2475 Flor.
559 2433 831 2474 Coeracatium.
875 2435 977 2472 Bud.
1008 2435 1181 2472 Cer-acat-

298 2491 400 2540 Agr.
438 2491 499 2528 ed.
538 2501 599 2540 pr.
642 2488 899 2527 Ceratacium.
955 2490 1181 2526 Lectionem

298 2543 568 2584 Florentinam
596 2544 737 2593 probat
763 2545 947 2592 Ryckius‚
976 2543 1181 2592 intelligit-

299 2611 378 2649 que
400 2602 579 2638 Coeraesos
607 2599 770 2636 Caesaris
798 2599 846 2635 B.
873 2599 922 2636 G.
950 2603 990 2644 2,
1011 2603 1053 2635 4.
1077 2598 1181 2646 quod

299 2655 396 2692 situi
423 2654 558 2704 populi
586 2653 700 2691 istius
732 2665 811 2690 non
839 2653 1061 2698 convenire,
1079 2652 1181 2688 bene

297 2709 412 2746 docet
428 2708 621 2748 Cellarius
638 2709 780 2757 Geogr.
809 2708 955 2745 Ant.·t.
977 2713 1010 2745 l.
1031 2719 1069 2755 p.
1087 2712 1180 2746 ¹245.

297 2763 400 2802 nihil
418 2762 502 2812 ipse
519 2763 722 2809 definiens,
742 2763 845 2812 quod
861 2762 1055 2810 optimum
1072 2762 1180 2798 factu

297 2823 410 2868 puto.
464 2817 679 2855 Rhenanus
706 2818 798 2854 Rer.
817 2817 950 2854 Germ.
969 2822 1008 2854 3.
1026 2829 1065 2865 p.
1084 2819 1179 2853 326.

298 2873 524 2921 suspicatur
558 2872 678 2908 fnisse
714 2872 757 2909 in
790 2883 836 2907 eo
870 2871 970 2917 loco,
1005 2870 1076 2908 ubi
1109 2881 1180 2907 arx

298 2926 537 2975 Drakensels
551 2927 686 2964 fuerit.
740 2927 836 2964 Eam
855 2926 909 2963 sic
938 2926 1101 2963 fortasse
1122 2926 1179 2962 di-

298 2986 404 3018 ctam
418 2992 442 3018 a
457 2981 554 3026 loce,
574 2981 686 3030 quasi
707 2982 919 3019 Ravatium
937 2981 975 3018 h.
993 2992 1028 3018 e.
1058 2981 1180 3017 Cera-

300 3036 460 3072 catium.
517 3036 612 3073 Mox
636 3036 736 3073 lectu
767 3035 850 3073 MS.
883 3034 1016 3086 (Bud.)
1048 3033 1179 3072 Guelf.

299 3089 385 3125 edd.
404 3089 554 3126 Puteol.
573 3102 677 3138 seqq.
695 3088 828 3126 omnes
848 3094 940 3126 ante
959 3089 1180 3127 Pichenam.

297 3143 356 3180 At
375 3143 493 3188 infra,
509 3143 579 3180 ubi
598 3144 734 3180 similis
753 3145 921 3180 varietas
937 3155 971 3180 c.
986 3149 1037 3184 77
1044 3171 1051 3179 .
1082 3143 1180 3179 nihil

297 3208 323 3237 a
356 3195 526 3234 Pichena
558 3203 770 3234 mutatum.
826 3200 933 3235 ERN.
991 3199 1102 3236 Brut.
1136 3202 1175 3234 et

297 3250 396 3290 Lau.
431 3262 611 3300 recepere
652 3251 875 3289 Coeracates.
919 3252 1047 3290 vales.
1082 3253 1175 3290 Not.

297 3305 401 3345 Gall.
420 3317 459 3354 p.
476 3310 543 3343 42.
583 3306 788 3342 Caracates
803 3307 904 3342 male
921 3307 961 3342 in
981 3307 1069 3343 sede
1083 3305 1175 3343 Tri-

295 3357 483 3401 bocorum
499 3360 645 3405 locat,
636 3360 760 3407 iisqne
778 3359 1082 3408 Argentoratum
1107 3361 1175 3398 ad·

295 3415 442 3464 signat,
469 3414 573 3462 quod
603 3414 713 3451 nullo
745 3414 859 3450 modo
889 3414 1173 3451 admittendum

287 3443 560 3517 Schoepflinus
590 3473 744 3505 nostras
772 3468 883 3504 docet
908 3467 1033 3504 Alsat.
1061 3469 1119 3505 ill.
1139 3473 1170 3504 t.

301 3527 336 3561 1.
357 3535 397 3572 p.
417 3525 483 3561 62.
520 3522 657 3571 Neque
684 3523 775 3560 audi
778 3523 899 3560 endas
928 3521 1139 3570 Laguine
1130 3535 1171 3559 in

296 3577 436 3615 Notice
461 3575 510 3615 de
537 3576 652 3615 rane.
670 3577 798 3615 Gaule
821 3589 862 3626 p.
882 3581 922 3617 9.
951 3577 1020 3627 qui
1049 3577 1173 3618 Sara-

1241 1679 1344 1710 cates
1377 1673 1542 1722 effingit,
1583 1673 1691 1711 Sarae
1732 1674 1904 1712 fluminis
1947 1674 2116 1713 adcolas.

1239 1727 1372 1765 Placet
1399 1728 1472 1764 hoc
1494 1727 1737 1777 Bipontinis,
1753 1730 1821 1778 qui
1843 1729 1977 1778 potius
1995 1728 2133 1767 Sara-²

1239 1786 1344 1819 vates
1358 1793 1383 1818 a
1404 1779 1554 1820 Suram
1569 1783 1694 1821 dictos
1709 1782 1934 1824 autumant.
1979 1782 2118 1823 D-Au-

1238 1836 1368 1874 villius
1396 1836 1438 1873 in
1465 1838 1559 1876 Not.
1585 1839 1633 1876 de
1660 1839 1701 1875 la
1718 1838 1845 1877 Gaulo.-
1860 1849 1902 1888 ρ.
1926 1842 2016 1878 198.
2046 1849 2117 1876 no·

1238 1902 1328 1928 men
1381 1891 1586 1940 vulgatum
1641 1897 1785 1937 servat,
1834 1894 2130 1942 Caracatesque·

1236 1945 1509 1994 Vangionibus
1543 1946 1593 1984 ad
1619 1946 1725 1985 latus
1746 1947 1874 1997 ponit,
1900 1946 2117 1996 urbemque

1238 2000 1285 2037 iis
1305 2001 1597 2049 Magontiacum
1621 2001 1777 2040 tribuit.
1835 2000 1923 2040 Hoc
1941 2006 1982 2039 et
1997 2002 2041 2039 in
2053 2004 2117 2039 ta-

1237 2053 1333 2092 bula
1345 2055 1484 2093 Galliae
1500 2057 1672 2105 antiqua»
1686 2057 1742 2094 ita
1760 2055 1963 2106 expressit.

1290 2110 1575 2160 Exere-itusque
1621 2110 1807 2162 Romani]
1866 2108 1952 2149 MS.
2010 2111 2116 2149 mor.

1239 2165 1416 2206 Romam
1448 2165 1550 2213 quod
1578 2165 1748 2214 Ryckius
1772 2164 1945 2214 explieat
1960 2165 2115 2203 >Roma-

1237 2232 1335 2256 nus:
1365 2221 1509 2268 quippe
1534 2220 1610 2256 ista
1640 2219 1788 2270 syllaba
1811 2219 1978 2257 subinde
2002 2220 2047 2257 in
2067 2218 2116 2256 li-

1239 2273 1320 2310 bris
1349 2285 1421 2311 scr.
1440 2278 1480 2310 et
1491 2274 1578 2311 edd.
1597 2286 1657 2324 pr.
1686 2275 1759 2312 hac
1773 2275 1901 2324 figura
1927 2274 2114 2324 exprimi-

1233 2331 1314 2364 tur.
1351 2325 1614 2366 Consentiunt
1632 2329 1762 2366 Guelf.
1783 2327 1918 2380 (Bud.)
1941 2328 2036 2378 Agr.
2054 2328 2115 2366 ed.

1235 2394 1294 2430 pr.
1328 2383 1477 2419 Cetcrae
1493 2387 1586 2420 ante
1603 2384 1733 2420 Rhen.
1755 2394 1826 2433 per
1839 2383 2113 2432 compendium

1237 2437 1311 2472 Ro.
1329 2437 1570 2484 exprimunt.
1598 2438 1752 2475 Primus
1766 2438 1980 2475 Rhenanus
1992 2436 2125 2474 edidit*

1236 2491 1406 2528 Romam·
1424 2491 1560 2538 tacite,
1578 2503 1650 2528 nec
1670 2491 1764 2538 scio,
1783 2502 1835 2529 an
1853 2502 1874 2528 e
1892 2491 1994 2528 libro
2019 2490 2115 2541 (Im-

1234 2556 1299 2581 mo
1334 2557 1382 2582 ex
1411 2544 1602 2595 ingenio).
1657 2547 1785 2594 Igitur
1817 2545 1945 2584 tutius
1973 2547 2111 2595 putavi

1235 2600 1470 2647 scripturam
1499 2600 1691 2638 librorum
1719 2599 1833 2638 MSS.
1849 2602 1890 2638 et
1905 2599 1994 2638 edd.
2010 2603 2111 2638 vett.

1235 2655 1359 2702 sequi.
1414 2655 1520 2692 ERN.

1291 2709 1396 2754 Quia
1429 2715 1586 2758 pontem
1623 2708 1749 2747 Navoe
1789 2711 1842 2759 fl.
1885 2707 2108 2759 abruperat]

1235 2762 1318 2800 MS.
1337 2763 1439 2800 Flor.
1461 2762 1595 2813 (Bud.)
1617 2764 1677 2800 ed.
1698 2765 1789 2801 Put.
1807 2763 1899 2800 Ber.
1917 2762 2002 2800 Alc.
2025 2763 2112 2801 Na-

1234 2830 1312 2856 vas.
1344 2819 1436 2855 item
1468 2818 1551 2855 MS.
1580 2818 1712 2855 Guelf.
1739 2830 1764 2854 a
1789 2830 1842 2855 m.
1864 2829 1924 2866 pr.
1945 2825 1988 2855 at
2005 2828 2059 2854 m.
2080 2829 2113 2856 s.

1234 2872 1327 2909 fecit
1353 2885 1484 2918 naves,
1502 2877 1547 2909 ut
1575 2877 1636 2909 est
1665 2873 1707 2909 in
1735 2872 1798 2922 ed.
1823 2883 1882 2921 pr.
1906 2872 1992 2910 MS.
2010 2873 2109 2920 Agr.

1239 2928 1311 2963 Vis
1326 2927 1522 2976 fluminis.
1574 2927 1788 2964 Rhenanus
1817 2927 1939 2963 edidit
1971 2926 2111 2964 Navae.

1233 2980 1341 3018 ERN.
1399 2982 1458 3018 Ex
1497 2981 1666 3029 ingenio.
1713 2981 1846 3018 Surita
1879 2981 1929 3017 ad
1961 2979 2110 3018 Aaron.

1234 3035 1325 3072 ltin.
1353 3045 1392 3083 p.
1419 3038 1510 3072 253.
1543 3046 1590 3072 ex
1617 3034 1701 3072 MS.
1726 3034 1897 3072 coenobii
1922 3034 2106 3072 Cartbus.

1234 3090 1347 3127 Aulae
1374 3090 1450 3126 Dei
1478 3101 1632 3138 quoque
1661 3089 1810 3137 profert
1834 3090 1893 3126 vis
1907 3089 2108 3137 fluminis.

1232 3145 1352 3180 Navae
1370 3143 1566 3191 cladisque
1586 3145 1769 3181 Romanae
1786 3142 1965 3180 meminit
1982 3141 2107 3180 Auso-

1230 3199 1319 3235 nius
1335 3198 1374 3234 in
1395 3198 1572 3235 Mosella.

1286 3251 1418 3301 Supra
1433 3249 1742 3301 mmmm-avimus]
1764 3250 1863 3299 Cap.
1883 3253 1951 3288 62.

1285 3305 1339 3344 Se
1355 3305 1475 3354 ipsas]
1509 3306 1654 3342 Omnes
1674 3305 1779 3350 libri,
1798 3316 1894 3353 quos
1911 3304 1992 3342 scio
2007 3304 2106 3343 vidi-

1228 3371 1316 3409 que,
1336 3359 1483 3395 habeut
1497 3361 1668 3408 seipsas,
1684 3371 1753 3408 pro
1769 3370 1847 3407 quo
1864 3359 1969 3397 haud
1986 3359 2104 3396 dubie

1229 3414 1517 3450 rescribendum
1536 3415 1682 3463 seipsoe.
1709 3414 1758 3451 V.
1771 3414 1820 3451 ad
1838 3425 1871 3451 c.
1891 3419 1955 3454 11.
1995 3414 2104 3452 ERN.

1227 3469 1329 3505 Bud.
1345 3481 1384 3504 se
1403 3470 1502 3516 ipsa.

1282 3524 1331 3559 In
1349 3522 1534 3559 Mediom.
1552 3523 1694 3559 sociam
1713 3521 1926 3570 civitatem]
1957 3524 2106 3560 Aucto-

1226 3589 1287 3615 res
1305 3576 1409 3614 docti
1430 3578 1520 3614 novi
1538 3577 1665 3626 operis
1683 3576 1937 3626 Diplomatici
1953 3580 1983 3615 t.
2001 3582 2041 3617 3.
2063 3587 2103 3626 p.
