2190 3880
301 153 402 196 230
914 148 1515 202 HISTORIARUM

173 287 223 333 Α.
241 285 436 328 nante
462 275 579 347 ipsa
618 275 807 348 patriae
836 278 1061 344 moenia,
1088 278 1262 331 civilis
1289 280 1466 333 rabies
1494 298 1660 352 usque
1686 283 1740 334 in
1769 281 2001 350 exitium
2030 288 2108 334 te-

157 343 280 435 ,8253
311 361 584 400 merasset.
658 348 1013 419 AEquioribus
1051 351 1245 403 animis
1286 354 1496 422 accepti
1536 363 1679 417 sunt,
1706 355 1798 423 qui
1838 354 1903 406 ad
1931 352 2108 406 Anto·

171 398 264 493 Δία
285 421 458 472 'nium
490 434 762 485 venerant,
787 439 895 473 non
917 423 1046 491 quia
1073 422 1367 474 modestior
1388 423 1560 490 mileS,
1583 425 1673 476 sed
1702 423 1844 478 Duci
1874 426 1990 497 plus
2016 444 2111 478 au-

222 508 287 557 8]
308 493 597 546 ctoritatiS.
647 492 950 545 Miscuerat
976 511 1034 544 se
1061 492 1254 564 legatis
1282 493 1574 547 Musonius
1605 495 1800 561 Rufus,
1829 496 2108 568 Equestris

306 565 532 629 ordiniS‚
559 565 799 616 studium
845 564 1206 635 philosophiae
1241 576 1298 616 et
1325 565 1527 635 placita
1553 567 1864 620 Stoicorum
1890 568 2112 622 aemula·

305 649 426 690 tus:
467 637 876 706 coeptabatque,
908 636 1208 706 permixtus
1246 638 1561 708 manipulis,
1586 636 1715 690 hona
1731 640 1878 708 pacis
1900 657 1962 692 ac
1991 639 2112 693 belli

305 708 602 761 discrimina
633 709 914 771 disserenS,
942 719 1177 759 armatos
1198 725 1434 761 monere.
1473 708 1536 761 Id
1566 710 1832 781 plerisque
1857 710 2113 777 ludibria,

304 781 553 852 pluribus
581 779 766 831 taedio,
804 797 905 830 nec
932 779 1172 844 deerant,
1200 780 1291 850 qui
1322 781 1682 852 propellerent
1707 782 2116 854 ‘proculcarent-

308 871 432 922 que,
462 852 536 916 ni,
560 851 841 906 admonitu
885 851 1267 904 modestissimi
1294 853 1577 922 cujusque,
1614 865 1668 905 et
1695 854 1818 907 aliis
1853 855 2113 927 minitan-

307 926 475 988 tibuS,
510 923 779 975 omisisset
827 923 1265 993 intempestivam
1311 925 1650 994 sapientiam.
1727 925 1925 980 Obviae
1964 926 2114 980 fuere

308 1006 363 1048 et
411 996 647 1066 virgines
694 994 936 1047 Vestales
978 1013 1104 1048 cum
1150 995 1394 1065 epistolis
1442 996 1667 1062 Vitellii,
1700 998 1766 1050 ad
1807 997 2114 1052 Antonium

306 1068 547 1140 scriptis
585 1067 737 1119 eximi
761 1085 989 1137 supremo
1017 1067 1283 1120 certamini
1309 1085 1465 1120 unum
1503 1067 1653 1133 diem,
1684 1069 2026 1140 postulabat:
2067 1071 2115 1124 si

306 1159 503 1193 moram
546 1140 924 1209 interjecissent,
961 1138 1188 1212 facilius
1239 1139 1409 1192 omnia
1459 1149 1784 1193 conventura.
1859 1142 2115 1214 Virgines

308 1231 435 1266 cum
481 1213 685 1264 honore
728 1211 1004 1264 dimissae:
1054 1211 1275 1263 Vitellio
1320 1212 1659 1284 rescriptum,
1690 1211 1876 1267 Sabini
1913 1214 2042 1267 ccede
2067 1223 2116 1268 et

225 1284 294 1333 82
307 1284 539 1342 incendio
567 1282 796 1354 capitolii
820 1282 1219 1353 diremptabelli
1245 1285 1556 1336 commercia.
1632 1284 1890 1339 Tentavit
1933 1298 2116 1340 tamen

307 1357 606 1420 AntoniuS,
631 1366 852 1408 vocatas
889 1356 952 1414 ad
981 1355 1302 1408 concionem
1339 1355 1579 1427 legiones
1621 1357 1892 1428 mitigare,
1918 1366 1996 1424 ut,
2031 1377 2119 1412 ca-

305 1430 422 1483 stris
429 1430 597 1501 juxta
616 1436 821 1498 pontem
854 1426 1118 1479 Mulvium
1141 1427 1334 1497 positiS,
1354 1436 1553 1496 postera
1578 1428 1659 1480 die
1683 1430 1858 1483 urbem
1885 1428 2118 1503 ingrede-

307 1509 502 1554 rentur.
579 1499 745 1552 Ratio
791 1500 1104 1564 cunctandi,
1140 1516 1207 1551 ne
1248 1511 1525 1570 asperatus
1566 1501 1766 1571 proelio
1808 1502 1980 1568 mileS‚
2007 1522 2120 1557 uon

306 1573 535 1646 populo,
564 1590 671 1624 non
718 1571 964 1634 Senatui,
993 1589 1061 1623 ne
1108 1571 1322 1642 templis
1365 1572 1581 1642 quidem
1610 1591 1672 1625 ac
1701 1573 1937 1627 delubris
1968 1574 2118 1628 Deo-

309 1665 430 1700 rum
457 1644 782 1700 consuleret.
859 1643 965 1696 Sed
992 1661 1212 1696 omnem
1240 1643 1619 1715 prolationem,
1647 1655 1710 1698 ut.
1734 1645 2011 1701 inimicam
2040 1646 2122 1703 vi-

309 1806 372 1847 ed.
390 1819 449 1859 pr.
467 1808 510 1845 in
527 1812 683 1845 exteras
697 1818 743 1855 g.
763 1805 804 1842 11.
822 1816 857 1842 e.
873 1804 976 1854 quod
991 1804 1110 1842 etiam
1129 1804 1191 1842 in·

308 1863 500 1900 violatum
518 1872 718 1899 servamus
745 1870 837 1908 erga
853 1863 1076 1897 exterarum
1094 1871 1191 1908 gen-

307 1919 413 1956 tium
439 1917 612 1966 legatos:
657 1915 773 1963 idque
805 1925 986 1963 recepere
1018 1914 1191 1962 Ryckius

1243 1805 1379 1843 fuisse.
1430 1806 1583 1856 Nempe
1603 1805 1775 1845 habebat
1791 1806 1918 1846 mein
1934 1807 2037 1847 libro
2049 1818 2123 1847 suo

1243 1872 1405 1906 movere,
1425 1861 1528 1909 quod
1544 1862 1674 1911 reperi
1689 1862 1732 1899 in
1750 1861 1837 1900 MS.
1851 1862 1984 1901 Guelf.
2002 1866 2044 1913 et
2057 1863 2124 1903 ed.

1244 1915 1396 1952 Puteol.
1425 1916 1493 1952 sed
1521 1916 1663 1953 vitium
1696 1918 1901 1966 scripturae
1927 1917 2041 1957 facile
2058 1918 2126 1956 de-

310 1976 352 2010 et
366 1974 405 2011 J.
424 1973 546 2009 Gron.
601 1970 687 2019 Ego
702 1969 803 2007 inter
826 1969 993 2014 servavi,
1013 1973 1191 2018 propter-

310 2039 374 2073 ea,
392 2027 495 2077 quod
513 2026 685 2063 solennis
703 2024 745 2061 in
761 2024 835 2060 hac
855 2036 899 2061 re
917 2024 1116 2061 sententia
1134 2027 1195 2061 est

309 2082 547 2131 scriptorum
563 2081 846 2124 Romanorum,
863 2079 1070 2127 indignum
1094 2089 1193 2125 esse,

309 2137 503 2175 violatum
537 2146 563 2172 a
590 2133 780 2174 Romanis
809 2137 851 2171 et
875 2134 917 2171 in
935 2132 1088 2170 civibus
1110 2133 1194 2180 jus,

311 2192 416 2242 quod
449 2190 570 2228 etiam
599 2189 706 2226 inter
741 2190 895 2226 exteros
929 2192 971 2224 et
1006 2186 1194 2226 barbaros

309 2245 479 2297 populos
515 2243 747 2281 inviolatum
794 2242 865 2279 sit:
913 2242 1016 2290 quod
1053 2241 1193 2280 Cicero

311 2300 503 2339 transfert
531 2299 580 2336 ad
607 2299 747 2336 Poetas
779 2295 868 2347 (pro
886 2296 1007 2334 Arch.
1030 2292 1110 2346 8.):
1139 2298 1193 2334 sit

311 2357 415 2394 inter
443 2366 509 2392 vos
543 2358 722 2390 sanctum
748 2357 874 2402 poetoe
908 2362 1058 2396 nomen,
1091 2352 1196 2401 quod

311 2410 426 2451 nulla
443 2420 615 2458 unquam
641 2406 801 2444 violavit
818 2405 1010 2443 barbaria.
1067 2405 1195 2450 Adde,

314 2464 419 2515 quod
437 2463 586 2518 frustra
607 2461 830 2506 adderetur,
850 2460 954 2510 quod
975 2471 1072 2509 erga
1091 2466 1195 2497 exte-

312 2532 378 2560 ros
390 2520 734 2557 etiamservamus.
788 2515 891 2553 Nam
912 2514 951 2552 id
967 2515 1062 2563 quid
1075 2513 1197 2551 habet
1212 2525 1227 2532 ³

312 2572 486 2612 mirum?
517 2583 605 2610 cum
624 2582 694 2621 per
713 2581 753 2607 se
770 2572 920 2619 pateat,
938 2573 1066 2606 totum
1083 2569 1194 2619 lega-

315 2629 434 2667 tionis
454 2629 528 2677 jus
555 2632 711 2664 extewm
740 2630 1020 2674 comparatum,
1044 2627 1091 2661 ut
1121 2625 1194 2662 Pa-

314 2686 397 2722 tres
416 2683 531 2721 Rom.
559 2681 634 2730 ipsi
656 2679 840 2729 judicant
867 2690 932 2730 ap.
955 2678 1039 2717 Liv.
1068 2681 1108 2725 6,
1131 2684 1193 2718 17.

316 2742 417 2776 extr.
460 2736 644 2785 Denique
673 2733 870 2784 oppositio
892 2744 971 2770 non
992 2733 1087 2770 satis
1105 2744 1197 2770 con-

315 2795 454 2832 staret.
510 2791 671 2830 Clarum
690 2792 823 2826 autem
841 2791 916 2834 est,
933 2788 1080 2836 opponi
1097 2788 1198 2825 inter

314 2854 470 2886 exteras
484 2851 633 2896 gentes,
653 2847 694 2881 et
723 2850 813 2881 ante
839 2844 925 2892 ipsa
937 2843 1085 2892 patrioe
1105 2855 1197 2879 moe-

314 2904 399 2940 nia.
442 2903 494 2940 In
513 2904 553 2937 et
570 2902 672 2937 inter
698 2897 900 2943 confundi,
917 2896 1014 2934 alibi
1030 2908 1054 2934 a
1070 2896 1199 2943 nobis,

317 2960 360 2993 et
387 2968 411 2993 a
441 2955 578 2993 multis
608 2953 695 2990 aliis
726 2952 872 2989 dudum
902 2952 1098 2989 monitum
1127 2955 1199 2988 est.

317 3010 415 3048 Mox
432 3023 551 3060 usque
568 3010 612 3047 in
627 3008 806 3052 exitium,
821 3006 947 3043 intell.
968 3006 1089 3055 legati
1105 3018 1114 3042 :
1133 3006 1201 3044 ad-

317 3075 381 3110 eo,
398 3067 445 3102 ut
462 3064 582 3100 etiam
599 3063 753 3111 legatus
781 3061 1034 3109 Imperatoris
1051 3061 1202 3098 interfi-

318 3122 486 3156 ceretur.
515 3119 622 3155 ERN.
653 3117 687 3154 A
707 3116 815 3153 codd.
834 3127 913 3153 non
930 3115 1199 3153 recedendum.

344 3186 371 3222 n
390 3179 541 3210 exteras
557 3177 691 3221 gentes
709 3174 770 3207 est
792 3171 846 3208 ad
870 3177 948 3208 ext.
967 3176 1103 3219 gentes
1120 3170 1200 3219 leg.

325 3232 383 3274 ,1³-
413 3226 512 3263 bene
532 3225 708 3275 procedit
726 3225 923 3274 oppositio
950 3231 1039 3263 ante
1055 3226 1142 3274 ipsa
1153 3237 1198 3273 p.

316 3276 373 3327 'mz
420 3281 482 3319 Sic
499 3285 540 3316 et
556 3280 646 3327 Bip.

371 3335 582 3386 filu-ronias
612 3332 761 3383 Rufus]
793 3333 958 3382 Respice
988 3333 1036 3370 ad
1054 3333 1105 3370 A.
1136 3337 1198 3379 14,

360 3432 592 3492 ‘Dis-rerem,
622 3447 791 3479 armatos
821 3438 986 3490 monere]
1027 3441 1199 3478 Grutero

317 3500 399 3546 haec
415 3497 535 3536 verba
551 3500 734 3546 suspecta
763 3499 871 3542 sunt,
889 3494 999 3532 velut
1017 3494 1198 3532 insititia.

316 3555 527 3594 Rationem
556 3546 710 3602 subdit,
747 3550 850 3599 quod
887 3560 908 3586 e
941 3549 1197 3598 sequentibus

316 3596 523 3662 appareatj
556 3601 682 3647 motos
715 3605 866 3643 animos
900 3604 1073 3644 militum
1119 3615 1199 3642 non

1245 1970 1485 2018 prehendere
1521 1974 1690 2018 poterat.
1745 1971 1931 2010 Ceterum
1961 1973 2128 2011 sufficie-

1250 2024 1318 2061 bat
1335 2036 1429 2062 sane
1458 2025 1648 2074 captabat
1671 2039 1716 2075 p.
1743 2039 1796 2064 m.
1829 2027 1927 2064 bona
1946 2028 2061 2077 pacis
2077 2039 2126 2065 ac

1248 2079 1341 2116 belli
1370 2080 1601 2117 discrimina
1635 2080 1815 2118 disserere
1828 2095 1841 2117 .·
1885 2092 1966 2130 qua
1998 2082 2125 2120 forma

1248 2136 1288 2170 et
1305 2133 1402 2171 alibi
1420 2133 1550 2171 utitur
1567 2138 1723 2172 noster:
1753 2135 1819 2171 sed
1842 2146 1927 2174 non
1945 2139 2127 2186 propter-

1248 2199 1296 2225 ea
1323 2188 1541 2226 necessario
1570 2189 1627 2238 sic
1661 2189 1833 2239 scripsit,
1861 2193 1934 2228 aut
1962 2190 2126 2240 vulgata

1246 2254 1326 2279 non
1347 2254 1372 2279 a
1399 2242 1538 2282 Tacito
1566 2246 1673 2294 sunt.
1727 2243 1859 2295 Atque
1883 2244 2003 2283 etiam
2031 2257 2126 2283 acu·

1246 2309 1337 2334 men
1369 2297 1526 2335 videtur
1551 2298 1714 2335 Tacitus
1731 2298 1913 2347 quaesisse
1936 2299 1979 2337 in
1995 2300 2128 2338 verbis

1246 2357 1420 2389 armatos
1448 2364 1624 2389 monere.-
1653 2352 1702 2388 ad
1736 2364 1858 2401 eaque
1882 2353 1988 2391 haud
2006 2353 2127 2392 dubie

1248 2406 1412 2454 respicit
1436 2417 1542 2452 mox,
1561 2407 1868 2455 intempestivam
1893 2409 2129 2458 sapientiam

1249 2460 1494 2510 appellanda.
1520 2461 1629 2498 ERN.
1656 2460 1759 2498 Bud.
1774 2473 1937 2500 monere.

1305 2513 1554 2563 Postulabat]
1587 2514 1650 2552 Sic
1663 2515 1750 2553 MS.
1764 2515 1868 2554 Flor.
1884 2515 1979 2566 Agr.
1994 2517 2127 2557 Guelf.

1248 2580 1414 2618 quorum
1443 2569 1679 2607 auctoritate
1709 2570 1749 2606 id
1771 2582 1861 2608 cum
1879 2572 2000 2620 Ryck.
2030 2577 2073 2610 et
2086 2574 2127 2611 J.

1248 2625 1373 2660 Gron.
1400 2625 1546 2672 recepi,
1579 2635 1652 2673 pro
1679 2624 1842 2673 vulgato
1861 2627 2128 2676 postulabant.

1247 2678 1450 2716 Putabant
1470 2678 1639 2724 librarii,
1657 2679 1705 2715 ad
1724 2679 1858 2717 literas
1881 2681 2130 2719 referendum

1251 2744 1361 2770 esse:
1399 2734 1503 2782 quod
1533 2733 1618 2771 fieri
1647 2733 1804 2782 quidem
1835 2737 1877 2772 et
1893 2735 2022 2784 ipsum
2041 2738 2129 2784 pot-

1251 2794 1338 2834 est3
1385 2787 1453 2824 sed
1481 2787 1598 2826 MSS.
1628 2788 1851 2837 sequendi.·
1882 2788 1982 2827 Add.
2007 2790 2057 2828 ad
2091 2795 2128 2837 1,

1252 2848 1318 2883 74.
1347 2843 1453 2880 ERN.
1480 2841 1584 2880 Bud.
1597 2843 1860 2891 postulabant.
2090 2846 2092 2850 ’

1307 2897 1518 2945 Dii-empta
1537 2897 1627 2934 belli
1651 2896 1892 2946 commercia]
1925 2898 2033 2938 Quid
2050 2897 2130 2936 cla-

1253 2949 1366 2991 rius?
1397 2952 1603 2988 corrector
1619 2955 1755 2988 tamen
1770 2952 1970 2998 adventat,
1989 2953 2128 2991 direm-

1254 3012 1298 3043 τα
1330 3005 1462 3043 bellico
1492 3007 1732 3043 commercia.
1780 3007 1891 3044 Lnis.
1934 3006 2129 3055 Intelligit

1255 3060 1490 3098 Rhenanum
1522 3060 1607 3109 (qui
1634 3072 1683 3097 ex
1706 3057 1895 3109 ingenio).
1914 3061 2057 3098 Forma
2073 3062 2130 3098 lo-

1256 3115 1401 3164 quendi
1430 3117 1561 3151 sumta
1587 3126 1612 3151 a
1636 3114 1815 3163 Virgilio,
1834 3117 1881 3152 ut
1905 3115 2007 3152 aliae.
2034 3117 2130 3155 AEn.

1262 3174 1325 3215 10,
1357 3174 1448 3206 532.
1478 3170 1586 3206 Belli
1609 3170 1836 3206 commercia
1867 3168 2024 3207 Demus
2053 3171 2131 3208 Su-

1251 3225 1364 3262 seul-it
1393 3225 1472 3260 ista
1484 3224 1612 3272 prior,
1619 3222 1712 3272 jam
1741 3229 1825 3260 tum
1841 3222 2027 3261 Pallante
2038 3238 2128 3275 per-

1253 3284 1361 3315 emto.
1393 3277 1420 3314 i.
1436 3288 1469 3314 e.
1500 3288 1607 3326 spem
1635 3278 1742 3326 pacis
1766 3281 1807 3314 et
1824 3279 2132 3326 compositionis.

1254 3333 1399 3369 Locum
1431 3331 1513 3378 Jam
1556 3331 1708 3368 notavit
1750 3331 1982 3371 Salinerius.
2020 3335 2130 3373 Erm-

1251 3386 1354 3423 Bud.
1376 3385 1539 3435 direpta.
1564 3385 1717 3422 vitiose.

1310 3440 1469 3477 Omnem
1493 3438 1767 3490 prolationem]
1801 3441 1898 3478 Haec
1926 3443 1987 3478 cst
2012 3440 2131 3478 lectio

1254 3494 1366 3532 MSS.
1412 3494 1517 3532 Flor.
1553 3497 1655 3531 teste
1690 3495 1729 3533 J.
1765 3496 1979 3543 Gronovio,
2011 3495 2128 3533 Bodl.

1256 3548 1375 3599 (Bud.
1406 3550 1504 3597 Reg.
1530 3547 1644 3599 Lali.)
1677 3549 1808 3587 Guelf.
1838 3550 1898 3587 ed.
1926 3563 1987 3600 pr.
2009 3561 2126 3599 quam

1253 3615 1343 3642 cum
1382 3604 1515 3643 eodem
1543 3604 1740 3642 Gronovio
1767 3605 1912 3654 recepi.
1979 3605 2127 3654 Estque
