2190 3880
286 136 408 181 >192
920 127 1522 180 HISTORIARUM

175 272 230 310 A
244 270 296 310 U
313 253 494 304 sianus
519 250 858 306 hor.tabatur
933 252 1192 308 Ceterum
1219 255 1462 308 adsidere
1487 255 1714 325 sepultae
1743 254 1891 307 urbis
1931 253 2124 320 ruinis,

189 329 281 364 823·
314 324 481 376 noxia
508 325 635 376 tabo
662 324 857 377 humus
894 324 1041 378 haud
1073 326 1168 378 diu
1211 327 1475 406 permisit.
1513 325 1583 378 ad
1620 326 1844 379 tertium
1886 325 2131 395 lapidem-

182 380 235 473 37·
231 381 298 470 0⁰
315 395 602 465 progressi,
627 413 793 465 vagos
820 407 1183 476 paventesque
1202 391 1542 460 Vitellianos„
1565 414 1624 447 su
1630 415 1662 447 ·ι
1682 399 1991 466 quemque
1975 415 2005 447 a
2051 394 2123 448 ud

204 434 486 546 7’ἕ55ι3ιιεῃ
516 480 874 545 componunt.
950 465 1022 517 Et
1059 466 1222 518 victae
1262 466 1523 536 legioneS,
1550 483 1636 529 ne,
1663 479 1915 519 manente
1940 467 2006 518 ad
2027 483 2120 517 iuc

309 536 458 588 civili
491 536 648 600 bello,
676 536 933 606 ambigue
973 548 1215 605 agerent,
1246 554 1339 606 per
1384 535 1661 604 Illyricum
1697 537 1975 606 disper-sae.
2053 535 2120 588 In

310 606 652 658 Blitanniam
695 606 820 656 inde
861 617 916 656 et
946 577 1243 675 Hispanias
1281 609 1502 658 nuntios
1545 605 1910 675 famamque,
1899 625 1951 657 ιιι
1981 605 2114 658 Gal-

307 675 435 729 liam
463 677 674 731 Julium
704 675 988 740 Calenum,
1015 674 1350 730 Tribunum.
1393 677 1444 728 in
1476 676 1830 728 Germaniam
1856 675 2120 746 Alpinum

309 746 490 800 Mont·
481 765 662 810 inum,
691 745 1023 798 Praefectum
1059 747 1320 810 cohortiS,
1343 747 1488 816 quod
1517 747 1607 799 hic
1632 746 1841 810 Trevir,
1883 745 2118 799 Calenus

308 818 540 881 AEduuS,
568 830 794 885 uterque
820 815 1098 869 Vitelliani
1126 817 1358 883 fuerant,
1386 817 1624 870 ostentui
1659 817 1870 869 misere.
1946 816 2122 870 Simul

310 889 566 940 transitus
613 886 838 968 Alpium
870 886 1136 956 praesidiis
1181 889 1467 968 occupati:
1525 899 1776 958 suspecta
1803 888 2126 954 Germania,

309 970 587 1027 tamquam
616 958 671 1009 in
699 957 965 1009 auxilium
989 957 1196 1009 Vitellii
1223 959 1617 1028 aecingeiffetur

226 1040 295 1093 36
379 1028 456 1080 At
501 1028 770 1092 Vitellius,
802 1028 1046 1097 profecto
1093 1028 1336 1092 Caecina,
1376 1047 1500 1081 oum
1541 1028 1769 1080 Fabium
1812 1027 2118 1094 Valentem,

310 1101 498 1171 paucis
546 1110 672 1170 post
711 1069 921 1162 diebuS,
949 1099 1016 1151 ad
1066 1099 1261 1152 bellum
1291 1099 1592 1169 inpulisset,
1620 1099 1768 1150 curis
1800 1098 1988 1151 luxum
2017 1101 2117 1152 ob-

307 1171 597 1224 tendebat:
638 1189 746 1222 non
779 1188 965 1250 parare
994 1188 1159 1235 arma,
1192 1189 1301 1222 non
1329 1170 1584 1240 adloquio
1619 1169 1990 1239 exercitioque
2016 1171 2118 1222 mi-

307 1242 458 1293 litem
491 1242 720 1305 firmare,
750 1259 855 1292 non
887 1240 942 1292 in
973 1258 1066 1292 ore
1094 1241 1242 1311 vulgi
1271 1259 1457 1318 agere:
1506 1241 1598 1292 sed
1625 1239 1954 1293 umbraculis
1993 1239 2119 1293 hor-

307 1324 487 1364 torum
515 1313 751 1375 abditus,
780 1322 838 1363 ut
867 1311 1065 1381 ignava
1093 1282 1365 1393 animalia,
1378 1310 1632 1381 quibus
1619 1311 1660 1362 si
1692 1311 1878 1363 cibum
1916 1329 2018 1363 suff
1982 1330 2116 1382 ge-

305 1382 619 1451 ra3,jaeent
647 1353 990 1452 ton-³²pentque‚
1019 1383 1310 1451 praeterita,
1339 1383 1638 1447 instantia,
1623 1379 1845 1445 futura,
1873 1383 1987 1452 pari
1982 1353 2119 1435 ζ,01)-

302 1453 508 1508 livione
535 1453 832 1510 dimiserat.
894 1453 1078 1522 Atque
1105 1452 1277 1519 illum,
1300 1453 1354 1504 in
1378 1471 1598 1521 nemore
1619 1449 1850 1505 Aricino
1877 1452 2118 1505 desidem

1239 1597 1313 1642 est,
1333 1598 1376 1632 et
1391 1594 1442 1632 ab
1461 1606 1507 1632 eo
1523 1606 1629 1643 penu
1647 1594 1788 1632 Tacito
1804 1598 2046 1644 promptum.
2070 1596 2119 1633 In

1239 1650 1416 1686 oratione
1446 1650 1572 1686 Cottae
1601 1648 1651 1684 ad
1681 1647 1883 1688 Quirites:
1923 1649 1968 1686 A
1985 1649 2120 1698 prima

303 1596 442 1643 animi,
477 1608 562 1644 quae
593 1596 634 1632 in
668 1595 942 1632 munificentia
969 1595 1033 1632 vel
1061 1594 1186 1632 maxi-

303 1662 367 1688 me
397 1652 588 1695 cernitur,
610 1652 654 1686 ut
683 1661 773 1686 mox
801 1660 835 1685 c.
866 1655 933 1689 37.
954 1648 1086 1686 Verba
1116 1647 1186 1686 ina

303 1707 585 1754 permutantur
615 1707 656 1739 et
686 1703 736 1739 A.
759 1708 822 1748 12,
841 1709 879 1740 3.
899 1703 972 1740 ubi
997 1703 1186 1751 magnifi-

304 1759 431 1795 centia
451 1768 599 1795 verum.
629 1758 826 1805 Recepere
844 1756 956 1794 Brot.
985 1761 1026 1793 et
1045 1756 1186 1793 Allem.

303 1812 415 1849 ERN.
447 1811 528 1848 Hic
541 1823 562 1846 e
578 1811 662 1846 cod.
680 1812 778 1858 Reg.
820 1810 968 1859 Sequor
985 1821 1075 1847 cum
1091 1810 1185 1858 Bip.

301 1863 406 1901 Bud.
421 1865 722 1913 magnificentia
739 1868 780 1900 et
800 1865 910 1912 prius
927 1864 1072 1914 templa
1093 1876 1186 1914 quo-

327 1930 387 1955 ue.

301 1930 326 1968 q
358 1971 496 2008 Nomia
520 1970 611 2008 tabo
640 1968 796 2020 burnus]
829 1970 917 2009 MS.
947 1971 1046 2019 Agr.
1070 1969 1183 2011 tabe,-

295 2025 407 2073 ‘quod
424 2036 503 2061 non
521 2023 726 2072 displicere
742 2025 899 2061 'videtur
914 2024 1076 2073 Ryckio,
1097 2023 1182 2060 lau—

302 2079 412 2115 danti
430 2078 481 2116 A.
502 2083 543 2123 2,
562 2082 627 2117 69.
657 2078 759 2114 Mihi
771 2089 926 2127 quoque
945 2077 1132 2127 placeret,
1149 2078 1183 2114 si

300 2131 395 2169 libri
414 2133 548 2180 plures
564 2132 845 2170 consentirent.
885 2133 988 2170 Nam
1005 2143 1084 2168 non
1101 2142 1182 2168 uno

301 2197 396 2222 sane
414 2186 498 2222 loco
516 2197 588 2234 pro
603 2184 690 2221 tabe
713 2185 850 2222 datum
868 2186 1002 2225 tabum
1018 2197 1044 2222 a
1059 2185 1182 2221 libra·

299 2240 386 2284 riis,
405 2238 694 2287 ignorantibus,
714 2239 834 2274 etiam
863 2239 988 2276 tabem
1005 2241 1060 2275 sic
1093 2238 1181 2275 dici.

299 2292 391 2331 vid.
410 2293 459 2328 ad
477 2292 506 2331 l.
535 2304 570 2329 c.
587 2292 653 2328 sed
672 2301 743 2327 nec
764 2292 865 2328 infel
866 2292 1005 2329 cienda
1035 2291 1182 2340 ubique

300 2347 386 2384 sine
402 2346 552 2383 idoneis
573 2334 800 2382 auctoribus
818 2345 935 2383 tabes.
969 2346 1073 2382 Tabo
1091 2346 1132 2384 h.
1148 2346 1176 2382 l.

301 2400 476 2437 defendit
510 2399 630 2436 etiam
663 2403 703 2435 et
731 2399 862 2436 inuti
864 2403 907 2436 at
934 2400 974 2436 J.
1001 2400 1175 2436 Gronov.

300 2455 350 2490 ad
369 2454 516 2491 Melam
534 2459 576 2499 3,
593 2458 628 2489 8.
647 2464 768 2501 supra
786 2459 825 2498 2,
847 2458 912 2493 70.
930 2453 1073 2501 iJfiesta
1090 2452 1179 2490 tabo

299 2508 454 2545 humus.
482 2508 589 2544 ERN.
616 2506 720 2543 Bud.
738 2508 840 2543 talto.

358 2559 513 2609 Treuir]
544 2559 794 2608 Bud..1epide
811 2560 1004 2597 triumvir.

353 2616 423 2651 Ad
439 2615 476 2651 k.
491 2613 723 2663 impdisset]
754 2614 847 2651 Non
863 2614 978 2650 credo
995 2613 1050 2650 sic
1066 2612 1182 2650 Taci-

299 2673 388 2707 tum
419 2669 581 2705 dedisse.
635 2668 706 2704 Ad
736 2668 876 2705 bellum
905 2667 1099 2716 impellere
1120 2670 1180 2703 est

299 2723 464 2760 suadere
480 2721 640 2767 bellum,
655 2727 856 2758 auctorem
869 2721 988 2758 alicui
1002 2731 1086 2757 csse
1098 2719 1181 2757 bel-

296 2776 352 2814 li:
383 2775 486 2825 quod
511 2775 561 2812 ab
578 2776 617 2813 h.
638 2775 665 2812 1.
683 2774 870 2811 alienum.
906 2776 1092 2822 Princeps
1108 2775 1181 2812 im-

297 2836 412 2879 perat
446 2828 624 2867 Ducibus
663 2830 760 2873 suis,
795 2829 900 2877 quod
940 2829 1025 2866 fieri
1072 2829 1182 2865 velit.

297 2884 533 2933 Eoepulisset
554 2894 687 2920 verum
710 2883 838 2919 credo.
894 2883 1049 2920 Invitus
1065 2882 1183 2918 homo

299 2948 428 2974 socors
445 2941 487 2973 et
511 2937 759 2984 voluptarius
789 2935 936 2980 exibat,
953 2940 1025 2973 aut
1054 2947 1182 2972 moras

298 2990 494 3027 nectebat.
524 2991 635 3027 Suet.
653 2991 737 3028 Cal.
759 2994 794 3026 1.
813 2990 999 3026 Tiberius
1017 2990 1179 3026 Germa·

298 3044 431 3083 uicum
447 3044 592 3081 dicitur
609 3046 800 3093 expulisse
814 3044 868 3082 ad
882 3044 1180 3092 componendum

301 3097 473 3136 Orientis
505 3102 665 3136 statum.
714 3098 853 3135 Cicero
884 3098 1087 3135 extrudere
1124 3098 1183 3133 sic

298 3151 399 3190 dixit
410 3151 454 3187 in
474 3160 537 3198 ep.
557 3155 598 3196 7,
614 3155 653 3188 6.
671 3151 817 3188 Probat
834 3151 1042 3190 Mullorus.
1071 3151 1180 3188 ERN.

296 3203 389 3252 Bip.
420 3209 559 3241 contra
586 3208 817 3253 comparant
841 3205 891 3242 A.
911 3209 951 3251 4,
969 3210 1035 3242 41.
1052 3204 1107 3242 ad
1122 3205 1181 3242 vi-

299 3263 384 3296 tam
397 3258 539 3307 procul
556 3256 684 3295 Roma
702 3259 923 3306 impelleret.

1240 1703 1511 1748 adolescentia,
1530 1704 1573 1740 in
1591 1714 1654 1739 ore
1676 1707 1799 1739 vestro
1811 1703 1996 1751 privatus
2011 1708 2051 1740 et
2075 1703 2119 1740 in

1238 1757 1550 1806 Magistratibus
1585 1757 1667 1805 egi.
1738 1756 1978 1805 Fragmento
2012 1757 2116 1793 alio:

1241 1813 1292 1848 In
1323 1823 1386 1848 ore
1412 1821 1534 1859 agens
1561 1810 1757 1858 gentibus,
1769 1811 1932 1859 populo,
1951 1810 2119 1848 civitati.

1239 1865 1402 1903 Tacitus
1430 1865 1575 1901 iterum
1603 1875 1639 1899 c.
1668 1869 1736 1903 77.
1776 1863 1967 1901 Julianus
1995 1863 2050 1900 ad
2065 1864 2120 1902 l..

1245 1919 1449 1956 Vitellium
1489 1917 1715 1966 perductus,
1746 1916 1962 1954 verberibue
1983 1916 2120 1965 suida-

1239 1978 1318 2017 tus,
1334 1973 1377 2009 in
1394 1983 1458 2008 ore
1473 1971 1558 2019 ejas
1564 1970 1797 2020 jugulatur.
1851 1969 2018 2008 Dicendi
2045 1970 2120 2008 hoe

1236 2036 1361 2075 genus
1394 2025 1683 2069 restituendum
1717 2023 1849 2061 Plinio
1891 2035 2032 2061 censeo
2076 2025 2119 2061 iu

1236 2082 1379 2127 Paneg.
1397 2081 1465 2118 69.
1496 2079 1599 2115 Sum
1618 2079 1660 2115 in
1687 2078 1827 2116 honore
1853 2077 2052 2116 hominum
2080 2083 2119 2114 et

1237 2135 1279 2171 in
1296 2133 1435 2169 honore
1441 2131 1571 2180 samoe
1586 2143 1738 2180 neugma
1754 2132 1928 2178 nomina,
1950 2143 2001 2169 ea·
2016 2137 2118 2170 tene-

1237 2186 1316 2223 bris
1335 2187 1550 2230 oblivionis,
1571 2186 1820 2234 indulgentia
1836 2185 2020 2223 Cincaris.
2061 2185 2118 2222 Et

1236 2240 1324 2287 lego
1339 2253 1348 2275 z
1378 2240 1480 2276 Sunt
1498 2241 1540 2276 iu
1557 2251 1621 2276 ore
1645 2240 1845 2276 homimum
1858 2244 1896 2276 et
1911 2240 1955 2276 in
1972 2238 2118 2286 orosa-

1235 2305 1321 2331 moe.
1364 2294 1476 2330 ers.
1518 2294 1570 2329 In
1599 2305 1662 2330 ore
1688 2292 1808 2329 etiam
1840 2292 1945 2330 Ποῖ.
1977 2289 2115 2342 (Eud.)

1230 2347 1327 2394 Agr.
1354 2347 1462 2384 Ean.
1492 2346 1543 2382 In
1564 2358 1627 2383 ore
1643 2347 1758 2396 vulgi
1774 2345 1894 2383 etiam
1907 2346 1992 2384 Cic.
2004 2345 2118 2383 Verr-

1237 2404 1274 2446 1,
1304 2403 1372 2438 46.
1401 2400 1462 2437 Cf.
1492 2403 1626 2436 noster
1663 2400 1713 2436 ad
1743 2399 1800 2437 H.
1832 2405 1875 2446 2,
1908 2404 1974 2439 73.
2019 2399 2114 2436 Fra-

1233 2457 1438 2502 gmentum
1450 2453 1620 2490 alterum
1637 2453 1770 2501 Lipsio
1783 2453 1852 2490 cit.
1869 2454 2035 2490 ductum
2054 2457 2114 2490 est
2171 2479 2184 2494 .

1233 2519 1255 2543 e
1273 2508 1432 2545 Donato
1448 2507 1497 2543 ad
1516 2507 1609 2545 Ter.
1628 2507 1830 2556 Adelphos
1849 2511 1886 2553 1,
1907 2511 1948 2552 2,
1969 2511 2033 2544 13.

1289 2563 1341 2598 In
1357 2573 1507 2598 nemore
1534 2559 1717 2608 Aricino]
1749 2561 1859 2598 Inter
1891 2560 2113 2598 Lanuvium

1235 2619 1276 2652 et
1313 2626 1450 2652 nemus
1479 2614 1687 2651 Aricinum
1721 2624 1939 2663 superesse.
1970 2613 2114 2651 rudera

1233 2669 1335 2706 villae
1354 2668 1504 2706 Vitellii
1533 2668 1752 2705 arbitratur
1769 2668 2009 2706 Corradinus
2026 2668 2116 2706 Lat.

1234 2726 1313 2760 vet.
1330 2727 1360 2760 t.
1379 2727 1418 2759 2.
1438 2734 1478 2771 p.
1503 2727 1593 2761 193.
1670 2728 1677 2729 ’

1287 2778 1419 2826 Atque
1448 2775 1787 2824 illum—proditio
1818 2774 1972 2812 Lucilii
2003 2774 2115 2812 B.—

1229 2829 1415 2879 perculit]
1448 2829 1595 2866 Nuncii
1611 2839 1691 2865 non
1702 2829 1931 2878 percellunt,
1946 2827 2012 2864 sed
2023 2839 2112 2877 per-

1236 2885 1404 2929 cutiunt,
1422 2887 1468 2920 ut
1486 2883 1565 2919 alio
1581 2883 1666 2919 loco
1679 2883 1762 2930 jam
1778 2881 1995 2920 docuimus.
2031 2881 2115 2919 lta—

1236 2944 1313 2987 que
1331 2937 1537 2985 legendum
1562 2938 1781 2985 percus-sit..
1811 2934 1988 2973 Perculit
2009 2939 2112 2972 esset
2154 2950 2158 2954 ²

1230 2991 1401 3039 perdidit
1414 3005 1427 3026 .-
1446 2991 1549 3038 quod
1566 2991 1739 3026 alienum
1758 2993 1830 3026 est.
1858 2988 2027 3037 Repente
2044 3001 2112 3026 ea·-

1232 3046 1387 3090 terruit,
1407 3044 1669 3081 desideratur:
1700 3043 1803 3091 qnod
1830 3045 1892 3079 est
1905 3043 2114 3090 percite-rit.-

1235 3098 1372 3135 Cicero
1388 3099 1544 3146 quidem
1563 3109 1623 3146 ep.
1643 3102 1681 3140 5,
1697 3103 1736 3136 7.
1761 3101 1902 3133 verene
1918 3095 2110 3141 inimicos,

1233 3165 1348 3188 novos
1372 3152 1528 3197 amicos,
1547 3152 1671 3188 literis
1688 3150 1771 3203 tui-5
1791 3148 1988 3198 peractio:
2001 3162 2015 3185 .·
2043 3150 2110 3186 sed
2133 3188 2139 3191 ,

1235 3207 1414 3254 sequitur
1429 3211 1466 3241 et
1484 3206 1530 3242 de
1556 3215 1704 3252 magna
1719 3214 1786 3250 spe
1810 3202 2110 3253 deturbato-'Ja-

1234 3271 1317 3297 cere
1332 3272 1344 3294 .·
1372 3258 1475 3306 quod
1493 3258 1584 3293 huic
1603 3257 1687 3293 ioco
1701 3254 1888 3293 dissimile
1900 3258 1972 3293 est.
2001 3257 2122 3293 Infra-

352 3311 445 3348 Non
462 3313 505 3348 in
532 3323 596 3348 ore
613 3311 743 3360 vulgi]
775 3310 879 3347 Vera
895 3314 1029 3348 nostra
1047 3311 1177 3357 conje-
1230 3325 1264 3348 c.
1284 3314 1350 3348 56.
1385 3311 1437 3348 ad
1454 3322 1580 3347 omnes
1597 3311 1756 3346 necne-ios
1773 3309 1885 3346 vultu
1903 3321 2049 3359 quoque
2069 3315 2109 3347 et

296 3369 425 3403 ctura.
495 3364 599 3401 Nam
631 3364 674 3401 in
709 3364 820 3400 libris
855 3364 1038 3401 omnibus
1071 3376 1177 3402 more
1231 3367 1378 3402 incessu
1407 3365 1580 3413 trepidus
1609 3363 1752 3400 dicitur
1783 3363 1917 3399 fuisse.
1959 3363 2031 3399 boc
2048 3367 2110 3400 en

296 3420 427 3468 vulgi.
457 3418 559 3467 quod
578 3428 672 3454 sane
691 3417 796 3454 haud
810 3419 1005 3455 convenit.
1061 3418 1117 3454 At
1134 3420 1177 3454 in
1223 3419 1412 3468 percussi,
1431 3429 1509 3454 non
1532 3418 1712 3466 perculsi.
1741 3416 1891 3453 Contra
1909 3416 2046 3454 Cicero
2063 3417 2108 3453 in

297 3485 361 3510 ore
378 3482 510 3522 agere,
531 3475 593 3509 est
620 3472 772 3509 Latinis
803 3481 933 3508 coram
953 3475 994 3508 et
1022 3471 1063 3507 in
1083 3482 1175 3507 con·
1230 3484 1292 3520 ep.
1310 3477 1351 3516 9,
1371 3477 1436 3508 25.
1455 3472 1709 3508 atrocissimis
1721 3481 1927 3519 percussus
1943 3476 2000 3507 est
2019 3470 2106 3507 lite-

297 3531 436 3576 spectu
464 3536 563 3576 esse,
582 3537 666 3564 sese
691 3525 845 3564 offerre.
890 3524 1175 3566 Sallustianum
1227 3527 1297 3570 ris,
1309 3536 1387 3563 non
1398 3525 1615 3576 perculsus.
1640 3523 1689 3562 V.
1709 3529 1750 3561 et
1762 3525 1812 3562 ad
1824 3530 1864 3572 «Ξ,
1878 3528 1947 3562 54.
1968 3525 2108 3573 ltaque
