2190 3880
771 111 855 198 'm
868 149 939 200 Β.·
970 149 1060 198 lv.
1086 155 1091 158 ⁴
1118 149 1279 199 cAP.
1314 155 1394 200 50.
1449 188 1451 190 .
1887 153 1984 201 283

180 288 396 349 portum
463 274 813 348 Carthaginis
875 275 1093 348 adtigit,
1155 293 1358 348 magna
1408 292 1543 328 voce
1602 275 1731 328 laeta
1792 273 2046 339 PisoniA,
2065 298 2123 341 u,

183 351 385 415 omina,
422 359 699 420 tamquam
748 347 1010 420 Principi,
1049 350 1403 412 continuare3
1450 347 1650 399 obvios
1691 359 1746 400 et
1784 349 1981 402 subitae
2016 354 2112 394 824.

178 422 256 474 rei
287 421 546 474 miraculo
573 421 868 484 adtonitOS,
895 434 956 473 ut
977 421 1164 472 eadem
1191 420 1579 489 adstreperent,
1604 419 1826 471 hortari.
1868 421 1983 473 vul·
1997 405 2120 503 Ἃρ·

182 510 283 563 gns
327 492 623 557 credulum,
666 510 818 544 ruere
853 492 908 544 in
954 491 1168 545 forum:
1209 490 1529 561 praesentiam
1568 488 1776 542 Pisonis
1811 509 1983 562 expo-
2071 489 2082 501 '
2116 492 2122 500 ⁴

181 581 347 616 scere.
420 563 641 618 Gaudio
699 563 1134 634 clamoribusque
1179 574 1379 616 cuncta
1430 561 1750 625 miscebant,
1804 563 1985 617 indili-

182 637 370 706 gentia
399 637 509 689 veri
539 648 594 688 et
622 635 873 688 adulandi
902 635 1146 688 libidine.
1215 635 1363 699 Piso,
1390 633 1595 686 indicio
1624 633 1874 703 Sagittae,
1903 635 1989 687 vel

180 707 345 760 insita
391 707 670 772 modestia,
717 725 826 759 non
869 708 924 759 in
966 707 1245 776 publicum
1285 723 1530 778 egressus
1579 716 1678 768 est,
1718 722 1893 775 neque
1933 725 1990 759 se

181 780 375 831 studiis
403 779 548 850 vulgi
579 778 843 850 permisit.
888 777 1388 848 Centurionemque
1415 788 1816 848 percunctatUS,
1841 791 1992 847 post—

181 869 363 920 quam,
390 851 651 922 quaesitum
673 850 771 901 sibi
796 850 982 902 crimen
1019 849 1312 921 cademque,
1338 848 1623 920 comperit,
1651 848 1991 909 animadverti

182 921 240 974 in
266 940 378 974 eum
404 922 590 991 jussit,
616 921 760 974 haud
789 922 1010 993 perinde
1037 940 1131 992 spe
1159 924 1306 986 vitae,
1335 939 1496 991 quam
1522 921 1600 972 ira
1625 920 1680 973 in
1711 937 1992 991 percusso-

183 1008 316 1059 rem,
342 993 488 1064 quod
531 993 674 1048 idem
708 1011 779 1048 ex
816 993 1256 1047 interfectoribus
1286 993 1467 1045 Clodii
1501 991 1701 1058 Macri,
1740 1006 1990 1047 cruentas

186 1064 380 1137 Legati
424 1065 686 1136 sanguine
727 1083 918 1118 manus
962 1066 1029 1118 ad
1069 1065 1276 1118 caedem
1317 1063 1664 1117 Proconsulis
1701 1063 1990 1118 retulisset.

182 1136 371 1190 Anxio
397 1137 591 1190 deinde
627 1138 809 1191 edicto
837 1136 1382 1208 Carthaginiensibus
1410 1136 1709 1207 increpitiS,
1737 1153 1806 1188 ne
1833 1137 1993 1191 solita

183 1208 404 1280 quidem
455 1210 642 1263 munia
690 1210 1004 1279 usurpabat,
1043 1207 1256 1262 clausus
1303 1208 1446 1260 intra
1494 1207 1738 1272 domum,
1775 1225 1844 1260 ne
1883 1228 1990 1279 qua

185 1293 367 1334 motus
394 1281 522 1334 novi
553 1299 744 1334 caussa
771 1281 855 1333 vel
891 1280 1032 1333 forte
1070 1280 1318 1333 oriretur.
1395 1279 1520 1344 Sed,
1548 1280 1641 1331 ubi
1672 1278 1833 1332 Festo
1861 1299 1990 1333 con·
2007 1297 2078 1344 50

186 1353 446 1405 sternatio
484 1353 652 1424 vulgi,
691 1352 1042 1405 Centurionis
1086 1351 1435 1424 supplicium,
1474 1369 1704 1422 veraque
1747 1363 1803 1411 et
1839 1351 1991 1415 falsa,

185 1443 336 1477 more
375 1424 555 1489 famae,
585 1426 640 1476 in
677 1424 852 1494 majus
895 1425 1196 1489 innotuere,
1224 1425 1433 1495 equites
1471 1423 1527 1477 in
1556 1440 1746 1478 necem
1778 1422 1993 1477 Pisonis

185 1497 377 1549 mittit.
452 1495 538 1549 Illi
576 1497 774 1567 raptim
801 1497 963 1560 vecti,
990 1497 1222 1549 obscuro
1260 1495 1437 1548 adhuc
1471 1506 1678 1568 coeptae
1714 1494 1866 1560 luciS‚
1897 1497 1995 1549 do-

186 1586 335 1630 mum
370 1567 717 1621 Proconsulis
758 1569 1094 1639 inrumpunt,
1125 1567 1396 1620 destrictis
1433 1566 1664 1638 gladiis:
1702 1576 1759 1621 et
1794 1585 1996 1639 magna

187 1658 310 1710 pars
349 1640 563 1692 Pisonis
603 1640 797 1712 ignari,
830 1640 975 1711 quod
1015 1640 1220 1692 Poenos
1258 1639 1546 1691 auxiliares
1575 1639 1910 1711 Maurosque
1939 1643 1996 1694 in

187 1730 306 1765 eam
334 1711 539 1765 caedem
567 1713 857 1783 delegerat.
898 1712 1039 1766 haud
1079 1711 1267 1782 procul
1294 1711 1568 1776 cubicu10,
1596 1711 1819 1764 obvium
1854 1712 1997 1766 forte

189 1801 425 1848 servum,
461 1784 693 1855 quisnam
726 1793 774 1836 et
807 1784 899 1837 ubi
938 1792 1055 1836 esset
1095 1780 1266 1836 Piso?
1304 1783 1724 1853 interrogavere.
1799 1783 1998 1838 Servus

186 1856 411 1927 egregio
450 1855 754 1921 mendaciO,
791 1874 842 1908 se
889 1855 1132 1908 Pisonem
1173 1872 1287 1920 esse,
1334 1855 1651 1926 respondit:
1703 1873 1768 1907 ac
1812 1857 1998 1909 statim

189 1929 564 1981 obtruncatur.
615 1945 714 1979 nec
762 1927 933 1980 multo
977 1938 1103 1998 post
1141 1927 1272 1980 Piso
1324 1926 1666 1980 interficitur.
1744 1925 1999 1999 Namque

188 1999 391 2065 aderat,
444 1999 537 2069 qui
599 2011 864 2066 nosceret,
917 2000 1125 2052 Bebius.
1186 1998 1392 2063 Massa,
1456 2017 1486 2049 e
1540 1999 1995 2053 procuratoribus

242 2180 358 2217 [Δία
372 2178 510 2216 Pisoni
520 2176 944 2228 omnia—continuare]
966 2178 1068 2215 Vere

190 2233 393 2272 Acidalius
424 2233 594 2270 correxit
622 2234 765 2271 omina.
820 2234 942 2282 quue
973 2234 1069 2270 adeo

190 2288 347 2325 evidens
369 2298 391 2322 e
416 2287 686 2336 sequentibus,
708 2294 753 2325 ut
769 2288 900 2325 eadem
924 2287 1068 2326 adstre-

185 2348 333 2391 perent,
349 2345 396 2379 ut
412 2343 583 2390 recipere
612 2342 654 2378 in
678 2346 833 2379 textum
857 2353 936 2379 non
955 2342 1070 2379 dubi-

191 2397 330 2434 tarim:
359 2400 595 2445 secutusque
611 2399 672 2434 est
694 2407 766 2433 nos
783 2396 989 2434 Broterius
1011 2396 1067 2446 (et

191 2448 328 2500 Lau).
369 2449 510 2487 Omina
537 2451 629 2488 loeta
655 2450 796 2487 Pisoni
822 2457 867 2488 ut
889 2449 1070 2500 Principz'

193 2506 416 2543 continuare
430 2509 503 2550 est,
516 2505 616 2541 laetis
624 2505 821 2542 ominibus
838 2516 928 2541 eum
945 2506 1070 2542 omni-

195 2559 268 2595 bus
299 2558 409 2604 locis,
442 2559 612 2604 assidue,
647 2560 845 2607 prosequi,
879 2563 1069 2608 usurpato

194 2612 388 2660 Principis
416 2613 574 2649 nomine
602 2615 644 2649 et
670 2613 855 2661 quicquid
879 2614 1069 2662 appellari

193 2666 393 2717 Ptincipes
409 2666 548 2703 solent.
603 2667 822 2704 Groslotius
851 2668 1071 2716 corrigebat

194 2722 446 2766 conclamare,
465 2732 543 2758 non
569 2721 776 2758 adsecutus
797 2721 959 2758 verbum
985 2722 1070 2759 vul·

194 2778 344 2823 gatum.
399 2776 508 2812 Laeta
542 2776 674 2812 omnia
698 2777 886 2815 nunciare
917 2781 1072 2824 poterat

193 2831 323 2875 homo,
359 2841 438 2866 non
474 2829 640 2866 clamore
674 2830 917 2867 continuare.
977 2831 1072 2867 Mox

196 2883 447 2932 indiligentia
464 2885 544 2921 veri
560 2884 658 2920 bene
675 2888 890 2921 correctum
910 2896 934 2921 a
945 2885 1071 2922 Rhen.

195 2938 270 2976 Ed.
289 2949 349 2987 pr.
371 2935 427 2987 (et
442 2937 567 2985 Bud.)
591 2939 838 2987 indiligentia
864 2940 953 2976 viri.
1001 2941 1074 2976 Ce-

194 2998 289 3029 terae
306 2995 399 3028 ante
418 2992 546 3029 Rhea.
567 2993 652 3030 MS.
678 2993 807 3030 Guelf.
826 2994 1073 3042 indulgentia

194 3048 284 3084 viri.
326 3047 433 3084 ERN.

254 3101 519 3138 Consternati«,
552 3099 682 3151 vulgz]
722 3101 759 3136 h.
794 3111 828 3137 e.
863 3111 1074 3139 concursus

195 3155 238 3191 in
255 3155 382 3191 forum
403 3167 450 3191 ex
469 3155 659 3192 instinctu
679 3159 719 3191 et
735 3155 871 3191 fraude
890 3156 1074 3192 Centuri-

196 3210 297 3254 onis,
315 3209 480 3245 clamore
502 3209 746 3257 praesentiam
776 3209 926 3247 Pisonis
952 3221 1071 3259 expo-

199 3263 404 3310 scentium,
421 3263 618 3300 ominibus
636 3263 749 3309 laetis,
768 3268 814 3300 ut
831 3264 1069 3313 Principem,

200 3319 530 3366 prosequentium.
557 3318 748 3355 Tironum
758 3330 897 3355 caussa
914 3320 1075 3357 dictum.

200 3370 334 3407 Paullo
350 3377 439 3420 post
462 3373 521 3409 ed.
544 3383 603 3420 pr.
623 3373 763 3410 Poeuos
789 3374 1075 3424 auxiliaresque

202 3423 376 3461 Mauros.
418 3427 526 3464 ERN.
585 3427 645 3463 (tf.
669 3428 717 3464 A.
743 3433 779 3472 1,
797 3432 865 3466 39.

255 3477 299 3514 Ε
327 3479 648 3518 Procuratoribus
681 3481 851 3531 Africoe]
906 3481 980 3520 Ed.
1014 3493 1075 3530 pr.

196 3531 440 3571 ‚Procurator
478 3535 549 3583 As.
605 3535 644 3572 Si
690 3535 821 3582 plures
864 3536 906 3572 in
940 3536 1078 3573 Africa

202 3584 476 3626 Procuratores
506 3589 684 3638 caesaris,
710 3589 912 3638 vulgatum
941 3591 1078 3640 praefe-

1123 2189 1220 2214 ram.
1277 2177 1350 2215 Sed
1380 2177 1420 2214 in
1443 2176 1593 2224 Africa,
1611 2177 1884 2216 Proconsulari
1910 2190 2001 2227 pro-

1123 2232 1266 2278 vincia,
1283 2232 1418 2280 plures
1443 2231 1579 2277 fuisse,
1600 2233 1774 2269 nondum
1801 2234 1928 2282 reperi
1959 2239 2002 2272 et

1122 2287 1186 2324 vix
1217 2287 1342 2324 credo.
1398 2286 1446 2324 In
1473 2285 1684 2323 Britannia
1711 2287 1884 2336 quidem,
1911 2300 2001 2336 pro-

1121 2341 1250 2378 vincia
1268 2340 1446 2386 Caesaris,
1460 2351 1563 2377 unus
1581 2344 1738 2378 tantum
1758 2340 1851 2387 fuit,
1869 2346 1915 2379 ut
1931 2354 2001 2390 pa—

1120 2398 1182 2432 tet
1213 2406 1260 2431 ex
1292 2395 1426 2444 Agr-ic.
1461 2399 1523 2432 15.
1556 2394 1663 2432 Ann.
1696 2399 1760 2443 14,
1791 2401 1856 2436 39.
1911 2397 2002 2434 Nisi

1122 2450 1222 2487 forte
1257 2449 1325 2486 illo
1368 2454 1545 2498 ternpore
1586 2452 1726 2496 praeter
1770 2451 2002 2498 primarium

1122 2506 1418 2541 Procuratorem
1432 2504 1501 2540 alii
1513 2503 1683 2540 minores
1697 2507 1810 2541 extra
1825 2505 2002 2544 ordinem

1122 2558 1231 2595 missi
1248 2559 1373 2604 fuere,
1393 2558 1459 2607 qui
1480 2561 1626 2594 certam
1649 2557 1820 2607 aliquam
1848 2563 2001 2606 partem

1123 2614 1179 2650 rei
1216 2612 1372 2658 fiscalis,
1401 2611 1475 2649 sub
1510 2611 1697 2661 primario
1731 2613 2002 2659 Procuratore,

1124 2670 1335 2712 curarent;
1365 2667 1467 2714 quod
1495 2666 1694 2702 interdum
1716 2666 1863 2703 factum
1890 2667 2003 2706 docet

1122 2721 1341 2769 Bynkersh.
1373 2719 1468 2757 Obs.
1487 2726 1527 2766 2,
1547 2725 1611 2757 21.
1631 2724 1731 2758 extr.
1755 2725 1794 2757 et
1810 2721 1929 2759 variis
1946 2722 2005 2758 le-

1125 2787 1235 2824 gum,
1256 2774 1570 2823 inscriptionum,
1598 2774 1693 2811 locis
1716 2778 1839 2823 patet.
1895 2776 1940 2813 Id
1969 2777 2004 2813 si

1126 2841 1206 2866 non
1232 2829 1375 2878 placet,
1394 2833 1434 2865 et
1460 2828 1538 2864 illis
1565 2828 1824 2877 temporibus,
1842 2841 2005 2878 praeser-

1127 2885 1199 2920 tim
1224 2884 1266 2920 in
1283 2883 1555 2921 Proconsulari
1575 2885 1776 2932 provincia
1792 2895 1897 2922 unus
1914 2889 2005 2922 tan-

1127 2942 1214 2975 tum
1234 2937 1340 2987 (nam
1363 2937 1462 2983 loca,
1479 2948 1565 2985 qnae
1592 2938 1827 2984 afferuntur,
1848 2949 1927 2976 non
1945 2943 2006 2977 at-

1126 2993 1290 3041 tingunt
1302 2994 1400 3028 hanc
1415 2990 1585 3041 aetatem)
1601 2995 1670 3029 aut
1685 2992 1800 3029 lectio
1812 2993 1871 3031 ed.
1888 2994 2006 3042 prim.

1131 3048 1375 3095 praeferetur,
1394 3051 1466 3083 aut
1481 3046 1635 3095 Africoe
1656 3046 1863 3095 putabitur
1880 3060 1963 3085 esse
1980 3061 2006 3086 a.

1127 3102 1233 3139 mala
1249 3113 1383 3138 manu.
1439 3101 1541 3138 Nam
1564 3102 1696 3149 potuit
1712 3112 1811 3149 esse,
1828 3103 2005 3150 Baebius,

1127 3169 1147 3193 e
1175 3155 1514 3201 Prot-aratoribus,
1540 3166 1611 3204 pro
1642 3155 1894 3203 Procurator,
1925 3169 2005 3194 non

1125 3210 1257 3248 addito
1280 3209 1490 3258 provinciae
1517 3210 1699 3247 nomine:
1730 3215 1777 3248 ut
1809 3223 1929 3260 supra
1946 3213 2003 3248 vi-

1124 3265 1251 3303 dimus
1268 3277 1289 3303 e
1309 3264 1507 3311 Tribunis,
1529 3276 1615 3313 pr0,
1644 3265 1864 3306 Tribunum
1901 3266 2005 3314 quod

1130 3319 1188 3356 illi
1208 3319 1309 3357 male
1327 3318 1378 3355 ab
1395 3319 1587 3368 imperitis
1614 3318 1784 3357 librariis
1813 3319 2004 3356 substitu-

1128 3377 1214 3411 tum
1242 3375 1284 3411 in
1318 3373 1429 3410 libris
1461 3376 1557 3411 vett.
1589 3375 1823 3411 notavimus.
1859 3374 1952 3410 item
1982 3387 2004 3412 e

1130 3427 1451 3477 Primipilaribus
1476 3439 1548 3475 pro
1577 3428 1848 3477 Primipilaris
1877 3427 1930 3463 H.
1961 3434 2005 3474 3,

1130 3488 1196 3524 70.
1241 3484 1347 3521 ERN.
1403 3481 1500 3517 Lan.
1529 3483 1715 3530 exponit:
1745 3491 1848 3517 unus
1875 3482 2004 3528 exiis,

1130 3538 1199 3587 qui
1213 3538 1488 3575 Procuratores
1506 3536 1648 3574 Africa:
1666 3536 1836 3574 fuerant.
