2190 3880
697 129 852 179 LIB.
884 129 948 179 11.
1004 129 1168 177 CAP.
1202 134 1281 176 55.
1798 135 1863 181 25

63 255 217 323 culit,
242 255 551 319 adfirmanS,
575 260 873 323 superventu
905 247 1069 303 XIV.
1096 250 1323 322 legionis,
1343 252 1547 320 junctis
1574 272 1605 305 a
1630 252 1862 308 Brixello
1876 271 1992 312 ΑΛ).

61 328 274 390 viribuS,
296 344 454 379 vccesos
479 325 708 388 victoreS,
733 340 925 376 versam
938 321 1169 390 partium
1173 320 1471 391 fortunam.
1527 322 1734 376 Caussa
1759 326 1861 377 fin-
1888 327 1980 393 ⁸233

61 466 256 524 nuntio
292 465 699 518 revalescerent.
776 463 848 515 Et
886 461 1096 522 Coenus
1130 461 1350 530 quidem
1375 461 1560 532 rapide
1587 463 1639 514 in
1673 466 1860 517 urbem

60 547 268 600 vectuS,
289 544 499 607 'paucos
528 547 651 606 post
673 533 961 602 diesjussu
991 531 1196 584 Vitellii
1227 550 1418 602 poenas
1443 533 1561 584 luit.
1637 533 1865 585 Senato-

59 624 178 666 rum
225 606 807 676 periculum-auctum,
847 601 1193 656 credentibus
1236 602 1566 655 Othonianis
1599 603 1864 656 militibus

62 671 187 728 vera
205 694 339 742 esse,
361 694 484 746 quae
504 675 904 727 adferebantur.
969 671 1298 724 Intendebat
1324 672 1691 737 formidinem,
1717 675 1864 743 quod

100 746 264 798 ublici
293 745 504 804 consilii
533 745 675 796 facie
710 744 1005 796 discessum
1048 742 1288 807 Mutina,
1317 744 1652 811 desertaeque
1685 755 1864 813 partes

59 765 262 868 ibi-ent.
326 815 445 868 Nec
474 814 613 866 ultra
638 814 692 866 in
721 830 1010 865 commune
1032 814 1329 883 congressi,
1355 813 1457 865 sibi
1480 815 1708 882 quisque
1733 832 1865 866 con-

62 886 304 942 suluere:
343 886 518 937 donec
554 885 732 936 missae
773 902 806 936 a
847 882 1020 936 Fabio
1047 883 1277 945 Valente
1308 883 1554 953 epistolae
1587 884 1866 936 demerent

60 968 290 1011 metum.
365 954 438 1007 Et
485 973 630 1006 mors
673 953 931 1018 Othonis,
981 971 1090 1023 quo
1138 953 1478 1017 laudabilior,
1517 970 1583 1005 eo
1629 954 1865 1007 velocius

62 1027 266 1081 audita.

60 1113 212 1152 more
243 1095 647 1167 spectabantur.
727 1092 798 1144 Ut
836 1093 1026 1145 cessisse
1065 1092 1174 1144 vita
1218 1089 1484 1156 Othonem,
1525 1101 1573 1144 et
1613 1112 1646 1144 a
1684 1093 1867 1148 Flavio

62 1164 275 1231 Sabino,
313 1164 568 1236 Prcesecto
604 1164 761 1227 urbiS,
787 1163 924 1234 quod
948 1171 1057 1215 erat
1089 1162 1146 1214 in
1166 1163 1290 1214 urbe
1313 1162 1532 1215 militum
1559 1175 1870 1218 sacramento

67 1234 265 1288 Vitellii
313 1234 569 1299 adactum,
621 1234 755 1287 certi
807 1244 1056 1286 auctores
1108 1233 1164 1284 in
1203 1233 1486 1287 ,theatrum
1540 1234 1869 1299 adtulerunt,

68 1303 276 1358 Vitellio
329 1305 604 1377 plausere:
658 1323 730 1375 po
775 1303 891 1355 ulus
935 1321 1061 1356 cum
1101 1302 1252 1355 lauru
1298 1323 1362 1355 ac
1403 1303 1628 1355 floribus
1674 1304 1867 1357 Galbae

62 1376 328 1447 imagines
354 1377 556 1428 circum
587 1323 791 1444 templb
818 1373 961 1439 tulit,
1003 1373 1278 1444 congestis
1318 1375 1372 1425 in
1413 1374 1632 1425 modum
1675 1375 1868 1427 tumuli

60 396 224 468 gendi
247 395 371 461 fuit,
394 408 454 448 ut
467 394 770 466 diplomata
781 392 1041 456 OthoniS‚
1063 409 1185 461 quae
1205 391 1639 462 negligebantur,
1654 395 1860 447 laetiore
1874 378 1976 473 Aff

61 1464 297 1510 coron1S,
330 1445 501 1514 juxta
539 1445 714 1498 lacum
759 1443 959 1508 Curtii,
995 1462 1155 1513 quem
1196 1444 1375 1496 locum
1415 1443 1594 1496 Galba
1635 1446 1869 1497 moriens

62 1516 328 1587 sanguine
355 1514 635 1568 infecerat.
699 1514 763 1566 In
793 1515 995 1566 Senatu
1021 1523 1238 1579 cuncta,
1264 1513 1442 1584 longis
1466 1514 1691 1565 aliorum
1714 1515 1872 1568 Prin-

63 1586 335 1658 cipatibus
389 1585 716 1657 composita,
765 1584 950 1637 statim
1002 1585 1380 1639 decernuntur.

61 1733 211 1771 Ceterae
230 1732 354 1769 Genus
371 1742 495 1780 usque
512 1729 562 1767 ad
579 1729 788 1767 Pichenam
810 1727 880 1779 (sic
898 1733 939 1768 et

63 1784 183 1834 Bud.)
219 1785 315 1822 Mox
334 1796 405 1832 pro
429 1785 599 1833 perculit
617 1783 826 1831 legendum
848 1794 938 1831 per-

61 1840 160 1876 cutit
179 1838 240 1875 vel
250 1839 454 1887 percussit.
483 1837 733 1874 Mendacium
752 1847 832 1872 non
851 1847 940 1884 per-

60 1892 186 1936 cellit,
205 1892 271 1928 sed
290 1890 486 1940 percutit;
514 1894 562 1927 ut
580 1890 693 1926 hodie
710 1889 840 1926 sciunt
856 1900 940 1924 om-

61 1956 144 1982 nes.
173 1945 246 1982 Sed
257 1955 359 1992 saepe
369 1944 489 1982 verba
498 1943 579 1979 haec
595 1946 820 1991 permutata
829 1945 936 1979 sunt.

5 2021 15 2030 -
62 1997 229 2036 v.infra
239 2000 362 2043 3,36.
382 1995 490 2033 ERN.
524 1997 626 2033 Bud.
633 1997 810 2045 pertulit.
823 1995 938 2031 male.

123 2051 249 2089 Caeeos
263 2050 440 2100 victores]
473 2051 630 2086 Desunt
648 2050 728 2085 haec
746 2049 788 2085 in
806 2048 910 2084 Bud.

117 2104 351 2152 Diplomata
373 2102 551 2151 Othonis]
585 2101 648 2139 Ad
680 2113 838 2138 cursum
866 2113 940 2150 pu-

42 2155 211 2205 ‚blicum
231 2168 278 2192 ea
298 2159 477 2204 spectant
495 2160 535 2191 et
551 2167 576 2191 a
591 2156 773 2203 Principe
792 2155 939 2191 daban-

63 2214 144 2248 tur.
199 2210 241 2246 Si
271 2221 364 2257 ergo
391 2209 457 2245 ille
485 2212 680 2255 mortuus,
710 2209 798 2257 quis
828 2219 940 2255 pare-

60 2261 157 2300 ret?
201 2263 275 2299 Sed
316 2263 363 2299 de
403 2262 626 2310 diplomatis
663 2262 778 2309 plene
817 2260 937 2297 alibi:

63 2326 171 2354 nunc
188 2315 366 2356 Suetonii
385 2315 514 2352 locum
543 2313 734 2367 aeoeeigqu
757 2314 939 2350 emende-

62 2380 150 2406 mus
170 2369 296 2417 calig.
319 2374 386 2406 88.
418 2369 584 2405 Prolata
610 2368 805 2405 Diem-um
832 2367 941 2405 Julii

61 2427 100 2459 et
116 2423 297 2470 Augusti
315 2422 545 2471 diplomata,
573 2427 618 2458 ut
635 2426 762 2458 vetera
780 2427 817 2458 et
835 2421 940 2458 obeo-

62 2476 144 2512 λεια
162 2475 334 2523 deflebat.
390 2476 473 2512 Cur
499 2472 693 2511 deflebat?
724 2477 796 2511 aut
813 2474 880 2522 qui
898 2474 938 2510 id

62 2527 277 2565 convenit?
308 2528 388 2565 vidi
402 2527 469 2578 qui
481 2527 643 2572 decebat,
662 2527 793 2565 vellet.
837 2528 937 2574 Ego,

62 2581 244 2628 deflebat,
270 2580 332 2616 vel
350 2581 539 2630 (afflabat,
565 2591 701 2617 verum
730 2580 937 2617 contendo.

64 2643 145 2669 non
170 2633 274 2670 enim
301 2633 381 2670 alio
407 2637 519 2682 gestu
544 2633 684 2670 melius
702 2634 938 2681 expresseris

63 2685 279 2733 superbum
307 2685 488 2722 habitum
514 2685 624 2723 illum
653 2686 940 2722 contemnentis

63 2742 105 2774 et
131 2740 366 2787 respuentis.
419 2740 555 2786 anue
581 2739 743 2776 difflatio
761 2739 880 2775 etiam
899 2739 941 2775 in

65 2792 209 2828 nostris
246 2792 359 2829 hodie
400 2791 590 2836 moribus,
637 2793 706 2828 ubi
741 2792 939 2828 elevamus

64 2845 159 2893 quid
193 2849 265 2882 aut
298 2856 568 2893 aspernamur.
618 2846 731 2882 Lu's.
785 2845 846 2881 De
883 2845 941 2879 di·-

65 2898 283 2946 plomatum
312 2909 386 2934 usu
406 2909 441 2935 v,
467 2897 567 2935 Plin.
585 2909 647 2946 ep.
679 2904 742 2944 10,
777 2902 842 2943 14,
872 2902 940 2943 54,

71 2956 162 2988 121.

120 3003 275 3054 Rapiaele
291 3005 334 3041 in
353 3004 483 3040 urbem
500 3003 643 3053 vectus]
687 3002 799 3041 MSS.
833 3003 940 3040 Flor.

65 3056 167 3094 Bud.
180 3057 275 3105 Agr.
290 3057 348 3094 ed.
369 3069 428 3104 pr.
447 3058 630 3105 rapidam
651 3057 806 3094 urbem:
835 3057 941 3093 unde

66 3110 280 3148 Rhenanus
304 3109 552 3157 conjiciebat,
579 3110 715 3158 rapide
743 3112 785 3146 in
811 3110 942 3146 urbem

65 3169 208 3201 metue.
262 3163 307 3200 Id
333 3175 423 3200 cum
454 3163 566 3200 MSS.
596 3162 727 3199 Guelf.
755 3163 869 3201 Bodl.
900 3166 942 3199 et

67 3215 136 3253 alii
155 3227 218 3265 ap.
235 3215 479 3261 Brona-ium,
501 3215 604 3252 clare
625 3216 852 3262 exhibeant,
880 3227 942 3252 re-

66 3269 154 3316 cepi
170 3282 180 3305 :
209 3279 303 3314 non,
321 3269 424 3317 quod
438 3269 477 3305 id
494 3269 624 3306 Taciti
642 3280 726 3305 esse
746 3281 817 3318 pro
834 3274 942 3306 certo

68 3322 234 3358 audeam
262 3322 412 3359 dicere:
443 3323 508 3358 sed
528 3322 630 3370 quod
650 3318 790 3359 malim⁴
813 3323 942 3368 edere,

67 3374 171 3421 quod
196 3374 238 3411 in
264 3375 376 3411 libris
400 3387 475 3412 scr.
505 3379 622 3420 esset,
651 3387 767 3423 quam
795 3387 944 3412 meram

67 3427 269 3464 Puteolani
316 3428 580 3475 conjecturam
630 3423 809 3477 rapidus,
857 3441 943 3478 quae

69 3479 186 3528 vulgo
218 3478 275 3531 (et
293 3492 317 3516 a
333 3480 477 3532 Rhea.)
509 3482 651 3519 editur.
705 3481 789 3518 Nec
809 3482 945 3531 displi-

1476 1583 1697 1638 Additae
1749 1603 1871 1656 erga

989 1733 1053 1775 cet
1069 1730 1108 1768 J.
1128 1731 1251 1768 Gron.
1280 1730 1484 1775 correctio,
1512 1731 1657 1779 raptim
1676 1732 1719 1768 iu
1743 1731 1874 1768 urbem

990 1789 1118 1820 vectus
1139 1782 1201 1833 (ut
1217 1785 1274 1822 H.
1294 1790 1336 1830 3,
1354 1782 1432 1833 18.)
1453 1787 1525 1819 aut
1537 1784 1676 1831 Ryckii
1691 1785 1871 1833 rapidius

991 1847 1039 1872 ex
1059 1836 1114 1874 H.
1134 1841 1176 1884 4,
1195 1842 1262 1876 71.
1281 1837 1416 1886 rapide
1433 1848 1504 1884 pro
1527 1836 1776 1882 festinanter,
1805 1850 1870 1875 ra-

992 1890 1112 1937 ptim:
1142 1894 1184 1927 et
1202 1891 1364 1939 rapidus
1382 1902 1520 1926 cursus
1539 1890 1696 1927 dicitur.
1745 1891 1854 1928 ERN.

1046 1943 1172 1980 Jussu
1213 1941 1383 1992 Vitellii]
1427 1943 1523 1979 Haec
1560 1943 1680 1979 verba
1714 1943 1872 1981 delebat

992 1995 1192 2042 Muretus,
1221 1996 1355 2033 forsan
1374 1994 1423 2032 ob
1445 1996 1706 2044 suspicionem
1725 1997 1870 2045 glosse-

985 2050 1124 2087 matis.

1046 2102 1164 2139 Publ.
1183 2102 1336 2139 consilii
1351 2099 1483 2150 facie]
1506 2101 1545 2139 h.
1565 2113 1598 2138 e.
1620 2102 1692 2149 ita,
1722 2106 1770 2139 ut
1789 2115 1869 2141 non

990 2160 1140 2193 terrore
1173 2154 1320 2200 subito,
1347 2158 1432 2200 aut,
1463 2155 1556 2191 dum
1593 2155 1667 2192 sibi
1705 2157 1870 2207 quisque

994 2209 1180 2257 privatim
1212 2208 1397 2254 consulit,
1429 2208 1496 2244 sed
1522 2208 1681 2257 publico
1707 2211 1871 2248 consilio

993 2264 1172 2299 decretus
1189 2262 1379 2298 discessus
1398 2261 1609 2299 videretur.
1663 2263 1771 2300 ERN.

1049 2315 1220 2352 Cereales
1237 2314 1340 2364 ludi]
1364 2315 1472 2352 Mors
1490 2315 1658 2365 Otlionis
1676 2316 1814 2353 incidit
1828 2317 1871 2354 in

991 2368 1085 2406 XII.
1100 2367 1189 2405 Kal.
1205 2368 1347 2413 Maias,
1365 2369 1657 2416 computatione
1674 2370 1768 2406 satis
1788 2380 1870 2407 cer-

991 2427 1050 2468 ta,
1095 2421 1380 2470 imperavitque
1423 2422 1547 2459 XCV.
1593 2422 1687 2459 dies.
1744 2422 1869 2472 Atqui

993 2485 1113 2523 supra
1144 2475 1278 2511 notavi
1313 2474 1398 2524 (15,
1434 2480 1499 2512 53.
1530 2475 1572 2511 in
1599 2475 1870 2522 conjuratione

991 2526 1228 2576 Pisoniana.)
1277 2527 1424 2566 Cereris
1463 2528 1574 2565 ludos
1617 2530 1742 2577 pridie
1777 2531 1869 2566 Idus

991 2582 1148 2629 Apriles
1185 2582 1293 2619 datos
1330 2582 1371 2617 in
1406 2582 1521 2618 circo.
1578 2582 1693 2630 Quod
1732 2593 1870 2620 verum

993 2638 1068 2680 est,
1107 2633 1174 2670 sed
1210 2635 1251 2670 in
1286 2634 1418 2682 plures
1452 2645 1591 2682 nempe
1626 2635 1723 2680 dies,
1751 2641 1791 2671 et
1820 2636 1869 2672 ad

994 2689 1067 2724 hoc
1085 2687 1166 2723 fere
1185 2691 1343 2733 tempus
1362 2687 1585 2734 productos,
1616 2699 1664 2723 ex
1688 2689 1760 2724 hoc
1785 2688 1870 2724 loco

995 2743 1162 2776 constet.
1234 2740 1362 2786 Adde,
1415 2751 1501 2788 quae
1552 2751 1673 2790 supra
1716 2741 1867 2791 scripsi.

994 2796 1107 2831 Lxrs.

1047 2847 1296 2883 Sacramenta
1335 2844 1506 2894 Vitellii]
1557 2844 1669 2884 MSS.
1704 2850 1746 2885 et
1783 2848 1869 2886 edd.

993 2902 1086 2935 ante
1115 2900 1245 2941 Rhen.
1272 2900 1314 2935 in
1338 2911 1437 2936 sacr.
1493 2899 1708 2936 Latinitate
1734 2905 1871 2950 postu-

995 2953 1101 2988 lante
1119 2953 1334 2990 Rhenanus
1352 2951 1495 2988 delevit
1513 2953 1567 2989 in.
1611 2954 1747 2991 Recte.
1788 2954 1870 2991 Na-

993 3010 1081 3042 tum
1112 3010 1173 3042 est
1201 3017 1222 3040 e
1254 3005 1362 3041 finali
1391 3005 1644 3053 praecedentis
1671 3007 1795 3054 verbi,
1823 3011 1872 3045 ut

991 3058 1087 3094 alibi
1105 3058 1209 3106 apud
1228 3063 1407 3095 nostrum
1426 3062 1466 3094 et
1489 3058 1600 3096 alim.
1655 3061 1696 3098 J.
1717 3062 1870 3098 Grono-

992 3114 1079 3148 vius
1112 3112 1298 3148 mirificus
1330 3116 1404 3156 est,
1425 3116 1471 3148 ut
1504 3112 1749 3151 divinitatem
1785 3116 1870 3152 MS.

993 3165 1098 3201 Flor.
1128 3168 1307 3210 tueatur,
1339 3165 1422 3213 qui,
1449 3170 1494 3201 ut
1523 3166 1594 3211 ait,
1622 3167 1679 3203 nil
1709 3168 1871 3205 molitur

994 3218 1140 3266 inepte.
1165 3218 1274 3255 ERN.
1306 3219 1433 3255 Rben.
1457 3220 1680 3256 emendavit
1695 3232 1742 3258 ex
1760 3222 1871 3270 inge-

996 3272 1076 3316 nio,
1095 3274 1141 3307 ut
1160 3271 1263 3307 infra
1278 3270 1425 3319 legitur
1442 3282 1475 3307 c.
1495 3277 1559 3311 79.
1613 3273 1715 3311 Bud.
1739 3276 1781 3311 in
1806 3287 1871 3310 saw

994 3330 1199 3362 mammo.
1256 3325 1353 3373 Agr.
1390 3326 1432 3361 in
1466 3335 1722 3373 sacramenta,
1768 3328 1869 3375 quod

997 3388 1132 3414 verum
1162 3381 1277 3425 putat
1302 3377 1484 3425 Ryckius.
1537 3379 1576 3415 J.
1604 3380 1726 3421 Gron.
1752 3380 1871 3419 dabat

995 3432 1049 3468 iri
1065 3443 1165 3467 sacr.
1190 3432 1240 3468 V.
1259 3432 1453 3467 adactum.

1054 3484 1176 3531 Quem
1194 3483 1336 3535 Iocum]
1360 3483 1422 3522 Cf.
1444 3483 1499 3522 H.
1525 3488 1560 3530 1,
1579 3488 1647 3522 41.

1943 406 1992 470 μ’

338 1025 417 1077 At
463 1024 658 1077 Romae
709 1023 844 1076 nihil
885 1023 1292 1093 trepidationis:
1343 1022 1590 1075 Cereales
1635 1023 1747 1076 ludi
1794 1043 1863 1078 ex
1881 1029 1947 1075 55
2024 1070 2026 1072 ,
