2190 3880
679 143 726 192 L
738 145 763 192 1
776 145 834 194 B.
867 142 960 193 111.

61 271 361 328 adfinitatis
401 278 528 323 cum
560 267 783 321 Vitellio
818 266 1192 321 meminisset:
1231 264 1503 335 idemque,
1544 261 1710 337 quod,
1750 280 2005 324 cce-Am.

62 354 252 416 ptante
286 342 565 412 legionum
605 350 781 404 motu,
807 337 1093 409 profugae,
1119 335 1243 388 dein
1286 347 1480 407 sponte
1518 350 1867 406 remeaverat,
1899 341 1991 379 823·

61 414 306 486 perfidiae
344 414 539 465 locum
601 411 860 492 quaesisse
913 407 1254 461 credebatur.
1331 406 1477 459 Nam
1529 392 2001 489 Flavianum,A‚7·(fi·

1009 144 1048 191 C
1064 143 1105 191 A
1117 143 1172 192 P.
1207 147 1254 192 5.
1773 148 1866 192 165

61 485 263 538 omissa
301 481 603 546 Pannonia,
637 497 940 552 ingressum
981 478 1216 542 Italiam,
1255 477 1645 530 etdiscrimini
1685 497 1871 533 exem-

63 566 242 627 ptum,
277 571 456 607 rerum
495 569 759 605 novarum
796 548 997 631 cupido
1028 549 1220 619 Legat-i
1261 566 1459 601 nomen
1498 566 1787 616 resumere,
1816 565 1874 603 et

63 625 280 679 misceri
341 624 593 677 civilibus
666 623 847 686 armiS‚
910 620 1218 690 inpulerat:

1289 619 1550 672 suadente
1615 619 1873 674 Cornelio

65 697 276 762 Fusco.;
316 714 446 760 non,
471 694 601 764 quia
627 693 894 746 industria
931 691 1173 749 Flaviani
1203 691 1419 760 egebat,
1447 691 1540 743 sed
1568 701 1629 743 ut
1657 691 1871 744 Consu-

64 768 175 821 lare
226 780 438 820 nomeu‘
477 764 825 834 surgentibus
877 780 1002 815 cum
1055 762 1295 813 maxime
1347 762 1593 832 partibus
1645 762 1877 816 honesta

68 838 248 910 specie
278 836 720 908 praetenderetur.
788 833 1066 895 Ceterum,
1093 844 1155 885 ut
1182 834 1547 885 transmittere
1574 834 1630 886 in
1659 833 1872 887 Italiam
1892 848 1925 893 5

69 911 276 980 inpune
299 920 356 960 et
381 906 502 960 usui
530 906 690 970 foret,
718 905 982 976 scriptum
1008 903 1229 985 Aponio
1259 903 1573 970 Saturnino,
1599 923 1711 957 cum
1736 924 1878 958 exer-

67 989 177 1032 citu
211 978 286 1031 M
281 978 428 1031 oesico
466 975 720 1030 celeraret.

794 976 898 1040 Ac,
927 992 993 1027 ne
1029 991 1258 1027 mermes
1297 974 1595 1043 provinciae
1635 977 1878 1029 barbaris

71 1051 386 1104 nationibus
420 1058 842 1119 exponerentur,
871 1046 1156 1116 Principes
1185 1045 1555 1104 Sarmatarum
1583 1045 1618 1099 J
1623 1063 1878 1119 azygum,

106 1139 233 1174 enes
266 1138 403 1190 quos
442 1119 682 1172 civitatis
724 1118 988 1188 regimen,
1015 1116 1071 1167 in
1099 1114 1482 1168 commilitium
1522 1117 1736 1170 adsciti.
1765 1118 1881 1188 ple-

102 1211 178 1245 em
214 1208 451 1261 quoque,
492 1198 542 1242 et
578 1190 682 1242 vim
719 1188 963 1258 equitum,
1000 1204 1109 1256 qua
1147 1186 1262 1238 sola
1298 1185 1498 1251 valent,
1537 1186 1878 1243 offerebant:

69 1263 352 1316 remissurn
385 1261 436 1313 id
465 1265 680 1325 mun'u5‚
705 1277 771 1312 ne
798 1259 938 1311 inter
960 1256 1260 1310 discordias
1285 1267 1516 1309 externa
1542 1258 1881 1325 molirentur,

124 1406 306 1456 Idemque
333 1402 451 1455 quod]
483 1401 567 1440 MS.
596 1401 702 1440 Flor.
730 1398 864 1452 (Bud.)
888 1401 949 1437 ed.

69 1470 131 1509 pr.
149 1461 266 1511 idque
281 1459 393 1509 quod.
429 1455 618 1494 Defendit
631 1456 671 1493 J.
691 1456 813 1493 Gron.
845 1455 949 1492 Mihi

68 1523 150 1556 non
165 1512 439 1562 persuadetur,
455 1522 537 1547 rem
555 1509 630 1546 dici
647 1521 760 1557 posse
772 1509 950 1557 perfidioe

68 1568 195 1609 locum
210 1566 403 1617 que-risse.
450 1563 671 1601 Hominum
687 1564 760 1599 hoc
779 1565 853 1607 est,
871 1573 952 1598 non

69 1631 217 1660 rerum.
269 1619 365 1657 Mox
382 1629 454 1665 pro
479 1628 684 1663 resumere,
700 1616 833 1654 Guelf.
849 1627 953 1652 reas-

69 1686 232 1719 sumere,
250 1672 354 1722 quod
373 1671 560 1708 librarius
578 1681 600 1706 e
617 1670 679 1706 sui
706 1669 826 1706 seculi
844 1679 953 1706 more

70 1727 242 1775 scripsit.
287 1726 399 1764 ERN.
455 1725 588 1763 Rhen.
624 1735 716 1761 cum
743 1725 835 1762 Put.
866 1723 954 1761 Alc.

71 1781 258 1831 idemffle.
914 1788 925 1792 ⁸

125 1834 389 1883 Surgemibm
404 1843 494 1870 cum
513 1829 703 1881 maxime]
761 1830 825 1868 Sic
843 1829 956 1867 MSS.

73 1887 182 1927 Ποῖ.
209 1889 307 1935 Agr.
338 1886 451 1937 (Reg.
479 1883 595 1934 Lan.)
626 1886 713 1922 edd.
741 1896 802 1932 pr.
831 1884 956 1931 Ryck.

72 1943 113 1979 J.
128 1943 251 1980 Gron.
278 1941 410 1978 Ceteri
426 1951 500 1976 scr.
515 1938 651 1989 (etiam
669 1936 789 1988 Bud.)
809 1941 851 1974 et
869 1938 957 1974 edd.

73 2002 160 2033 tum
183 1995 370 2040 maxime,
395 1997 445 2030 ut
477 1994 580 2041 saep‘e
608 1992 704 2028 alibi
733 1992 777 2028 in
805 1995 955 2028 nostro.

76 2049 156 2100 (cf.
177 2054 219 2094 4,
239 2046 321 2097 27.)
353 2048 448 2084 Mox
467 2047 625 2084 honesta
641 2047 766 2094 specie
784 2056 878 2082 sane
896 2056 957 2080 re-

74 2102 268 2148 dundant,
285 2107 328 2138 et
343 2101 450 2138 salvo
476 2111 595 2137 sensu
610 2100 746 2136 abesse
764 2103 924 2147 possent
941 2110 955 2145 3

74 2167 204 2205 neque
213 2161 349 2193 tamen
365 2166 392 2191 a
403 2154 543 2192 Tacito
558 2165 643 2190 esse
659 2164 812 2201 negem.
838 2153 947 2190 ERN.

133 2209 184 2248 Ut
210 2206 505 2256 transmitteret]
541 2207 734 2246 clausula
754 2209 958 2254 corrupta,

75 2274 232 2309 manca,
250 2274 324 2300 nec
340 2262 436 2307 scio,
453 2273 506 2298 an
523 2261 608 2298 loco
634 2261 777 2309 posita.
807 2261 958 2298 ¹Parne-

75 2318 210 2355 sinnus
228 2329 240 2352 =
283 2321 328 2353 ut
356 2316 684 2353 tranmzitteretur
717 2315 760 2351 in
793 2314 960 2351 Italiam

75 2372 271 2420 impunem
289 2382 330 2406 eo
349 2368 566 2417 visuisoret
580 2368 770 2417 scriptum
786 2366 958 2416 Aponio,

75 2425 232 2463 Sittium
247 2424 470 2461 revirescere
487 2422 715 2460 crederetur.
742 2422 826 2458 Nec
841 2421 959 2458 aliter

76 2478 206 2516 vatic.
227 2477 304 2515 nisi
321 2477 440 2525 quod,
457 2477 547 2514 usui
561 2491 573 2512 .·
603 2479 644 2512 et
665 2486 785 2524 supra
802 2476 960 2512 Sacrum

79 2531 244 2568 adnotat
269 2531 441 2568 Sotium.
498 2529 709 2567 Ficuinum
739 2528 932 2566 auxilium
947 2540 956 2564 =

71 2590 185 2622 certe
201 2583 316 2628 mihi,
334 2584 403 2633 qui
427 2583 512 2620 sine
538 2582 651 2620 libris
678 2594 757 2620 non
775 2586 895 2619 enan>
911 2593 960 2618 ex

81 2639 155 2676 hac
171 2638 327 2674 lacuna.
370 2638 482 2674 lars.
535 2637 638 2674 Vere
656 2636 813 2685 Lipsius
830 2635 962 2683 conje-

79 2693 151 2738 cit,
170 2690 517 2738 transpositionem
543 2690 703 2737 factam,
721 2700 845 2737 eaque
867 2689 962 2734 fuit,

81 2750 127 2782 ut
149 2745 234 2790 alii,
248 2744 420 2782 Pichena
444 2744 488 2780 in
515 2744 668 2791 primis,
691 2743 962 2789 observavere,

81 2800 246 2846 integrae
277 2797 444 2846 paginae.
498 2797 650 2845 Pagina
683 2796 887 2834 desinebat
920 2797 964 2832 in

82 2851 438 2900 Satur—proxima
462 2849 679 2899 incipiebat
702 2861 728 2886 a
749 2851 842 2887 nino
860 2862 964 2895 cum,

84 2899 188 2946 uhde
206 2907 355 2943 factum
382 2901 590 2952 innocuum
607 2904 648 2940 in
666 2903 900 2952 quibusdam
915 2903 965 2939 li-

81 2961 178 2998 bris.
232 2959 307 2996 Sed
325 2958 559 3006 interposita
582 2962 624 2994 et
646 2957 754 3006 prior
769 2957 966 3006 descripta

83 3018 144 3052 est
158 3013 300 3059 altera,
314 3023 400 3060 quae
416 3010 631 3059 incipiebat
642 3013 864 3049 revirescere
874 3021 908 3048 c.
922 3016 962 3050 7.

84 3066 287 3106 desinebat
302 3067 343 3103 in
362 3072 406 3102 ut
419 3066 584 3111 inimici,
595 3077 628 3102 c.
643 3071 682 3105 9.
703 3065 849 3102 Verum
861 3064 965 3101 ordi-

83 3133 173 3160 nem
192 3119 369 3158 restituit
380 3119 563 3157 Pichena.
593 3120 792 3164 Ceterum,
809 3119 904 3166 quia
919 3129 967 3154 ea

83 3174 337 3224 transpoutio
361 3178 422 3210 est
439 3173 481 3209 in
506 3172 688 3210 omnibus
710 3173 820 3210 MSS.
841 3175 965 3220 patet,

84 3239 302 3266 eos-omnes
321 3238 368 3264 ex
389 3238 470 3264 uno
484 3226 587 3263 libro
605 3227 777 3273 fluxisse,
789 3227 891 3274 quod
907 3229 967 3262 et-

87 3284 167 3321 iam
184 3281 417 3329 conjiciebat
432 3282 472 3318 J.
488 3280 556 3318 Fr.
573 3281 796 3318 Gronovius
812 3280 907 3318 Obs.
925 3285 967 3324 4,

89 3341 127 3373 2.
144 3340 263 3383 μευ.
283 3335 392 3373 ERN.
413 3334 591 3372 Pichenae
607 3335 647 3371 in
661 3335 745 3371 loco
757 3335 970 3371 restituen-

89 3390 137 3427 do
148 3388 271 3426 facem
284 3388 491 3437 praetulere
508 3388 676 3424 Savilius
690 3391 731 3425 et
748 3389 962 3425 Mercerus.

142 3441 202 3480 Ee
232 3443 324 3479 «sui
347 3441 473 3491 soret]
528 3440 591 3478 Sic
636 3441 735 3478 bene
784 3442 966 3478 Pichena.

90 3494 219 3543 Vulgo
235 3500 272 3531 ee
287 3506 329 3532 eo
347 3496 565 3543 umiforet.

149 3547 356 3598 (elerareejl
388 3549 490 3586 Bud.
518 3547 734 3587 celebraret.
764 3547 894 3597 Vulgo
911 3560 969 3585 ce·

1002 1401 1164 1437 lebrare.
1199 1400 1298 1448 Agr.
1336 1400 1516 1438 celerare.
1572 1401 1742 1439 Pichena
1777 1405 1885 1440 recte

1002 1455 1196 1492 celeraret.

1057 1507 1121 1544 Ac
1137 1504 1203 1554 ne]
1237 1505 1302 1544 Sic
1321 1507 1430 1544 Pich.
1448 1517 1470 1543 e
1487 1506 1593 1545 Flor.
1635 1509 1699 1546 Sic
1726 1511 1767 1546 et
1780 1508 1888 1550 Bud.

1004 1561 1135 1608 Vulgo
1152 1566 1194 1597 at
1211 1571 1271 1596 ne.
1477 1572 1487 1575 ’
1511 1557 1515 1561 ‘

1060 1615 1232 1651 Inermec
1248 1612 1480 1664 provinciae]
1536 1613 1727 1652 Deductis
1746 1627 1801 1653 sc.
1832 1616 1890 1654 le-

1005 1667 1190 1715 gionibus
1217 1677 1353 1703 versus
1379 1667 1562 1704 Italiam}
1597 1668 1702 1705 unde
1735 1671 1891 1718 pericu-

1005 1721 1106 1767 lum,
1128 1732 1180 1757 ne
1204 1719 1366 1757 barbari
1392 1731 1479 1758 cam
1505 1722 1747 1761 occasionem
1774 1728 1894 1773 puta-

1007 1780 1099 1812 rent
1115 1774 1329 1812 infestandi
1346 1775 1567 1823 provincias
1582 1775 1744 1815 vicinas.
1773 1779 1885 1817 ERN.

1062 1829 1187 1866 Penes
1219 1840 1313 1877 quos
1342 1829 1516 1865 civitatis
1544 1830 1736 1881 regimen]
1797 1831 1896 1869 Haec

1007 1882 1129 1919 verba
1145 1882 1316 1918 insititia
1338 1882 1562 1931 suspicatur
1580 1884 1789 1923 Gruterus.
1819 1886 1898 1923 sal-

1007 1939 1088 1973 tem
1108 1936 1306 1972 commode
1323 1935 1460 1972 abesse
1479 1940 1678 1983 poterant,
1696 1939 1896 1976 redolent-

1011 2001 1086 2038 que
1114 1989 1382 2038 glossatorem.
1441 1990 1536 2026 Mox
1562 1990 1662 2027 bene
1681 2003 1704 2028 a
1721 1993 1899 2030 Pichena

1010 2044 1310 2091 interpunctum
1339 2046 1429 2090 post
1458 2044 1585 2080 asciti.
1641 2045 1702 2082 Sic
1725 2045 1808 2092 J'am
1832 2047 1895 2085 ed.

1009 2108 1070 2146 pr.
1124 2097 1232 2134 ERN.
1288 2096 1382 2134 Scil.
1419 2098 1615 2134 Gruterus
1655 2100 1895 2138 inusitatum

1009 2153 1144 2188 nostro
1159 2149 1342 2198 putabat,
1356 2151 1552 2188 civitatem
1569 2163 1640 2199 pro
1657 2157 1776 2201 gente
1793 2154 1897 2191 inte-

1008 2216 1082 2254 gra
1097 2205 1191 2253 poni
1207 2216 1220 2250 3
1250 2205 1315 2240 sed
1334 2204 1390 2240 sic
1410 2205 1529 2240 etiam
1547 2206 1725 2245 civitates
1745 2209 1896 2246 Gallia-

1009 2271 1098 2296 rum
1115 2257 1236 2295 habet
1246 2259 1296 2295 A.
1313 2263 1354 2303 3,
1372 2263 1439 2296 40.
1459 2263 1525 2296 41.

1063 2312 1220 2349 Plebem
1236 2323 1384 2361 quoque
1400 2318 1437 2349 et
1462 2314 1540 2350 vim
1559 2313 1749 2365 equitum]
1792 2315 1898 2354 Box-

1010 2365 1175 2402 hornius
1198 2366 1367 2414 peditem
1388 2378 1535 2417 quoque
1553 2374 1590 2404 ct
1605 2368 1683 2404 vim
1707 2372 1895 2419 equitum.

1011 2420 1120 2457 Hist.
1143 2425 1179 2465 1,
1193 2424 1259 2459 79.
1288 2419 1469 2469 Namque
1486 2422 1630 2458 mirum
1648 2422 1769 2468 dictu,
1781 2431 1826 2461 ut
1843 2427 1900 2462 sit

1011 2474 1136 2511 omnis
1155 2474 1430 2510 Sarmatarum
1447 2475 1507 2511 vis
1531 2476 1633 2512 velut
1648 2481 1762 2512 arcera
1780 2478 1898 2526 ipsos.

1010 2527 1113 2564 nihil
1137 2528 1192 2563 ad
1219 2527 1436 2575 pedestrem
1460 2540 1643 2577 pugnam
1670 2535 1752 2566 tam
1780 2532 1898 2581 igna-

1012 2593 1102 2618 vum
1114 2595 1129 2621 ‚·
1159 2580 1227 2617 ubi
1247 2591 1321 2628 per
1335 2585 1487 2617 turmas
1512 2581 1707 2626 advenere,
1725 2596 1795 2620 vm·
1813 2586 1899 2622 ulla

1013 2635 1116 2671 acies·
1131 2633 1331 2670 obstiterit.
1387 2634 1460 2670 Sed
1471 2635 1621 2683 plebem
1639 2635 1734 2672 ferri
1752 2641 1898 2684 potest,

1015 2687 1109 2735 quia
1124 2686 1338 2734 opponitur
1354 2686 1619 2736 Principibus.
1660 2690 1814 2727 Pedites
1833 2703 1899 2729 su-

1014 2740 1227 2777 mebantur
1243 2751 1264 2775 e
1282 2739 1423 2788 plebe:
1453 2740 1605 2779 nobiles
1634 2743 1744 2790 equis
1771 2756 1899 2782 mere·

1016 2794 1113 2831 bant
1128 2806 1137 2829 ι
1168 2793 1272 2830 unde
1285 2794 1436 2841 pedites
1448 2803 1524 2842 pro
1542 2795 1656 2843 plebe
1674 2808 1736 2845 ap.
1756 2798 1900 2838 Horat.

1017 2846 1066 2885 A.
1085 2848 1127 2885 P.
1149 2849 1236 2884 113.
1289 2847 1398 2884 ERN.

1071 2901 1297 2938 Remissum
1312 2900 1357 2936 id
1369 2913 1510 2938 munus
1537 2901 1632 2954 etc.]
1679 2904 1899 2945 Remis-rum

1015 2954 1118 2991 bene
1147 2954 1362 2991 Rhenanus
1395 2953 1432 3004 (e
1459 2953 1579 3005 Bud.)
1613 2957 1734 3004 dedit,
1764 2963 1813 2997 ut
1840 2964 1900 2999 est

1011 3009 1096 3056 jam
1114 3007 1158 3045 in
1175 3008 1237 3045 ed.
1254 3019 1316 3056 pr.
1362 3008 1539 3057 Reliquae
1554 3013 1648 3048 ante
1666 3012 1794 3052 Rhen.
1814 3015 1902 3054 MS.

1018 3060 1149 3099 Guelf.
1167 3062 1264 3109 Reg.
1281 3063 1478 3100 omas-mm.
1531 3063 1640 3102 ERN.

1072 3115 1135 3152 Ne
1170 3116 1271 3151 iuter
1298 3116 1510 3153 discordias
1535 3124 1694 3157 externa
1721 3121 1902 3159 moliren-

1018 3167 1101 3218 tur]
1160 3169 1304 3206 Sensus
1322 3181 1333 3204 =
1372 3180 1423 3206 ne
1457 3170 1734 3219 adsuefierent,
1769 3186 1900 3214 rerum

1019 3227 1270 3260 externarum
1297 3233 1431 3260 curam
1463 3235 1594 3272 agere,
1626 3233 1904 3279 πολυτραφμο·

1021 3278 1083 3314 νεῖν
1100 3277 1141 3312 in
1162 3275 1279 3314 rebus
1292 3277 1342 3314 ad
1359 3288 1471 3314 suam
1488 3279 1686 3316 civitatem
1707 3281 1764 3318 nil
1779 3283 1902 3328 perti·

1022 3330 1224 3381 nenti-bus,
1244 3341 1362 3379 seque
1380 3332 1597 3369 immiscere
1621 3333 1739 3370 rebus
1759 3335 1901 3371 Roma-

1019 3384 1096 3431 nis,
1113 3388 1154 3421 et
1182 3384 1360 3432 partibus
1387 3385 1590 3422 alterutris
1616 3387 1811 3429 accedere,
1832 3389 1902 3424 ubi

1019 3438 1219 3475 discordiae
1248 3442 1289 3476 et
1321 3437 1426 3474 bella
1466 3439 1598 3476 civilia
1635 3443 1902 3479 nasoerentur.

1021 3493 1118 3530 Haec
1145 3492 1249 3528 ratio
1275 3492 1325 3528 ad
1353 3491 1577 3530 universam
1605 3504 1687 3530 rem
1713 3495 1901 3541 pertinet,

1021 3545 1167 3594 oppido
1186 3545 1357 3592 prudens
1386 3545 1470 3592 iua,
1486 3550 1527 3583 et
1553 3557 1696 3596 magna
1712 3558 1800 3586 cum
1823 3547 1901 3586 1m÷

1084 3614 1127 3648 M
1156 3603 1188 3648 3
