2190 3880
2143 0 2190 231 l

210 280 262 315 A.
281 278 331 314 U.
349 261 510 312 armis
538 261 800 327 mulctati,
824 262 1046 333 privatis
1074 277 1128 316 et
1156 265 1474 336 promiscuis
1497 263 1670 334 copiis
1689 262 1880 334 juvere
1899 262 2167 319 militem-²³

229 333 318 368 823·
350 332 451 384 Sed
484 332 625 384 fama
651 346 902 386 constans
942 334 1063 400 fuit,
1102 335 1262 405 ipsum
1297 334 1553 388 Valentem
1591 353 1776 406 magna
1803 335 2020 405 pecunia
2047 315 2171 388 ema}

217 386 506 480 A7'Of3'ptum.
583 404 635 456 Is
662 406 755 458 diu
785 406 1047 471 sordidus,
1087 418 1306 477 repente
1332 407 1499 472 diveS,
1528 407 1883 458 mutationem
1911 403 2173 467 fortunas-³}

348 475 486 527 male
514 477 748 546 tegebat,
776 478 1013 528 accensis
1042 490 1281 549 egestate
1319 477 1482 548 longa
1511 478 1856 548 cupidinibus
1899 476 2183 544 inmo'de-jl

348 558 511 610 ratuS‚
557 558 628 612 et,
678 548 823 616 inopi
870 549 1118 616 juventa,
1164 567 1327 601 senex
1379 549 1652 620 prodigus.
1730 549 1902 600 Lento·
1952 540 2148 600 deinde
2171 545 2185 611 ’ᾖ

349 619 583 688 agmine,
625 636 716 687 per
746 619 876 670 fines
915 619 1270 691 Allobrogum
1309 631 1364 671 et
1393 621 1781 672 Vocontiorum
1820 620 2013 671 ductus
2051 637 2147 672 ex·
2183 615 2185 623 '

348 690 572 742 ercitus:
615 690 732 760 ipsa
759 690 1007 743 itinerum
1038 693 1213 761 spatia
1237 703 1291 744 et
1317 691 1633 743 stativorum
1664 691 1988 743 mutationes
2017 709 2143 743 ven-

349 761 555 812 ditante
585 759 757 824 Duce,
786 760 949 813 foedis
979 763 1319 834 pactionibus
1357 763 1606 815 adversus
1635 779 1964 833 possessores
1988 765 2147 832 agro-

349 850 468 883 rum
509 844 563 883 et
608 831 966 902 Magistratus
1019 835 1320 900 civitatum,
1368 835 1501 886 adeo
1541 833 1842 898 minaciter,
1887 845 1950 885 ut
1999 834 2170 886 Luco‘

350 902 728 974 (municipium
773 903 828 955 id
868 905 1259 957 Vocontiorum
1295 907 1399 968 est)
1439 905 1582 957 faces
1621 903 1938 971 admoverit,
1973 905 2147 957 donec

352 973 582 1044 pecunia
629 974 984 1044 mitigaretur.
1045 977 1293 1046 quotiens
1347 978 1591 1046 pecuniae
1645 977 1870 1029 materia
1921 977 2148 1041 deesset,

355 1044 552 1115 stupris
578 1055 632 1097 et
657 1046 932 1099 adulteriis
959 1047 1306 1100 exorabatur.
1379 1048 1471 1100 Sic
1506 1048 1575 1099 ad
1607 1045 1770 1119 Alpes
1812 1061 2147 1118 perventum.

270 1116 334 1172 67
358 1114 483 1168 Plus
512 1117 708 1187 praedae
736 1137 798 1170 ac
825 1119 1100 1170 sano-uiuis
1129 1118 1352 1171 Caecina
1378 1118 1574 1171 hausit.
1649 1117 2007 1172 latitaverant
2035 1130 2147 1171 tur-

355 1188 541 1240 bidum
585 1189 861 1259 ingenium
903 1163 1162 1255 navem,
1192 1190 1403 1242 canica
1438 1207 1587 1260 gens,
1627 1189 1755 1242 olim
1795 1191 1954 1242 armis
1993 1190 2147 1243 viris-

352 1277 475 1330 que,
505 1278 629 1311 mox
661 1261 917 1313 memoria
955 1261 1187 1314 nominis
1225 1261 1384 1325 clara,
1420 1263 1488 1314 de
1528 1262 1676 1314 caede
1719 1260 1913 1314 Galbae
1951 1262 2147 1332 ignari,

353 1343 409 1382 et
435 1330 636 1402 Vitellii
665 1332 948 1403 imperium
977 1335 1290 1386 abnuentes,
1351 1333 1592 1386 -Initium
1623 1332 1761 1385 bello
1787 1332 1893 1385 fuit
1921 1333 2150 1386 avaritia⁴

353 1421 417 1454 ac
456 1402 732 1455 festinatio
778 1404 1211 1458 unaetvicesimae
1246 1405 1494 1474 legioniS.
1531 1416 1819 1476 rapuerant
1846 1405 2147 1475 pecuniam,

351 1474 570 1526 missam
593 1476 646 1526 in
674 1475 1003 1546 stipendium
1027 1476 1249 1542 castelli,
1286 1476 1431 1546 quod.
1453 1475 1581 1529 olim
1611 1475 1849 1528 Helvetii
1878 1476 1987 1528 suis
2007 1475 2147 1528 mili-

355 1546 500 1597 tibus
525 1564 587 1598 ac
613 1547 894 1617 stipendiis
921 1547 1224 1600 tuebantur.
1264 1565 1408 1619 aegre
1443 1547 1499 1600 id
1526 1548 1666 1619 passi
1696 1546 1957 1613 Helvetii,
1982 1548 2147 1600 inter-

353 1618 525 1687 ceptis
562 1617 820 1689 epistoliS,
848 1638 969 1689 quae
1004 1620 1223 1672 nomine
1252 1619 1563 1672 Germanici
1602 1620 1870 1671 exercitus
1903 1619 1969 1672 ad
2008 1619 2150 1671 Pan·

354 1688 576 1741 nonicas
602 1690 840 1761 legiones
879 1690 1206 1756 ferebantur,
1233 1690 1620 1744 Centurionem
1656 1701 1712 1742 et
1751 1690 2010 1761 quosdam
2049 1690 2149 1742 mi-

353 1760 510 1813 litum
538 1761 593 1812 in
619 1762 866 1814 custodia
895 1763 1227 1816 retinebant..
1292 1761 1533 1827 Caecina,
1559 1761 1685 1814 belli
1722 1761 1928 1827 aviduS‚
1966 1761 2149 1833 proxi-

354 1849 499 1884 mam
539 1850 807 1903 quamque
846 1834 1081 1906 culpam,
1122 1847 1412 1904 antequam
1450 1833 1762 1905 poeniteret,
1802 1832 1975 1886 ultum
2015 1834 2147 1886 ibat.

353 1915 504 1955 mota
541 1921 766 1974 propere
808 1917 999 1960 castra.
1038 1907 1230 1959 vastati
1271 1903 1406 1977 agri.
1444 1905 1684 1981 direptus
1727 1905 1889 1976 longa
1927 1922 2059 1976 pace
2090 1905 2147 1955 in

353 1975 576 2027 modum
602 1976 883 2047 municipii
909 1989 1215 2031 exstructus
1241 1975 1410 2042 locuS,
1432 1995 1650 2030 amoeno
1673 1976 1963 2029 salubrium
1987 1994 2151 2046 aqua-

356 2065 472 2099 rum
501 2065 596 2099 usu
626 2047 895 2119 frequens,
934 2050 1080 2102 missi
1109 2050 1176 2103 ad
1205 2048 1459 2102 Rhaetica
1483 2048 1686 2102 auxilia
1725 2047 1922 2114 nuntii,
1949 2058 2008 2100 ut
2038 2065 2150 2100 ver-

349 141 409 184 62
943 134 1552 187 HISTORIARUM

367 2249 369 2253 .
405 2216 590 2253 Ama-mis
606 2227 669 2264 eg.
699 2215 821 2265 longa
839 2215 947 2266 cup]
979 2217 1040 2255 Sic
1063 2228 1135 2255 scr.
1167 2215 1225 2268 (in

351 2269 413 2306 liis
432 2269 553 2320 Bud.)
577 2273 616 2306 et
632 2270 717 2307 edd.
744 2275 786 2307 at
812 2270 944 2308 Guelf.
970 2283 995 2308 a
1015 2283 1120 2310 man.
1150 2283 1226 2308 sec.

353 2336 547 2370 accensus,
575 2323 624 2360 ob
643 2324 999 2372 interpunctionem
1029 2329 1119 2374 post
1144 2326 1228 2363 lon-

350 2390 425 2427 ga,
443 2390 529 2426 quae
553 2390 578 2413 a
602 2390 658 2427 pr.
687 2390 790 2415 man.
809 2383 881 2416 est.
923 2379 1138 2428 Vulgatum
1161 2390 1226 2416 ve-

353 2442 442 2470 rum
458 2436 531 2469 est.
559 2433 665 2470 ERN.

405 2485 532 2535 Luco]
557 2485 724 2535 Augusti
742 2486 903 2525 scilicet.
919 2487 1020 2526 Plin.
1039 2494 1079 2533 3,
1098 2492 1136 2527 5.

406 2541 590 2578 Pecuniae
607 2541 789 2591 materia]
820 2542 910 2579 Non
933 2543 1150 2590 intelligam
1166 2553 1229 2579 oc-

353 2595 562 2640 casionem,
596 2599 827 2643 praetextum
862 2596 1125 2645 postulandae:
1162 2596 1230 2632 sed

351 2649 580 2687 facultatem
597 2649 750 2686 dandae:
779 2649 849 2686 ubi
867 2662 946 2687 non
964 2654 1094 2699 posset
1111 2661 1230 2699 pecu·

352 2704 422 2741 nia
448 2702 497 2740 ob
515 2703 688 2751 inopiam
705 2703 803 2741 dasi.
855 2705 1010 2754 Copula
1036 2708 1128 2741 ante
1145 2710 1229 2742 stu·

349 2759 435 2807 pris
451 2757 563 2794 abest
588 2769 614 2794 a
630 2758 733 2795 Flor-
752 2757 812 2794 ed.
829 2769 889 2807 pr.
918 2762 1101 2808 recteque
1125 2758 1228 2796 dele-

355 2812 413 2849 vit
440 2812 623 2858 Pichena,
659 2817 706 2850 ut
736 2811 883 2850 dudum
916 2812 1123 2850 voluerant
1154 2811 1229 2850 viri

354 2867 471 2903 docti.
504 2866 711 2917 (Faernus,
727 2867 857 2917 Acid.)
888 2867 997 2905 ERN.
1047 2865 1149 2905 Bud.
1167 2877 1230 2903 co-

354 2921 488 2968 pulam
504 2919 634 2958 habet.

413 2975 517 3011 Olim
535 2973 672 3024 armis]
704 2973 766 3012 Sic
783 2978 887 3011 recte
914 2975 1084 3012 correxit
1099 2973 1228 3012 Rhen.

354 3029 462 3066 Ante
481 3028 565 3066 edd.
580 3039 728 3074 omnes,
746 3028 878 3066 Guelf.
903 3026 1040 3078 (Bud.)
1085 3029 1170 3067 Soli
1188 3030 1231 3066 in

355 3082 488 3118 armi-r.
517 3082 624 3119 ERN.

415 3135 548 3185 Clara]
581 3135 644 3173 Sic
671 3134 774 3173 Bud.
802 3135 903 3172 male
931 3145 980 3173 ex
1007 3135 1105 3185 Agr.
1129 3131 1233 3172 clari

356 3189 499 3240 probat
515 3189 720 3230 Heinsius,
922 3221 924 3223 ,

412 3245 629 3281 Γωῑίηατίο
645 3242 935 3280 undevicesima
958 3237 1142 3290 legionis]
1176 3239 1233 3278 Ut

357 3309 481 3345 supra
498 3297 687 3343 narravit,
700 3297 854 3333 Caecina
869 3297 1026 3333 unicam
1039 3294 1232 3343 legionem

359 3351 513 3396 habuit,
532 3362 694 3399 eamque
719 3349 832 3387 XXI.
878 3350 980 3390 Quis
1007 3349 1129 3397 igitur
1156 3347 1234 3384 hae·

358 3409 459 3451 reat,
489 3405 585 3453 quin
613 3405 678 3441 hic
705 3402 952 3440 scribendum
983 3402 1233 3440 unaetvicesi·

360 3459 467 3499 mee?
511 3458 639 3497 Didici
674 3461 810 3507 postea
842 3457 896 3494 sic
936 3467 1019 3493 esse
1054 3456 1097 3493 in
1130 3454 1234 3493 Flor.

360 3515 471 3561 Lxrs.
501 3512 630 3554 Guelf.
647 3524 670 3550 a
688 3523 748 3562 pr.
765 3522 869 3553 man.
883 3512 1002 3551 unius
1015 3516 1051 3549 et
1068 3510 1141 3549 m‘c.
1158 3510 1234 3552 Ed.

1277 2228 1338 2266 pr.
1360 2215 1417 2267 (et
1441 2215 1523 2254 cod.
1544 2213 1663 2266 Bud.)
1683 2214 1782 2253 unde
1804 2221 1841 2252 et
1861 2216 1934 2253 vic.
1964 2213 2066 2263 quod
2094 2215 2151 2252 fa-

1278 2275 1385 2308 ctum
1414 2282 1461 2307 ex
1485 2283 1565 2307 una
1585 2277 1622 2308 et
1639 2272 1713 2307 vic.
1742 2269 1855 2306 facile
1878 2273 2000 2317 patet.
2055 2269 2149 2306 Mox

1277 2331 1489 2373 rapuerant
1506 2324 1609 2363 Flor.
1637 2322 1770 2374 (Bud.)
1791 2323 1924 2361 Guelf.
1943 2323 2029 2360 edd.
2058 2327 2150 2360 ante

1279 2380 1408 2416 Rhen.
1445 2390 1590 2415 omnes.
1645 2379 1693 2415 ln
1725 2378 1843 2424 hujus
1877 2377 1938 2415 ed.
1979 2378 2151 2426 irrepsit,

1281 2433 1378 2471 vitio
1399 2444 1620 2482 operarum,
1637 2438 1864 2481 rapuerunt,
1882 2431 1997 2480 idque
2013 2443 2151 2480 propa-

1279 2491 1431 2536 gatum.
1476 2486 1599 2523 Vetus
1615 2485 1790 2523 restituit
1807 2486 1987 2522 Picheua.
2018 2487 2126 2523 ERN.

1336 2540 1584 2591 Retiuebant]
1611 2539 1706 2588 Agr.
1731 2538 1960 2577 detinebant.
1987 2540 2153 2577 Heinsio

1308 2594 1422 2633 lacet.

1282 2607 1307 2645 P
1336 2649 1568 2686 Proximam
1596 2660 1784 2699 quamque
1817 2646 1987 2696 culpam]
2027 2645 2153 2683 Hein-

1281 2703 1362 2741 sius
1379 2702 1596 2751 corrigebat
1618 2704 1845 2751 proximum
1871 2713 2051 2751 quemque
2071 2701 2153 2736 cul-

1275 2771 1354 2807 ρω.
1392 2757 1524 2795 Placet
1540 2757 1692 2794 Graevio
1707 2755 1758 2794 T.
1783 2761 1822 2792 4.
1851 2767 1912 2803 ep.
1930 2755 2028 2793 eon.
2047 2754 2095 2790 Β.
2114 2766 2154 2802 p.

1282 2816 1373 2850 505.
1428 2811 1470 2850 Si
1498 2811 1548 2848 ad
1573 2810 1815 2860 singulorum
1839 2820 1997 2858 poenam
2033 2808 2155 2857 perti-

1282 2869 1364 2911 net,
1394 2869 1544 2902 rectum
1574 2872 1648 2903 est.
1703 2863 1777 2902 Sed
1805 2863 1854 2900 ad
1883 2862 1921 2899 ’td
1946 2874 2025 2899 non
2054 2874 2154 2910 opus

1283 2919 1400 2966 bello,
1427 2931 1499 2956 nec
1528 2920 1576 2956 ad
1602 2918 1818 2968 puniendos
1838 2917 1982 2954 Duces.
2035 2916 2153 2958 Quod

1282 2973 1384 3012 idem
1401 2975 1451 3011 ad
1466 2974 1599 3011 valer.
1615 2971 1672 3010 Fl.
1688 2978 1728 3016 3,
1744 2976 1839 3024 392.
1867 2982 1981 3018 porro
1995 2970 2156 3018 corrigit

1283 3034 1354 3066 aet
1390 3028 1656 3078 poenitentiae,
1688 3026 1828 3062 merito
1872 3024 2068 3073 improbat
2113 3024 2154 3061 J.

1284 3083 1405 3119 Gron.
1423 3083 1531 3120 ERN.
1584 3080 1680 3117 Haec
1698 3078 1815 3117 verba
1831 3085 1900 3116 ant
1919 3079 2157 3128 poeniteutioe

1284 3146 1365 3172 non
1382 3134 1569 3184 leguntur
1586 3135 1628 3171 in
1643 3134 1726 3171 loco
1742 3133 1976 3171 Burmanni.

1338 3189 1530 3238 Direptus
1547 3189 1667 3236 longa
1680 3186 1795 3237 pace]
1827 3186 2067 3235 Intelligitur
2085 3198 2155 3234 op·

1286 3242 1422 3291 pidum
1447 3242 1607 3279 Badcna
1629 3242 1669 3278 in
1696 3252 1795 3289 pago
1821 3241 2028 3287 Tigurino,
2053 3240 2155 3288 quod

1286 3306 1428 3334 nomen
1443 3295 1493 3333 ab
1511 3297 1621 3344 aquis
1638 3294 1858 3332 salubribus
1871 3295 2032 3342 accepit.
2049 3294 2157 3331 Em«.

1287 3349 1477 3388 Heinsius
1495 3351 1543 3387 ad
1561 3348 1661 3386 Vell.
1679 3355 1719 3396 2,
1741 3353 1829 3386 115.
1856 3358 1928 3396 pro
1949 3349 2055 3386 locus
2081 3348 2160 3395 legi

1285 3403 1374 3441 vult
1404 3406 1512 3442 vicus
1539 3406 1587 3441 ut
1614 3403 1662 3441 A.
1694 3409 1730 3449 1,
1757 3407 1821 3440 20.
1875 3402 1937 3440 Sic
1966 3413 2056 3440 mox
2088 3413 2160 3451 pro

1287 3469 1398 3497 arma
1414 3469 1563 3497 noscere
1580 3457 1675 3496 velit
1694 3468 1862 3507 poscere,
1886 3461 1933 3495 ut
1949 3460 1989 3505 6,
2008 3461 2076 3504 ³4,
2096 3461 2159 3501 1⁵2,

1286 3515 1355 3552 35.
1980 3538 1981 3541 ,
