2190 3880
308 116 409 161 218
939 67 1535 166 HlsTomARUM

174 230 542 295 A.1J.Januar.
583 232 772 287 audita
804 233 1121 288 defectione
1157 235 1392 306 legionis
1432 235 1870 308 cohortiumque,
1906 256 2030 309 quae
2068 257 2125 292 se

191 309 285 347 823.

184 360 235 400 A.
255 359 288 399 C

170 415 177 422 ¹
205 418 273 453 70.

229 514 298 566 68
319 517 697 589 tempestivae:
753 517 908 568 miles
946 534 1146 568 minaci
1187 515 1422 568 silentio.

293 387 304 398 ⁰
317 376 524 428 circum
565 374 790 434 familia.

302 802 526 864 urbem,
553 799 704 851 exire
727 799 807 861 ,de
837 797 920 849 Im
963 798 1097 850 erio·

320 304 545 357 Narniae
571 304 907 369 dediderant,
938 305 1083 376 pullo
1109 307 1314 359 amictu
1343 305 1545 376 palatio
1578 309 1910 379 degreditur,
1935 320 2129 362 maesta

867 376 1039 428 Simul
1082 377 1356 429 ferebatur
1397 377 1649 430 lecticula
1684 380 1936 449 parvulus
1965 379 2128 444 filius,

319 445 466 500 velut
504 446 564 499 iu>
599 445 884 500 funebrem
923 463 1202 516 pompam.
1278 447 1457 499 Voces
1497 449 1687 570 Kopuli
1729 450 1938 503 blaudae
1963 461 2021 503 et
2046 450 2129 502 in-

1007 517 1017 526 ‘
1133 517 1143 526 '
1556 536 1619 570 ec
1655 520 1943 590 quisquam
1990 520 2128 573 adeo

313 606 493 642 rerum
538 588 898 640 humanarum
946 586 1232 649 inmemor,
1269 604 1431 657 quem
1476 605 1585 640 non
1632 603 2004 643 commoveret
2041 591 2133 642 illa

315 659 518 712 facies:
574 658 887 710 Romanum
936 656 1269 728 Principem,
1310 670 1366 709 et
1416 659 1631 728 generis
1685 661 1908 713 humani
1948 660 2129 731 paullo

302 740 442 785 ‚ante
479 729 783 791 dominum,
811 726 1000 779 relicta
1026 727 1262 781 fortunae
1291 747 1404 782 suae
1432 730 1576 795 sede,
1606 749 1700 800 per
1726 731 2010 802 populum,
2107 749 2131 783 r

1173 798 1329 852 Nihil
1355 798 1462 852 tale
1490 801 1757 866 viderant,
1784 801 1920 855 nihil
1946 819 2035 865 uu¹
2057 802 2132 854 ie-

315 882 456 924 rant.
494 869 779 939 repentina
807 869 887 920 vis
987 868 1272 921 ictatorem
1310 869 1582 925 Caesarem
1623 884 2002 943 oppresserat3
2039 873 2134 926 oc·

315 941 478 994 cultae
510 939 704 995 Caium
746 939 990 993 insidiae:
1030 958 1143 992 nox
1171 954 1228 992 et
1253 941 1504 1011 ignotum
1544 961 1632 995 rus
1667 943 1856 1015 fugam
1895 943 2133 997 Neronis

316 1011 746 1078 absconderant:
799 1009 930 1079 Piso
967 1022 1023 1063 et
1058 1010 1247 1066 *Galba
1288 1023 1565 1082 tamquam
1605 1014 1661 1065 in
1699 1016 1816 1068 acie
1852 1014 2129 1068 cecidere:

315 1084 373 1149 in
398 1101 512 1134 ‘sua
552 1083 820 1134 concione
850 1082 1117 1147 Vitellius,
1155 1082 1295 1134 inter
1323 1100 1448 1135 suos
1486 1084 1705 1148 milites,
1733 1085 2133 1157 prospectanti-

315 1156 420 1206 bus
446 1153 609 1206 etiam
641 1152 878 1217 feminiS,
904 1171 1079 1223 pauca
1106 1165 1161 1204 et
1190 1154 1444 1223 praesenti
1472 1155 1746 1208 maestitiae
1772 1156 2136 1227 congruentia

316 1225 566 1278 locutus:
607 1223 773 1276 cedere
797 1242 846 1276 se
877 1224 1024 1304 pacis
1048 1233 1096 1276 et
1125 1222 1444 1293 Reipublicae
1476 1243 1683 1290 caussa:
1720 1226 1990 1280 retinerent
2014 1234 2135 1279 tan-

315 1304 425 1348 tum
440 1295 734 1348 memoriam
753 1295 834 1347 ευτ’
831 1296 1162 1366 fratremque
1172 1303 1222 1346 et
1242 1296 1502 1367 conjugem
1519 1305 1567 1349 et
1584 1297 1846 1350 innoxiam
1861 1297 2135 1350 liberorum

317 1375 512 1419 aetatem
533 1366 923 1420 miserarentur.-
951 1365 1111 1417 simul
1134 1366 1302 1417 filium
1327 1367 1673 1437 protendenS,
1698 1369 1862 1421 modo
1887 1368 2133 1439 singulis,

317 1438 482 1489 modo
524 1437 788 1488 universis
830 1437 1237 1500 commendam,
1278 1449 1551 1506 postremo
1588 1439 1717 1490 fletu
1747 1440 2135 1510 praepediente,

315 1509 600 1559 adsistenti
633 1507 861 1559 Consuli
889 1507 1173 1573 (Caecilius
1205 1507 1451 1578 Simplex
1489 1512 1627 1573 erat)
1653 1511 1960 1562 exsolutum
1995 1529 2026 1561 a
2058 1510 2136 1562 la-

320 1590 432 1630 tere
484 1579 799 1648 pugionem,
839 1579 983 1630 velut
1015 1578 1108 1648 jus
1143 1578 1289 1629 necis
1323 1579 1558 1648 vitaeque
1594 1581 1816 1646 civium,
1853 1581 2131 1650 reddebat.

318 1649 703 1720 Adspernante
722 1649 980 1713 Consule,
1009 1647 1449 1715 reclamantibuS,
1471 1650 1565 1720 qui
1594 1651 1647 1703 in
1672 1651 1939 1706 concione
1965 1651 2134 1706 adsti-

319 1732 517 1785 terant,
541 1733 599 1772 ut
627 1721 680 1772 iu
713 1720 829 1772 aede
848 1719 1175 1772 Concordiae
1206 1721 1481 1791 positurus
1506 1722 1744 1792 iusignia
1771 1721 2015 1795 Imperii,
2034 1723 2133 1776 do-

311 1810 576 1862 mumque
604 1791 783 1843 fratris
813 1793 1100 1861 petituruS,
1127 1791 1394 1843 discessit.
1471 1792 1660 1862 Major
1687 1793 1778 1846 hic
1804 1793 2010 1847 clamor
2034 1795 2135 1847 ob-

319 1863 627 1916 sistentium
671 1862 968 1915 Penatibus
1001 1862 1329 1934 privatis,in
1356 1862 1613 1933 palatium
1643 1866 1976 1918 vocantium.
2043 1864 2134 1918 In-

321 1934 610 1987 terclusum
659 1934 803 1986 aliud
852 1933 972 1998 iter,
1011 1933 1174 2003 idque
1213 1933 1407 1999 solum,
1445 1935 1592 2004 quod
1631 1935 1684 1987 in
1728 1936 1951 1989 Sacram
1993 1936 2136 1989 viam

319 2017 588 2076 pergeret,
630 2006 870 2076 patebat.
925 2018 1040 2056 tum
1080 2005 1294 2056 consilii
1333 2005 1509 2076 inopS‚
1554 2007 1607 2059 in
1654 2006 1914 2077 palatium
1956 2008 2134 2062 rediit.

324 2078 668 2129 Praevenerat
709 2094 909 2140 rumor,
944 2076 1138 2146 ejurari
1180 2075 1342 2128 abeo
1385 2075 1697 2147 Imperium.-
1737 2080 2133 2150 scripseratque

318 2148 539 2201 Flavius
579 2147 815 2200 Sabinus
848 2147 1161 2200 cohortium
1195 2146 1472 2213 Tribunis,
1500 2157 1556 2201 ut
1581 2148 1794 2202 militem
1834 2147 2137 2204 cohiberent.

233 2219 518 2291 691gitur,
565 2230 842 2288 tamquam
882 2219 1059 2270 omnis
1114 2218 1447 2289 Respublica
1495 2220 1547 2271 in
1593 2220 1910 2290 Vespasiani
1957 2223 2137 2276 sinum

318 2291 584 2356 cessisset,
622 2291 886 2361 primores
927 2290 1157 2341 Senatus
1210 2302 1265 2342 et
1302 2290 1546 2361 plerique
1597 2290 1880 2362 Equestris
1925 2291 2137 2345 ordinis

1307 2437 1567 2476 Immensum
1611 2439 1726 2477 aliud
1761 2439 1856 2492 iter]
1923 2442 1988 2480 Sic
2031 2442 2135 2482 Flor.

1252 2492 1385 2530 Guelf.
1403 2492 1489 2529 edd.
1506 2496 1600 2530 ante
1617 2493 1745 2531 Rhen.
1764 2495 1833 2542 qui
1851 2506 1874 2531 e
1889 2495 1993 2534 Bud.
2014 2498 2137 2535 edidit

1252 2547 1432 2584 alterum.
1486 2546 1611 2583 vetus
1634 2547 1733 2584 bene
1758 2548 1936 2587 restituit
1953 2551 2137 2590 Picuena.

370 2440 532 2478 Palatio
560 2435 803 2487 degreditur]
862 2438 924 2476 Sic
954 2433 1052 2474 bene
1074 2436 1197 2475 edidit

319 2494 356 2543 (e
375 2492 496 2544 Bud.)
531 2494 762 2532 Rhenanus.
783 2492 831 2529 V.
849 2492 900 2529 ad
917 2492 967 2529 A.
985 2497 1027 2537 4,
1041 2497 1107 2531 49.
1133 2498 1197 2538 13,

319 2554 383 2587 14.
411 2551 488 2584 etc.
545 2548 600 2585 Et
623 2547 679 2584 sic
708 2547 748 2582 h.
778 2545 806 2582 l.
839 2549 902 2583 est.
929 2550 972 2582 et,
996 2546 1040 2582 in
1063 2546 1197 2583 Guelf.

316 2602 546 2650 Superiores
563 2601 650 2637 edd.
666 2611 804 2636 omues
819 2600 1055 2649 dig-reditur.
1106 2602 1199 2637 Post

314 2668 388 2705 pro
392 2655 563 2704 familia
588 2654 648 2691 ed.
679 2665 739 2703 pr.
756 2653 912 2699 vitiose,
939 2666 959 2690 e
988 2654 1201 2691 contracti-

304 2722 407 2755 -one,
412 2710 547 2758 sama.
603 2709 790 2745 Ceterum
808 2708 874 2744 hic
888 2709 978 2745 finis
995 2711 1056 2744 est
1073 2708 1199 2758 ρᾖως

315 2764 568 2812 transpositas
594 2763 636 2799 in
664 2766 760 2799 vett.
786 2762 900 2799 libris
925 2765 968 2799 et
991 2761 1052 2798 ed.
1082 2773 1143 2809 pr.
1163 2773 1202 2799 v.

315 2819 366 2854 ad
383 2829 418 2854 c.
438 2821 504 2854 65.
560 2817 661 2856 Quae
680 2816 742 2852 hic
763 2821 987 2864 sequuntur
1012 2827 1136 2864 usque
1153 2816 1201 2851 ad

317 2871 439 2908 verba
471 2872 515 2908 in
541 2870 773 2919 capitolium
803 2871 961 2916 accivit,
991 2869 1049 2906 ibi
1072 2881 1108 2907 c.
1133 2873 1200 2906 65.

320 2911 600 2974 sequebantur.
645 2924 754 2961 ERN.

374 2979 504 3015 Simul
511 2978 719 3028 serebatur
745 2976 838 3026 etc.]
884 2977 970 3015 MS.
988 2977 1122 3014 Guelf.
1140 2978 1202 3015 ed.

320 3044 382 3081 pr.
418 3045 485 3068 seu
525 3031 645 3082 (Bud.
675 3029 780 3080 ceu),
812 3032 926 3079 cujus
969 3031 1202 3079 corruptelae

319 3096 458 3122 caussa
485 3086 526 3121 in
551 3085 874 3132 transpositione.
906 3085 991 3122 MS.
1007 3085 1116 3123 Bud.
1137 3085 1206 3122 de·

319 3139 412 3176 iude
424 3150 584 3187 parvus.
631 3140 740 3176 Eam.

378 3194 429 3229 In
447 3194 530 3229 acie
547 3191 732 3241 cecidere]
767 3192 984 3229 Rhenanus
1002 3202 1083 3230 non
1102 3192 1204 3229 male

321 3245 545 3295 corrigebat
579 3246 796 3282 ceciderant
835 3257 857 3281 e
899 3247 1074 3293 vestigiis
1109 3247 1206 3283 scri-

322 3305 451 3352 ptum:
482 3299 678 3336 Budensis
720 3299 948 3335 cecidebant.
1006 3300 1101 3336 Mox
1141 3301 1202 3337 ed.

324 3366 385 3404 pr.
402 3354 532 3392 cedere
548 3366 587 3391 se
608 3353 721 3401 pacis
745 3359 783 3388 et
801 3352 916 3401 Reip.
945 3352 1030 3389 sine
1053 3365 1205 3390 caussa.

325 3411 434 3447 ERN.
490 3409 537 3445 ln
554 3407 657 3444 Bud.
675 3409 761 3443 erat
777 3406 979 3443 oecidebat.

381 3463 562 3500 coecieius
579 3459 775 3511 Simplex]
824 3460 870 3498 In
888 3459 992 3497 Bud.
1025 3459 1207 3508 Simplex

324 3517 446 3554 deest.

1253 2600 1398 2638 Sensus
1415 2603 1500 2637 estt
1529 2611 1664 2637 omnes
1677 2601 1750 2638 vioe
1766 2606 1882 2639 erant
1897 2605 2135 2652 interclusae,

1254 2665 1342 2702 quae
1375 2654 1470 2699 alio,
1502 2665 1621 2702 quam
1655 2655 1696 2691 in
1733 2655 1943 2705 palatium,
1972 2659 2135 2697 ferrent.

1254 2709 1364 2746 ERN·
1387 2708 1442 2746 lu
1461 2709 1565 2747 Bud.
1583 2720 1740 2759 quoque
1759 2715 1798 2747 2.
1815 2721 1869 2750 m.
1887 2712 2014 2756 aliud.
2039 2713 2136 2752 Mox

1255 2762 1358 2799 idem
1370 2762 1631 2811 prohiberent.

1314 2817 1429 2862 Quod
1459 2818 1502 2852 in
1543 2828 1647 2855 sacr.
1683 2818 1790 2854 viam
1827 2818 2026 2869 pergeret]
2087 2821 2139 2857 In

1253 2869 1456 2907 sacra'vt‘a
1484 2870 1569 2908 MS.
1599 2869 1737 2919 (Bud.)
1768 2871 1901 2909 Guelf.
1927 2871 2015 2910 edd.
2043 2873 2135 2910 rut.

1255 2935 1365 2972 seqq.
1390 2934 1526 2961 omnes
1549 2927 1643 2962 ante
1668 2924 1862 2972 Lipsium,
1889 2924 1958 2974 qui
1983 2937 2139 2964 caeram

1255 2979 1360 3014 viam
1376 2977 1512 3014 edidit..
1539 2978 1638 3014 illud
1653 2982 1696 3014 et
1715 2979 1845 3026 ipsum
1870 2978 1964 3015 ferri
1989 2984 2139 3030 posset,

1258 3031 1474 3079 praesertim
1503 3032 1537 3068 si
1566 3033 1608 3068 in
1633 3030 1801 3069 abesset.
1845 3031 2036 3082 Per-geret
2054 3035 2088 3071 i.
2104 3048 2139 3073 s.

1257 3086 1363 3122 viam
1379 3089 1441 3121 est
1462 3086 1764 3124 continuaretur
1781 3084 1846 3122 via
1869 3095 1994 3131 saera,
2012 3086 2140 3126 exiret

1257 3139 1300 3175 in
1317 3139 1421 3175 viam
1439 3149 1600 3176 sacram.
1645 3138 1777 3175 Possis
1793 3139 1988 3187 conjicere
2005 3151 2140 3190 verge-

1256 3198 1315 3230 ret
1329 3205 1343 3230 .-
1377 3192 1444 3228 sed
1472 3192 1527 3243 iu,
1541 3198 1723 3241 pergeret
1747 3192 1998 3231 consentiunt
2027 3194 2140 3236 libri.

1258 3246 1354 3282 Mox
1389 3245 1587 3282 amum
1618 3245 1719 3281 male
1745 3245 1807 3283 ed.
1841 3256 1904 3295 pr.
1929 3250 1969 3284 et
2003 3248 2042 3285 J.
2071 3248 2140 3288 Fr.

1258 3300 1380 3336 Grau.
1396 3299 1493 3336 vitio
1507 3309 1730 3347 operarum.
1773 3299 1883 3337 ERN.
2143 3327 2147 3333 -

1314 3351 1510 3402 Cesstuet]
1542 3351 1639 3400 Agr.
1657 3353 1741 3389 eod.
1758 3363 1784 3390 a
1805 3358 1839 3390 1.
1856 3364 1911 3391 m.
1927 3356 2139 3395 cecidisset.

1258 3405 1363 3496 glor.
1380 3407 1605 3453 cecinisset,
1619 3407 1723 3457 unde
1734 3407 1855 3456 Ryck.
1872 3408 2004 3446 forsan
2020 3421 2060 3447 ee
2074 3409 2138 3447 de·

1285 3460 1389 3499 isset.
