2190 3880
729 125 882 178 LIB.
926 129 983 176 V.
1026 129 1189 176 CAP.
1231 135 1277 178 5.
1796 135 1896 182 325

93 254 354 322 sideribus,
389 255 502 326 quis
544 253 780 307 mortales
813 260 1078 326 reguntur,
1100 253 1367 306 altissimo.
1395 254 1510 309 orbe
1552 264 1600 310 et
1630 257 1890 328 pracipua
1906 262 2041 311 A.'U.-

86 327 337 396 potentia,
377 325 522 390 stella
562 326 778 380 Saturni
794 324 1011 398 feratur
1030 347 1046 378 .·
1097 344 1158 377 ac
1197 325 1442 396 pleraque
1479 327 1742 381 caelestium
1787 331 1891 383 vim
1914 328 2015 419 {22¹3-

93 417 238 451 suam
279 407 327 452 et
363 417 566 451 cursum
602 398 831 468 septi-mos
862 417 958 468 per
992 416 1220 450 numeros
1259 397 1544 466 conficiant.
1620 400 1699 452 Hi
1737 401 2024 478 rituss7'1·⁴

98 486 320 541 quoquo
340 470 503 523 modo
525 470 752 535 inducti,
772 470 1096 540 antiquitate
1121 469 1499 522 defenduntur.
1533 482 1711 524 cetera
1737 474 1891 526 insti·
1907 497 1940 543 5

97 551 215 593 tuta
241 541 457 594 sinistra
482 541 633 603 foeda
670 542 936 613 pravitate
963 541 1192 594 valuere.
1268 541 1410 594 Nam
1450 542 1712 611 pessimus
1747 547 1894 615 quis-

94 629 218 682 que,
246 614 437 684 spretis
466 614 817 684 religionibus
844 614 1050 684 patri-i3‚
1080 614 1283 667 tributa
1307 624 1364 664 et
1390 614 1553 684 stipes
1580 613 1707 667 illuc
1738 634 1895 686 vgere-

94 684 265 738 bant:
314 685 456 738 unde
495 697 670 738 auctae
709 685 1026 738 Judaeorum
1073 671 1174 738 reg.
1250 684 1339 750 Et,
1376 686 1504 755 quia
1554 687 1699 757 apud
1746 688 1893 757 ipsos

93 755 225 808 fides
252 757 545 822 obstinata,
573 756 941 808 misericordia
966 757 1020 807 in
1050 769 1285 826 promtu,
1310 757 1400 808 sed
1422 757 1681 810 adversus
1705 777 1892 812 omnes

93 826 225 879 alios
252 827 448 880 hostile
478 829 684 892 odium,
711 828 941 898 separati
983 827 1174 898 epuliS,
1201 828 1417 880 discret-i
1447 829 1735 896 cubilibuS,
1762 850 1892 902 -pro-

0 927 7 939 ·
82 897 386 969 jectissima
429 899 496 951 ad
536 899 816 951 libidinem
860 917 1010 969 gem,
1052 899 1347 951 alienarum
1392 901 1688 953 concubitu
1716 903 1893 955 *absti-

89 981 253 1036 nent3
291 970 432 1023 inter
458 989 513 1023 se
540 970 673 1023 nihil
703 971 1002 1036 inlicitum;
1041 971 1425 1024 circumcidere
1452 972 1711 1042 genitalia
1736 975 1892 1028 insti-

91 1056 259 1107 tuere,
313 1052 374 1094 ut
430 1042 742 1095 diversitate
798 1055 1104 1095 noscantur.
1178 1041 1518 1114 Transgressi
1577 1044 1630 1096 in
1686 1063 1890 1100 morem

89 1131 276 1166 eorum
331 1113 472 1178 idem
526 1126 806 1185 usurpant.
870 1117 970 1166 nec
1021 1113 1316 1184 quidquam
1374 1115 1519 1184 prius
1571 1115 1888 1186 inbuuntur,

131 1204 250 1238 uam
293 1197 638 1238 contemnere
668 1186 835 1250 DeOS,
863 1202 1059 1254 exue-re
1096 1185 1346 1255 patriam,
1375 1197 1640 1255 parentes,
1673 1188 1890 1256 liberm,

89 1204 300 1321 iii-atres,
329 1257 457 1310 vilia
484 1257 699 1310 habere.
772 1257 1261 1327 Augendae··=tamen
1292 1257 1627 1310 multitudini
1656 1262 1890 1314 consuli-

92 1340 197 1384 tut.
273 1328 417 1382 Nam
456 1341 511 1382 et
548 1346 738 1382 necare
781 1347 1106 1404 quemquam
1146 1345 1216 1381 ex
1253 1329 1523 1401 adgnatiS,
1555 1329 1734 1386 nefas:
1775 1335 1891 1388 ani-

138 1509 220 1548 Per
234 1521 410 1548 numeros
422 1510 645 1562 conficiant]
693 1510 798 1547 Vera
823 1510 956 1556 lectio,

84 1575 201 1613 quam
219 1575 242 1600 e
261 1564 453 1602 Vaticano
481 1566 626 1614 promsi
648 1565 862 1602 referente:
887 1577 958 1615 per

83 1629 262 1656 numeros
292 1620 499 1656 coniciant.
528 1632 574 1657 ex
632 1632 680 1658 uo
704 1631 774 1668 ego
803 1632 870 1657 con
903 1620 958 1656 ci-

85 1678 169 1710 ant.
224 1672 355 1710 Aliter
373 1673 536 1723 vulgati.
630 1684 650 1710 e
666 1686 708 1711 re
725 1680 857 1711 autem
877 1675 963 1722 ipsa

84 1726 254 1764 Dionem
271 1728 359 1764 vide
374 1733 443 1773 37,
466 1731 529 1766 16.
558 1732 599 1765 et
626 1728 669 1765 in
694 1729 830 1777 primis
847 1727 962 1768 Alex.

85 1781 327 1820 elementem
346 1782 488 1822 Strom.
510 1786 551 1828 6,
575 1785 636 1820 16.
654 1795 693 1832 p.
713 1788 803 1822 290.
848 1784 960 1821 L1Ps.

88 1836 290 1874 Coniciant
308 1837 426 1874 etiam
446 1837 505 1873 ed.
524 1850 583 1886 pr.
605 1837 692 1878 MS.
712 1838 808 1886 Agr.
838 1837 960 1889 conji-

84 1892 204 1928 ciant.
257 1891 315 1940 At
335 1891 416 1928 MS.
436 1891 540 1928 Flor.
562 1890 618 1942 (et
635 1890 756 1942 Bud.)
776 1904 960 1934 commea-

82 1950 168 1982 rent
186 1941 273 1982 MS.
299 1945 428 1983 Guelf.
452 1945 540 1983 edd.
569 1950 706 1983 ceterae
722 1950 815 1983 ante
833 1947 960 1983 Rhen.

82 2011 131 2036 ac
149 1999 343 2050 plerisque
360 2001 569 2038 coelestinm
585 2001 663 2043 vim
687 2014 799 2038 suam
817 2006 854 2037 et
871 2013 958 2037 cur-

79 2065 443 2092 sum—commeare.
499 2053 714 2092 Rhenanus
761 2055 958 2103 ceterique

79 2109 173 2144 ante
191 2102 368 2157 Lipsium
395 2109 555 2146 dedere:
585 2122 632 2146 ac
654 2111 839 2159 pleraque
857 2122 891 2147 c.
920 2111 960 2146 vi

79 2175 152 2199 sua
169 2167 205 2200 et
223 2174 339 2199 cursu
355 2175 576 2200 commeare.
612 2163 707 2200 Mox
726 2164 810 2200 MS.
829 2163 959 2200 Guelf.

79 2216 140 2252 his
171 2224 327 2266 quoquo
352 2228 404 2254 m.
451 2218 559 2255 ERN.
614 2218 718 2254 Bud.
758 2219 957 2271 pleraque.

77 2270 172 2318 Bip.
200 2271 424 2318 conjectant
449 2271 575 2309 locum
598 2272 654 2308 ita
671 2271 955 2320 effingendam:

79 2337 128 2361 ac
137 2324 334 2374 plerisque
346 2326 430 2363 coel.
449 2326 529 2363 vim
542 2339 656 2363 suam
670 2338 825 2364 recursu
840 2328 957 2376 septi-

76 2390 160 2416 mos
170 2390 243 2428 per
258 2391 435 2417 numeros
451 2391 670 2418 commeare.

129 2433 261 2482 Stipes
284 2434 381 2482 illuc
396 2434 665 2485 congerebant]
715 2435 854 2474 Cicero
881 2446 953 2483 pro

80 2487 220 2524 Flacco
238 2493 302 2524 28.
354 2489 452 2526 Cum
469 2501 626 2535 aurum,
643 2489 873 2526 Judoeorum
886 2502 954 2526 no·

77 2542 194 2586 mine,
215 2544 421 2591 quotannis
441 2555 491 2580 ex
510 2544 635 2581 Italia
653 2549 691 2580 et
707 2556 757 2580 ea:
782 2544 955 2580 omnibus

71 2596 284 2644 provinciis
301 2595 613 2646 Hierosolymam
639 2598 836 2646 exportari
857 2597 954 2634 sole-

75 2655 149 2695 ret,
163 2649 327 2686 Flaccus
342 2651 476 2688 sanxit
494 2652 629 2696 edicto,
642 2655 692 2688 ne'
706 2663 756 2687 ex·
766 2652 869 2688 Asia
886 2664 954 2688 ez·-

72 2704 226 2753 portari
253 2704 396 2742 liceret.
451 2705 562 2742 Philo
591 2706 638 2742 de
665 2705 877 2753 Legatione
904 2705 954 2742 ad

76 2757 215 2795 Caium
232 2769 271 2806 p.
290 2763 406 2796 1023.
442 2759 542 2797 Καθ’
555 2758 684 2801 ἕκαςον
697 2757 849 2802 ircano-Bu
869 2758 954 2812 5230-

74 2811 218 2860 mpero)
260 2810 482 2850 στέλλσνται
524 2813 658 2867 χρυσαῖν
692 2813 758 2850 καὶ
800 2810 954 2866 ἄργυρόν

79 2866 227 2906 πλεῗςον
250 2864 458 2915 κομίζοντες
476 2867 522 2909 εἷς
556 2867 599 2906 ⁴70⁸
625 2866 723 2921 ἶεςδν,
742 2866 802 2905 «rein
828 2868 954 2920 ἀθροι-

75 2917 216 2956 σθέντα
246 2919 288 2957 ἐκ
321 2919 390 2957 *νῦν
425 2920 624 2974 ἆταρχὸν.
677 2923 733 2963 Et
765 2934 804 2974 p.
823 2926 952 2959 ‘1014-

73 2970 285 3011 'Hm'caeroero
303 2972 485 3026 (Tetigin)
506 2976 571 3012 καὶ
587 2974 775 3028 χρήματα
792 2989 961 3028 canava-

291 3026 302 3038 x
353 3027 374 3036 ·-·
556 3029 576 3037 -υ
608 3029 617 3042 ι

75 3024 210 3076 γὸντας
227 3028 302 3064 ἀπο
320 3042 390 3064 ‘nn
407 3029 592 3080 ἀπαρχων
605 3029 695 3082 ιερὰ,
711 3028 776 3066 καὶ
792 3029 954 3081 πέμπον-

75 3095 144 3123 τας
165 3080 211 3123 εἷς
223 3080 456 3133 Ἰεςοσὸλυμιι
471 3079 530 3119 διὰ
541 3082 611 3119 cliv
628 3082 696 3125 τὰς
713 3081 845 3124 θυσίας
866 3084 954 3120 ἀνα-

75 3132 218 3181 ξόντων.
274 3136 349 3173 Sed
371 3140 407 3173 et
428 3137 623 3186 Josephus
651 3141 776 3183 notat,
796 3138 954 3174 immen-

76 3200 162 3226 sam
180 3190 259 3233 vim.
288 3192 380 3228 auri
401 3198 621 3240 congestam
645 3193 687 3230 in
703 3192 886 3240 templum
903 3192 951 3228 ab

76 3243 181 3280 omni
211 3244 313 3281 Asia
346 3250 383 3282 et
412 3245 601 3295 Europa:
636 3245 774 3294 Antiq.
801 3245 868 3291 14,
901 3251 948 3282 1‘2

79 3294 156 3346 (7).
209 3297 310 3334 Nos.
339 3299 454 3348 plura
483 3300 524 3336 in
556 3300 841 3349 Magnitudine
869 3300 951 3337 He-

77 3349 194 3387 broea.
235 3352 348 3390 vas.
396 3354 600 3403 Copiosius
616 3355 696 3391 haec
714 3357 948 3399 tractantem

75 3415 112 3442 v.
132 3402 310 3442 Gotheffr.
327 3407 376 3444 ad
393 3408 477 3445 cod.
491 3407 642 3446 Theod.
659 3408 687 3446 l.
708 3414 770 3446 14.
789 3409 834 3444 de
852 3410 877 3445 J
881 3409 946 3446 ud.

76 3462 118 3495 et
153 3457 342 3499 zornium
378 3462 425 3498 de
462 3462 571 3499 Patr.
606 3463 698 3499 Jud.
733 3474 829 3499 auro
862 3464 950 3500 Cor.

76 3513 262 3549 Ceterum
270 3515 460 3561 pessimus
476 3518 632 3566 quisque
645 3516 889 3565 intelligendi
903 3518 950 3553 de

75 3566 294 3616 proselytis.
337 3569 412 3607 Pro
431 3571 700 3642 congerebant,
714 3570 800 3611 MS.
818 3572 950 3611 Guelf.

1010 1501 1310 1559 congregabant.
1321 1509 1431 1546 MSS.
1444 1508 1549 1547 Flor.
1568 1510 1702 1563 (Bud.)
1719 1513 1814 1562 Agr.
1828 1514 1890 1553 ed.

1012 1575 1074 1612 pr.
1091 1564 1288 1612 gerebant.
1324 1565 1440 1601 Forte
1457 1565 1533 1602 fuit
1541 1566 1736 1614 serebant.
1780 1570 1892 1609 ERN.

1064 1617 1139 1663 Et,
1158 1619 1250 1669 quia
1269 1619 1376 1667 apud
1400 1620 1501 1667 ipsos
1522 1620 1612 1669 etc.]
1671 1621 1762 1659 Non
1792 1624 1889 1661 satis

1013 1675 1104 1723 apte
1120 1672 1311 1708 cohaerere
1338 1673 1553 1711 orationem
1573 1676 1615 1711 in
1642 1681 1797 1726 promtu
1817 1682 1890 1716 est.

1015 1726 1214 1770 Quosdam
1235 1739 1255 1762 e
1274 1726 1355 1763 suis
1382 1726 1494 1764 libris
1510 1728 1653 1765 habere
1672 1731 1730 1767 ait
1748 1732 1892 1769 Acida-

1012 1780 1089 1817 lius
1122 1787 1236 1831 atque
1269 1783 1425 1820 ut—sic
1458 1783 1638 1820 adversus
1670 1789 1745 1823 etc.
1800 1786 1890 1832 Sed,

1015 1835 1082 1884 qui
1100 1836 1181 1872 sint
1207 1835 1273 1872 isti
1297 1835 1404 1882 libri,
1423 1837 1521 1873 scire
1550 1838 1750 1886 pervelim.
1805 1841 1890 1879 Mei

1013 1887 1147 1926 omnes
1175 1889 1378 1938 vulgatum
1405 1890 1563 1929 habeut.
1619 1893 1785 1931 Videtur
1818 1907 1891 1933 au-

1014 1947 1094 1989 tem
1132 1956 1238 1981 nunc
1270 1946 1467 1982 sententia
1498 1947 1578 1982 haec
1610 1958 1699 1984 cum
1733 1953 1891 1987 antece-

1011 1999 1128 2034 dente
1146 1999 1432 2047 conjungenda,
1450 2003 1496 2037 ut
1522 2002 1648 2037 altera
1676 2013 1793 2040 causa
1821 2016 1890 2053 po-

1011 2053 1170 2089 tentiae:
1207 2055 1308 2100 quod
1336 2054 1521 2091 adversus
1555 2067 1645 2092 suos
1680 2058 1888 2106 populares

1014 2107 1169 2155 quidem
1191 2105 1233 2157 (i.
1252 2119 1288 2145 e.
1319 2109 1427 2160 apud
1447 2107 1550 2159 euos)
1571 2110 1683 2147 fidem
1707 2117 1890 2150 constan-

1012 2162 1165 2198 tissime
1209 2166 1380 2208 servant,
1418 2169 1458 2199 et
1493 2164 1761 2203 misericordes
1795 2171 1891 2207 sunt

1011 2222 1086 2256 etc.
1116 2217 1224 2261 Emv.
1270 2217 1541 2265 RecteLputo,
1562 2220 1729 2267 priscam
1748 2223 1889 2260 Puteo-

1009 2270 1091 2311 lani
1109 2270 1464 2324 interpunctionem
1486 2273 1695 2311 restituere
1711 2275 1801 2325 Bip.
1830 2280 1889 2314 et-

1010 2324 1121 2360 iamsi
1140 2330 1279 2362 novam
1296 2336 1379 2361 esse
1396 2325 1653 2366 arbitrentur.
1689 2327 1775 2379 Ego
1793 2344 1890 2380 quo-

1008 2390 1084 2428 que
1103 2379 1266 2416 reddidi.
1320 2380 1383 2418 Sic
1402 2384 1442 2417 et
1460 2382 1684 2420 Dotteville.

1058 2434 1290 2470 Alienarum
1318 2435 1536 2484 concubitu]
1573 2438 1600 2475 i.
1629 2450 1663 2474 e.
1701 2439 1889 2489 alienige-

1005 2499 1160 2533 narum,
1183 2488 1286 2536 quod
1312 2488 1460 2525 frustra
1490 2502 1678 2538 reponere
1706 2493 1890 2532 tentabat

1005 2541 1057 2578 N.
1078 2542 1280 2585 Heinsius,
1300 2553 1388 2579 cum
1417 2543 1530 2579 hodie
1558 2545 1681 2583 lexica
1708 2546 1888 2595 doceant,

1006 2595 1150 2632 alienos
1177 2596 1252 2632 dici
1280 2597 1397 2633 etiam
1426 2601 1617 2643 externos,
1647 2602 1887 2649 peregrinos,

1007 2656 1053 2685 ut
1071 2650 1191 2689 alieni
1206 2663 1340 2696 marco,
1356 2653 1513 2688 alienus
1529 2654 1629 2691 ονῠὼ·
1657 2662 1731 2692 etc.
1777 2657 1887 2696 ERN.

1007 2703 1108 2741 Bud.
1138 2705 1353 2741 alienarum
1369 2706 1512 2742 cubitu.

1061 2758 1220 2795 Exucre
1250 2759 1443 2809 patriam]
1491 2762 1603 2798 Rom.
1639 2761 1723 2800 cod.
1765 2765 1885 2802 exire.

1009 2813 1120 2849 Lu‘s.
1155 2812 1315 2850 Exuere
1333 2825 1467 2850 verum
1487 2819 1560 2862 est,
1576 2816 1795 2866 diciturque
1813 2831 1885 2868 pro

1008 2869 1270 2913 contemnere,
1319 2868 1530 2917 negligere,
1581 2882 1688 2906 more
1735 2874 1886 2913 Graeco.

1008 2922 1116 2958 ERN.
1157 2952 1159 2955 Α
1815 2932 1834 2963 “22

1063 2976 1213 3013 Necare
1241 2988 1468 3027 quemqnam
1490 2990 1539 3016 α·
1565 2978 1739 3031 agnatis]
1762 3020 1764 3022 ,
1801 2980 1885 3022 Qui

1008 3030 1130 3066 otiose
1148 3029 1300 3078 legerit,
1314 3031 1412 3066 nihil
1430 3032 1621 3069 offendet:
1653 3033 1814 3072 fortasse
1834 3037 1884 3083 is,

1008 3084 1074 3131 qui
1094 3085 1256 3120 intente.
1308 3085 1348 3128 Si
1366 3086 1470 3121 enim
1488 3086 1535 3122 de
1554 3086 1653 3124 caede
1671 3089 1775 3136 capis
1794 3093 1883 3128 tan-

1007 3141 1108 3183 tum,
1127 3138 1219 3185 quid
1239 3139 1281 3175 in
1300 3150 1345 3174 eo
1363 3138 1482 3190 novi?
1519 3140 1619 3177 Sane
1637 3146 1677 3178 et
1696 3144 1883 3183 Romanis

1005 3195 1046 3227 et
1064 3191 1239 3229 barbaris
1259 3192 1453 3242 plerisque
1481 3206 1619 3231 necare
1648 3202 1884 3247 consangui-

1003 3257 1097 3283 neos
1117 3247 1237 3283 nefas.
1293 3247 1368 3284 Sed
1394 3248 1516 3286 alium
1540 3261 1611 3298 ego
1635 3251 1696 3286 hic
1723 3264 1881 3290 sensum

1003 3301 1142 3338 odoror
1168 3304 1207 3337 et
1235 3300 1383 3338 scribo:
1414 3315 1548 3340 necare
1574 3317 1800 3355 quemquam
1830 3320 1882 3344 ea·

999 3357 1150 3403 gnatis.
1204 3355 1353 3392 Scimus
1388 3357 1531 3393 Grfficis
1566 3359 1792 3407 Latinisque
1837 3362 1880 3398 in

1001 3410 1220 3457 promiscuo
1237 3421 1311 3451 usu
1338 3411 1457 3446 fui-sse
1485 3411 1722 3458 abjectiones
1751 3414 1880 3450 infan-

1004 3468 1090 3502 tum
1121 3469 1161 3500 et
1189 3465 1464 3511 expositiones,
1498 3465 1615 3502 immo
1650 3478 1775 3502 neces.
1832 3467 1880 3506 Id

1003 3517 1119 3554 aliter
1146 3518 1187 3553 in
1205 3518 1427 3554 Judaeoruiu
1447 3519 1637 3565 moribus,
1664 3524 1703 3555 et
1719 3525 1878 3568 gentem

1004 3572 1046 3609 in
1063 3572 1200 3620 primis
1218 3571 1344 3609 suboli
1372 3572 1582 3621 studuisse,
1599 3572 1698 3611 adeo
1724 3578 1771 3613 ut
1789 3575 1877 3614 nul-
1913 3595 1916 3599 ·

1070 3630 1164 3675 ΥΒ
