2190 3880
690 109 844 161 LIB.
893 111 932 160 1.
988 107 1161 158 cAP.
1181 114 1255 159 13.
1814 113 1874 162 19

75 238 239 294 etiam
267 237 332 291 in⁴
350 237 414 292 T.
441 238 592 291 Vinii
629 239 832 302 odium,
871 236 963 306 qui
1001 235 1055 288 in
1083 237 1195 289 dies
1230 242 1432 305 quanto
1462 237 1750 306 potentior,
1779 255 1867 289 eo·
1882 251 1931 288 A.
1950 250 2003 290 U.

55 311 197 365 >dian
226 321 349 364 actu
376 311 601 363 invisior
625 321 755 363 erat.
831 309 1052 377 Quippe
1078 309 1306 370 hianteS,
1334 307 1388 358 in
1417 325 1612 377 magna
1637 308 1867 374 fortuna,
1881 308 1987 397 ff}-

74 382 371 449 &micorum
397 382 721 452 cupiditates
748 382 864 450 ipsa
885 379 1079 443 Galbae
1110 378 1337 431 facilitas
1365 377 1713 433 intendebat:
1744 400 1866 434 eum
1909 417 1976 455 70.

75 453 219 524 apud
242 453 517 505 infirmum
545 465 599 504 et
625 452 896 506 credulum
927 451 1132 502 minore
1159 462 1302 502 metu
1333 460 1388 501 et
1413 450 1618 519 majore
1647 454 1868 522 praemio

75 535 405 594 peccaretur.
446 523 699 576 Potentia
726 523 1069 592 Principatus
1093 522 1265 573 divisa
1291 523 1344 572 in
1369 519 1435 572 T.
1459 521 1700 587 Vinium,
1725 522 1869 580 Con-
1893 524 1952 569 13

76 594 264 659 sulem,
290 606 346 648 et
372 594 682 647 Cornelium
717 595 1006 656 Laconem,
1038 592 1285 645 Praetorii
1329 591 1676 645 Praefectum.
1752 594 1872 648 Nec

75 665 253 718 minor
289 667 464 738 gratia
502 666 666 729 Ice10,
705 665 898 718 Galbae
940 665 1151 728 liberm,
1178 682 1338 733 quem
1382 664 1553 716 anulis
1590 666 1872 732 donatum,

77 735 325 805 Equestri
364 736 935 789 nomine.Martianum
973 736 1304 787 vocitabant.
1380 734 1458 787 Hi
1500 735 1790 802 discordeS,
1817 750 1872 790 et

78 809 236 862 rebus
263 808 561 861 minoribus
586 809 689 861 sibi
715 808 942 877 quisque
970 806 1267 870 tendenteS,
1294 806 1437 859 circa
1462 808 1745 860 consilium
1775 810 1871 860 eli-

74 879 237 952 gendi
281 879 600 932 successoris
638 880 693 931 in
739 879 869 931 duas
906 878 1168 929 factiones
1203 878 1601 931 scindebantur.
1677 880 1870 932 Vinius

74 967 173 1021 pro
226 950 312 1004 M.
355 950 605 1005 Othone:
673 950 817 1002 Laco
868 962 1028 1019 atque
1077 948 1250 1001 Icelus
1291 967 1553 1002 consensu
1605 969 1710 1003 non
1760 968 1869 1005 tam

2 1044 6 1050 ¹
73 1035 242 1073 unum
268 1021 499 1090 aliquem
540 1022 816 1085 fovebant,
843 1038 1004 1091 quam
1044 1020 1226 1072 alium.
1298 1020 1494 1090 Neque
1531 1037 1645 1074 erat
1674 1022 1867 1076 Galbae

73 1092 264 1164 ignota
310 1093 546 1146 Othonis
583 1113 646 1146 ac
691 1092 755 1146 T.
797 1092 947 1147 Vinii
990 1092 1260 1157 amicitia3
1297 1103 1352 1144 et
1391 1094 1694 1146 rumoribus
1734 1095 1871 1149 nihil

22 1254 26 1259 ”
71 1249 429 1288 munitius-cuorum
443 1253 518 1295 est,
536 1253 717 1298 recteque
730 1252 945 1297 recept-um.

8 1324 10 1327 ·
71 1303 180 1343 ERN.
207 1303 298 1354 Rip.
316 1304 529 1354 praeferunt
555 1304 774 1342 ambitionis
801 1303 945 1340 subau-

2 1382 5 1389 -
72 1356 155 1394 dito
169 1368 275 1406 erg-o.
329 1357 430 1395 Mihi
448 1358 546 1395 dura
573 1358 688 1395 nimis
717 1358 870 1394 videtur
887 1358 943 1393 el-

70 1410 194 1459 lipsis.
246 1410 356 1449 Bene
373 1410 492 1449 habet
513 1415 670 1461 recepta
695 1412 848 1461 legendi
866 1413 944 1449 for-

70 1475 148 1503 ma.

125 1519 177 1556 In
214 1518 263 1556 T.
296 1519 408 1557 Vinii
431 1519 560 1557 odium
591 1519 839 1571 diverterant]
871 1521 943 1557 Pa-

71 1573 160 1611 r'uin
186 1572 378 1610 cohaerens
404 1573 520 1611 lectio
545 1577 615 1610 aut
643 1574 850 1611 sententia.
904 1575 942 1610 A

70 1626 206 1676 priscis
234 1627 344 1664 libris
370 1626 481 1664 abest
502 1640 575 1664 vox
593 1629 834 1665 diverterant.
888 1629 943 1665 Et

70 1679 206 1718 tollam
225 1691 316 1719 sane
333 1692 404 1729 ego
421 1681 582 1727 arbiter,
600 1681 822 1730 legamque:
843 1683 944 1720 hunc

71 1734 133 1772 vel
158 1735 272 1782 illum
299 1736 512 1773 ambitiosis
538 1736 755 1773 rumoribus
778 1736 943 1774 destina-

71 1788 175 1832 bunt,
200 1790 319 1826 etiam
343 1790 387 1826 in
416 1791 462 1826 T.
486 1790 596 1827 Vinii
621 1789 766 1836 odium,
790 1791 860 1840 qui
884 1792 944 1827 in-

71 1841 165 1888 dies,
183 1846 256 1879 etc.
287 1843 424 1889 Multi,
441 1843 583 1892 inquit,
604 1854 860 1880 successorem
878 1845 943 1880 de-

70 1895 273 1934 stinabant
297 1909 346 1935 ex
375 1905 448 1934 sua
483 1909 565 1946 spe,
594 1897 749 1945 quidam
778 1909 827 1935 ex
855 1898 942 1935 odio

70 1942 192 1988 vinti.
246 1951 338 2003 Nm
354 1951 538 1989 dissimile
559 1951 655 1987 illud
671 1952 799 1988 Taciti
818 1952 863 1989 de
881 1953 943 1989 Pi-

71 2015 165 2041 sone
184 2015 226 2042 c.
253 2010 323 2049 34.
378 2004 541 2042 Juvenis
569 2007 711 2042 recenti
730 2006 873 2054 favore
906 2012 943 2043 et

70 2057 258 2107 infensus
277 2059 326 2098 Τ.
357 2060 474 2096 Vinio
489 2073 501 2096 .-
529 2071 595 2096 .sen
626 2060 719 2110 quia
751 2067 850 2105 erat,
875 2072 942 2097 sen

69 2113 170 2162 quioe
181 2113 278 2151 irati
292 2114 352 2150 ita
367 2113 551 2150 volebant.
587 2114 702 2153 Quod
719 2113 751 2149 si
769 2114 943 2150 retinen-

70 2165 163 2204 dum
177 2168 312 2210 tamen
329 2167 368 2203 id
383 2165 491 2204 verbi
509 2167 574 2212 sit,
601 2170 749 2204 mutem
767 2171 808 2203 et
832 2169 942 2204 didu-

69 2229 170 2258 cam.
223 2220 366 2265 Etiam
390 2222 434 2258 in
462 2222 508 2258 T.
530 2222 642 2258 Vinii
657 2221 787 2258 odium
804 2223 943 2259 diversi

70 2273 206 2322 ierant.
235 2275 350 2314 Lxr's.
403 2275 561 2312 Delevit
576 2275 746 2312 Pichena
772 2277 940 2312 auctori-

67 2330 152 2367 tate
183 2328 288 2367 Flor.
332 2327 457 2366 Abest
485 2329 604 2366 etiam
635 2340 660 2366 a
694 2330 823 2366 Guelf.
857 2330 941 2368 edd.

68 2379 247 2421 omnibus
264 2385 356 2420 ante
379 2384 628 2428 Rbenanum,
656 2387 796 2431 praeter
813 2395 871 2431 pr.
899 2383 941 2421 in

69 2446 148 2484 qua
163 2441 223 2474 est
238 2447 391 2486 quoque
407 2443 443 2474 et
457 2437 563 2484 jam,
582 2438 684 2484 quod
701 2449 836 2474 rursus
852 2450 940 2475 cum

67 2489 302 2528 diverterant
353 2491 509 2528 induxit
559 2491 784 2529 Rhenanus.
828 2493 938 2530 ERN.

69 2542 170 2588 Bud.
185 2543 596 2592 etjam—deverterat.

121 2592 272 2641 Eodem
288 2604 378 2635 actu
399 2598 572 2648 invisior]
606 2598 713 2639 Quid
743 2602 804 2636 est
826 2598 937 2644 illud,

69 2651 160 2689 actu
189 2652 356 2688 invisum
385 2652 496 2689 esse?
537 2651 711 2700 Ineptiae,
740 2657 780 2688 et
812 2664 937 2689 sermo

69 2714 209 2752 parum
239 2715 317 2742 non
342 2705 465 2741 dicam
495 2705 642 2752 lautus,
665 2707 732 2743 sed
757 2707 935 2745 Latinus.

68 2756 291 2795 scribebam
323 2757 479 2795 sublata
508 2770 554 2795 ea
582 2771 688 2805 voce,
719 2761 849 2797 eadem
878 2762 938 2797 in-

67 2811 184 2853 visior
200 2818 294 2850 erat.
311 2823 435 2861 genus
454 2814 639 2850 sermonis
657 2817 794 2851 notum
811 2814 871 2850 vel
891 2827 937 2850 ex

50 2874 148 2908 ‚uno
164 2865 315 2903 Plauto.
369 2865 520 2903 Placuit
544 2867 629 2905 Jac.
649 2867 771 2905 Lectii
796 2868 940 2904 eruditi

66 2917 143 2956 viri
158 2920 396 2967 conjectura,
418 2921 544 2957 eodem
571 2928 702 2958 auctu.
730 2920 835 2958 nunc
852 2933 939 2958 mea

66 2970 156 3017 ista.
172 2985 215 3010 eo
228 2973 439 3022 daeinsastu
456 2974 626 3010 invisior.
649 2975 757 3012 Ln’s.
813 2976 936 3012 Lectii

45 3027 298 3066 -oententiam
327 3027 468 3075 probat
494 3028 673 3065 Freinsh.
695 3028 805 3078 (item
822 3029 936 3067 Acid.

66 3078 288 3130 Heinsius).
331 3078 522 3121 Pichena:
578 3095 620 3118 eo
664 3085 811 3120 cunetis
859 3085 936 3124 inu.

64 3132 190 3170 Possis
207 3134 325 3174 etiam
352 3136 478 3173 eodem
498 3134 703 3188 (tempore)
723 3137 851 3185 sac-tais·
878 3138 936 3174 in-

13 3201 16 3204 *
54 3187 194 3233 emor,
222 3188 324 3236 quod
353 3187 605 3238 sequentibus
634 3201 712 3226 non
731 3190 830 3227 male
846 3202 937 3228 con.-

51 3241 194 3287 ,venitz
224 3241 318 3278 item
349 3242 447 3279 alia:
478 3243 545 3279 sed
575 3243 735 3288 frustra,
769 3245 852 3286 sine
888 3244 935 3286 li-

65 3291 161 3340 bris,
174 3294 242 3344 qui
260 3296 323 3332 hic
342 3295 439 3340 nihil
456 3297 624 3336 variant.
654 3299 761 3336 ERN.

121 3349 222 3390 Icelo
259 3350 391 3386 Galbae
418 3350 566 3400 liberto]
603 3350 842 3399 Nequissimi
861 3351 934 3394 hu-

61 3399 128 3447 jus
144 3402 286 3439 servuli
304 3414 445 3440 nomen
461 3404 567 3440 varic
585 3405 785 3452 scriptum.
825 3405 932 3447 Alibi

67 3454 270 3503 Hycellus,
312 3456 407 3494 alibi
448 3459 601 3495 Icellns.
637 3458 754 3509 (Bud.
794 3456 930 3508 Ycelo.)

67 3507 277 3548 Vaticanus
293 3521 442 3560 semper
459 3512 585 3550 Icelus
597 3527 609 3549 .·
638 3523 754 3562 quem
779 3523 932 3566 sequor.

996 1249 1247 1286 Plutarchum
1277 1249 1318 1285 in
1337 1260 1384 1285 ea
1400 1261 1492 1287 voce
1509 1251 1698 1298 emaculo,
1718 1253 1758 1290 in
1772 1255 1871 1295 Gal-

996 1303 1047 1340 ba
1065 1315 1101 1341 c,
1122 1309 1161 1342 7.
1191 1302 1260 1340 Καὶ
1278 1300 1360 1343 ἷκεν
1379 1302 1454 1341 ἀπὸ
1470 1301 1606 1352 Ῥώμης
1623 1305 1758 1348 Ἰκελδς
1777 1309 1871 1346 ἀπε-

996 1356 1162 1410 λεύθερος
1192 1354 1384 1405 &Bonane
1439 1358 1581 1406 Vulgo,
1603 1361 1750 1403 Σικελὸς
1777 1365 1870 1400 scri-

998 1415 1130 1459 ptum:
1161 1414 1200 1448 et
1215 1415 1418 1448 verterunt
1428 1411 1603 1449 homines
1622 1414 1738 1460 docti,
1757 1418 1870 1455 Sica-

996 1467 1059 1502 lus
1088 1466 1260 1516 quidam.
1316 1466 1366 1502 At
1396 1466 1542 1503 Icelum
1573 1467 1677 1505 hunc
1709 1470 1872 1508 festina-

997 1523 1084 1555 tum
1112 1520 1296 1556 nuntium
1322 1519 1457 1566 fuisse,
1482 1521 1616 1558 doceat
1640 1534 1704 1560 eos
1732 1524 1871 1563 Sueto-

996 1573 1085 1610 nius
1103 1573 1216 1610 Galb.
1235 1578 1303 1611 22.
1334 1575 1443 1611 Lirs.

1054 1629 1174 1672 Quem
1192 1629 1321 1664 anulis
1347 1627 1547 1678 donatum]
1570 1629 1629 1665 De
1647 1630 1717 1667 hoc
1736 1631 1870 1670 eodem

995 1681 1104 1718 Suet.
1124 1685 1187 1718 14.
1218 1682 1345 1718 Icelus
1364 1683 1502 1730 paullo
1520 1690 1610 1720 ante
1626 1687 1782 1724 annulis
1798 1700 1870 1724 au-

995 1736 1072 1772 reis
1090 1735 1267 1781 donatas,
1288 1741 1324 1772 et
1342 1736 1542 1774 Marciani
1566 1741 1791 1786 cognomine
1808 1754 1870 1778 or-

996 1795 1127 1833 natus,
1143 1795 1180 1825 et
1193 1789 1284 1837 jam
1312 1803 1470 1826 summoe
1489 1791 1696 1841 Equestris
1716 1795 1870 1841 gradus

996 1843 1237 1880 candidatas.
1292 1844 1378 1880 Viri
1416 1845 1518 1881 docti
1560 1847 1873 1895 interpretantur

996 1908 1185 1934 summam
1201 1899 1404 1945 Equestris
1420 1899 1577 1946 gradus,
1597 1901 1869 1940 Praefecturam

996 1951 1195 1988 Praetorii:
1233 1952 1338 1989 haud
1374 1952 1563 2000 improbe.
1618 1955 1769 1994 Tamen
1797 1970 1869 2006 ego

996 2005 1119 2053 magis
1139 2005 1364 2054 intellegam
1381 2007 1427 2043 de
1456 2009 1753 2047 Procuratione:
1782 2023 1869 2061 quae

994 2060 1154 2107 propria
1173 2060 1376 2109 Equestris
1404 2061 1550 2098 ordinis
1567 2062 1747 2110 dignitas.
1801 2067 1870 2103 An

994 2113 1180 2152 libertum
1197 2118 1417 2163 promotum
1435 2115 1484 2151 iri
1499 2127 1676 2153 censeam
1701 2119 1751 2155 ad
1768 2121 1869 2157 I'rae-

994 2167 1087 2204 torii
1121 2169 1409 2215 Praefecturam,
1443 2169 1557 2218 idque
1601 2171 1675 2208 sub
1709 2173 1866 2211 Galba?

995 2233 1223 2269 numquam.
1252 2223 1361 2260 Ln‘s.
1399 2224 1460 2260 De
1479 2224 1607 2261 anulis
1626 2236 1661 2262 v.
1679 2226 1779 2266 Plin.
1799 2234 1867 2275 33,

995 2281 1031 2312 2.
1048 2279 1087 2312 et
1101 2277 1244 2314 Paulus
1261 2276 1286 2313 1.
1305 2283 1343 2315 5.
1366 2277 1411 2313 de
1424 2277 1504 2324 jur.
1523 2291 1606 2316 aur.
1623 2280 1732 2317 anul.

1046 2330 1310 2380 Illartianum]
1341 2332 1461 2368 Recte
1480 2332 1548 2378 sic,
1562 2334 1705 2382 quippe
1719 2335 1869 2372 deriva-

992 2387 1077 2419 tum
1096 2395 1119 2420 a
1134 2385 1275 2421 Marte.
1305 2386 1350 2422 V.
1370 2387 1627 2435 Cannegieter
1644 2389 1690 2425 de
1714 2394 1868 2427 mutata

992 2439 1105 2475 Rom.
1126 2450 1228 2475 nom.
1246 2438 1318 2475 sub
1338 2440 1464 2476 Princ.
1484 2442 1650 2480 ratione.
1671 2453 1703 2479 e.
1728 2449 1788 2482 13.

1047 2493 1176 2529 Rebus
1193 2493 1349 2543 minora]
1382 2494 1564 2535 Muretus
1590 2499 1630 2532 et
1646 2494 1755 2535 Acid.
1775 2511 1866 2547 sup-

992 2544 1102 2592 plent
1120 2547 1173 2584 in.
1230 2547 1381 2584 Sufficit
1399 2547 1613 2587 subaudiri.

1050 2598 1207 2650 Vinius]
1230 2601 1331 2637 Bud.
1358 2601 1487 2646 ubivis
1501 2604 1663 2641 Junius.
1693 2605 1755 2642 Sic
1771 2610 1810 2643 et
1829 2618 1866 2644 c.

991 2657 1055 2690 32.
1070 2666 1126 2702 sq.

1046 2707 1126 2743 Pro
1160 2707 1221 2744 M.
1256 2707 1415 2759 Othone]
1464 2713 1693 2751 Praenomen.
1717 2712 1865 2754 addunt

991 2759 1102 2797 MSS.
1120 2761 1223 2798 Flor.
1243 2761 1359 2812 (Bud.
1376 2763 1491 2813 Agr.)
1514 2765 1643 2806 Guelf.
1665 2766 1749 2808 edd,
1766 2771 1864 2808 vett.

991 2825 1137 2853 omnes.
1192 2815 1294 2851 Casu
1323 2817 1364 2852 in
1383 2818 1665 2860 recentioribus
1694 2824 1783 2875 post
1799 2823 1865 2860 Li.-

991 2867 1118 2915 psium
1133 2869 1291 2907 excidit.
1323 2872 1498 2909 restituit,
1515 2873 1553 2909 J.
1574 2874 1695 2917 Gron.
1725 2875 1832 2919 ERN.

1043 2921 1116 2958 Ea·
1133 2923 1349 2960 rumoribus
1366 2925 1454 2975 eta]
1486 2926 1605 2971 Hunc
1633 2927 1759 2970 locuni
1791 2930 1863 2966 ali-

992 2975 1084 3022 quid
1101 2975 1185 3017 vitii
1204 2975 1362 3023 habere,
1379 2981 1472 3015 satis
1488 2981 1683 3024 convenit.
1713 2983 1863 3020 medela

990 3040 1070 3068 non
1109 3030 1242 3067 cadem
1276 3031 1498 3075 adhibetur..
1551 3033 1660 3080 Libri
1706 3037 1762 3074 nil
1795 3049 1862 3073 va-

990 3082 1116 3123 riant:
1148 3084 1238 3127 nisi,
1269 3085 1370 3133 quod
1395 3087 1481 3125 MS.
1512 3087 1571 3131 ΓΙ.
1597 3090 1656 3126 ed.
1683 3090 1798 3138 prim.
1824 3099 1862 3128 et

989 3148 1088 3181 rum.
1143 3138 1246 3175 Bud.
1271 3145 1308 3179 et
1334 3152 1396 3178 ex.
1423 3142 1507 3185 Jac,
1523 3142 1744 3181 Gronovius
1771 3145 1862 3180 hinc

990 3190 1189 3237 periodum
1207 3193 1261 3230 sic
1278 3194 1507 3233 concinnat:
1538 3202 1575 3236 et
1592 3198 1860 3235 rumoribus—-

988 3245 1104 3281 unica
1144 3246 1260 3283 Vinio
1291 3246 1388 3295 filia
1429 3249 1548 3287 vidua
1582 3254 1655 3286 etc.
1713 3252 1785 3288 Sed
1819 3256 1859 3289 et

988 3299 1103 3335 unica
1107 3298 1203 3346 filia
1221 3299 1336 3340 vidua
1353 3312 1432 3347 non
1460 3303 1554 3339 satis
1582 3303 1724 3352 placet,
1741 3309 1780 3341 et
1797 3312 1857 3342 ta-

987 3363 1077 3389 men
1099 3352 1157 3387 vei
1185 3353 1239 3390 sic
1265 3353 1413 3402 aliquid
1438 3367 1517 3399 non
1545 3357 1639 3394 satis
1667 3358 1763 3395 culti
1793 3371 1855 3395 su-

986 3409 1117 3453 perest
1158 3406 1200 3442 in
1245 3407 1371 3444 verbis
1401 3410 1499 3457 filia
1540 3411 1856 3457 P‘iteio—coelebs,

991 3459 1103 3503 otho,
1120 3471 1223 3497 socer
1244 3473 1291 3498 ae
1315 3474 1434 3509 gener
1459 3463 1552 3501 dest.
1606 3465 1708 3502 Nam
1733 3466 1857 3502 nomia

987 3512 1144 3551 nativus
1159 3515 1283 3562 ‚patris
1303 3516 1447 3564 potius,
1468 3530 1583 3567 quam
1603 3517 1690 3556 filiae
1711 3519 1854 3557 denum.

1060 3572 1154 3624 02
