2190 3880
183 302 233 341 A.
252 301 306 340 U.

196 358 289 394 822.

193 407 243 446 A.
260 410 307 447 C.

215 461 282 506 69.

322 163 381 208 12

321 280 546 332 formam
574 288 750 334 cetera
774 290 943 334 erant.

915 156 1530 209 HISTORIARUM

1018 281 1321 335 Invalidum
1362 301 1542 336 senem
1568 283 1632 337 T.
1661 285 1852 338 Vinius
1891 297 1946 339 et
1972 285 2108 339 Cor·

323 352 489 404 nelius
522 351 682 417 Lacu,
709 352 841 404 alter
860 353 1175 405 deterrimus
1204 354 1527 420 mortalium,
1550 356 1684 408 alter
1708 357 2124 428 ignavissimuS,

321 423 446 476 odio
473 423 803 494 flagitiorum
842 434 1139 489 oneratum,
1166 437 1480 495 contemptu
1509 427 1715 479 inertiae
1742 429 2104 481 destruebant.
2150 469 2155 474 .

319 493 550 546 Tardum
582 494 773 546 Galbae
800 494 902 546 iter
927 506 982 546 et
1016 506 1318 560 cruentum,
1345 495 1642 549 interfectis
1671 498 1944 568 Cingonio
1971 499 2107 551 Var-

316 583 465 630 rone,
494 565 729 617 Consule
754 565 1054 635 designato,
1075 577 1130 617 et
1157 565 1414 618 Petronio
1438 567 1770 639 Turpiliano,
1794 569 2104 623 Consulari:

317 637 423 700 ille,
450 648 510 688 ut
538 633 861 706 Nymphidii
897 637 1091 701 sociuS,
1117 636 1226 702 hic,
1254 650 1314 689 ut
1353 638 1464 690 dux
1494 639 1744 705 Neronis,
1770 641 1996 693 inauditi
2025 654 2112 693 at·-

315 725 422 777 que
447 708 728 770 indefensi,
757 718 1029 776 tamquam
1054 708 1383 774 innocentes„
1406 710 1691 780 perierant.

1765 711 2026 763 Introitus
2050 713 2105 766 in

316 779 524 844 urbem,
551 778 829 830 trucidatis
858 789 939 830 tot
966 778 1216 831 millibus.
1239 779 1524 832 inermium
1561 782 1812 846 militum,
1839 781 2104 835 infaustus

318 850 517 914 omine,
539 861 699 919 atque
725 849 853 919 ipsis
881 849 1062 915 etiam,
1088 850 1181 920 qui
1203 851 1531 917 occiderant,
1561 852 1956 905 formidolosuS.
2013 853 2125 905 Iu-.
2182 880 2187 885 ·

316 921 482 973 ducta
505 920 718 991 legione
746 919 1011 990 Hispana,
1038 931 1346 973 remanente
1388 939 1469 986 ea,
1494 941 1655 992 quam
1683 941 1729 975 ev
1751 924 1919 976 classe
1957 924 2121 977 Nero.

316 993 724 1064 conscripserat,
750 991 907 1062 plena
931 993 1055 1044 urbs
1079 991 1321 1044 exercitu
1348 992 1595 1048 insolito:
1633 994 1788 1047 multi
1811 995 1986 1048 adhoc
2007 1013 2107 1048 nu·-

373 1171 471 1210 odio
485 1173 740 1223 flagitiorum
767 1171 987 1223 onerabant]
1019 1171 1122 1218 Sive,
1140 1179 1185 1209 ut

316 1226 409 1265 libri
421 1228 563 1276 ‘scripti
581 1227 639 1278 (in
655 1227 717 1263 his
734 1224 851 1275 Bud.)
873 1233 1081 1264 oneratum.
1098 1226 1185 1265 vox

316 1282 474 1330 quidem
500 1293 547 1319 ea
571 1280 776 1318 retinenda
803 1284 878 1326 est,
893 1280 994 1316 male
1021 1292 1046 1317 a
1060 1281 1185 1317 Beato

317 1335 495 1384 expulsa.
559 1336 668 1373 L1Ps.
722 1334 784 1373 Sic
817 1339 857 1371 et
891 1333 1034 1372 Annal.
1073 1340 1113 1378 Ω,
1143 1337 1182 1372 3.

316 1391 454 1427 Gnosi.
504 1389 711 1427 oneratum
756 1389 874 1425 etiam
921 1389 1032 1427 MSS.
1067 1388 1183 1426 lFlor.

316 1443 448 1480 Guelf.
474 1444 558 1480 edd.
579 1447 675 1481 vett.
693 1445 785 1478 ante
801 1443 927 1480 Rhen.
951 1443 1125 1480 restituit
1141 1442 1183 1479 in

316 1501 471 1535 textum
504 1498 683 1537 Pichena.

318 1551 553 1599 flagitiorum
580 1551 741 1590 alterius
759 1551 802 1587 in
823 1550 990 1588 Galbam
1017 1551 1183 1587 transla-

317 1607 419 1651 tum,
439 1609 479 1642 et
502 1605 683 1643 inertiam
709 1604 872 1642 alterius
888 1605 930 1642 in
947 1608 1186 1643 contemtum

317 1659 521 1697 adduxisse
539 1660 720 1706 Galbam,
735 1662 853 1707 atque
870 1659 959 1695 inde
975 1659 1186 1707 perniciem

318 1713 404 1759 ejus
447 1718 594 1751 natam.
669 1715 853 1752 Ceterum
905 1714 1186 1762 ignavissimus

317 1769 478 1817 capede
509 1770 673 1806 Lacone.
704 1769 754 1806 V.
788 1767 950 1805 Sueton.
977 1767 1092 1805 Galb.
1123 1773 1186 1804 14.

315 1820 425 1859 ERN.
453 1823 563 1860 Acid.
593 1825 743 1871 pugnat
772 1833 842 1871 pro
870 1821 1022 1872 vulgari
1051 1834 1182 1860 onera-

316 1876 421 1914 hant.

371 1930 562 1977 Cingonio
584 1928 774 1980 Varrone]
806 1930 869 1968 Ita
889 1929 1102 1967 scribamus
1117 1929 1184 1976 ju·

314 1984 383 2021 bet
410 1985 638 2030 Vaticanus,
661 1985 728 2033 qui
758 1996 838 2022 non
863 1985 985 2022 aliter<
1005 1985 1183 2021 nominat

313 2041 355 2075 et
386 2037 631 2084 Plutarchus,
657 2040 720 2076 cui
750 2049 784 2076 c.
820 2043 880 2076 14.
910 2042 971 2076 est.
998 2037 1180 2086 Κινγῶνιος

312 2091 461 2143 Βάρῤυν.
516 2093 591 2130 Sed
610 2093 651 2130 in
669 2093 797 2130 Taciti
814 2093 982 2142 vulgatis
998 2093 1116 2129 etiam
1135 2093 1182 2128 li-

312 2145 393 2185 bris
411 2146 469 2183 ita
485 2148 741 2195 perscriptum
770 2148 820 2184 A.
843 2152 907 2193 14,
935 2152 1001 2185 45.
1021 2148 1181 2184 Cen-sue-

311 2206 376 2247 ναι
393 2202 611 2248 Cingonius
626 2202 752 2238 Varro
770 2202 915 2238 Consul
941 2202 1180 2248 des-ignatus.

311 2255 385 2294 Est
411 2259 542 2292 autem
560 2255 622 2292 liic
641 2256 737 2303 ipse.
766 2257 878 2292 Lips.
903 2256 1081 2304 Antiqua
1096 2255 1180 2292 edd.

309 2308 426 2345 lectio
445 2310 614 2355 Ciconio,
625 2313 671 2346 ut
688 2309 806 2347 habet
822 2310 939 2346 etiam
957 2310 1042 2347 MS.
1063 2308 1180 2358 (Bud.

307 2361 364 2411 et)
386 2363 515 2400 Guelf.
543 2364 650 2401 ERN.
678 2364 725 2400 In
742 2364 825 2400 loco
841 2364 906 2400 cit.
925 2375 972 2400 ex
989 2364 1096 2401 Anu.
1119 2369 1178 2401 14.

309 2417 394 2453 dele
416 2418 559 2453 Consul
574 2417 814 2465 designatum

360 2471 543 2508 Petronio
564 2471 811 2520 Turpiliano]
845 2472 927 2512 Qui
940 2471 1085 2509 Consul
1101 2472 1178 2507 fuit

307 2534 346 2560 a..
363 2537 403 2562 u.
425 2530 515 2562 814.
569 2526 821 2562 Plutarchum
848 2537 1005 2573 sperno,
1022 2527 1101 2563 sive
1131 2526 1178 2561 li-

306 2577 497 2624 brarium,
516 2579 558 2615 in
585 2592 661 2628 quo
680 2591 713 2617 c.
743 2585 805 2618 15.
826 2578 1100 2632 Τεςτουλλιανδς
1118 2579 1177 2617 di·-

308 2633 425 2671 citur.
456 2634 570 2670 Lips.

363 2688 467 2724 Dua·
484 2686 668 2737 Neronis]
699 2687 789 2727 Non
818 2691 947 2735 potest
964 2687 1114 2735 plaeere
1131 2687 1178 2724 il-

306 2739 375 2778 lud
391 2743 494 2779 Dua·
522 2742 702 2779 Neronis.
743 2743 896 2786 Putem,
916 2742 992 2788 hic,
1011 2749 1055 2779 ut
1068 2743 1180 2790 fidus

308 2796 491 2833 Neronis.
531 2796 668 2844 Neque
686 2795 801 2833 aliter
813 2796 1042 2833 Plutarchus
1060 2808 1093 2833 c.
1115 2802 1177 2836 17.

308 2849 489 2887 habuisse
517 2850 686 2895 videtur,
704 2851 806 2898 quod
834 2850 1025 2887 reddidit:
1054 2848 1110 2886 ἔτι
1124 2850 1177 2898 μὴ

306 2900 498 2954 προεδίδου,
523 2901 596 2940 οὐδὲ
627 2902 737 2951 ἐμίσει
754 2902 813 2940 τᾶν
841 2902 1000 2952 ν’νγεμὸνκ
1027 2903 1181 2941 τοιοῦτον

307 2954 409 3003 ἶνα-ω,
425 2954 645 3004 pacatiana,
662 2956 762 2994 ἄλλο
778 2954 812 2995 δὲ
825 2954 915 3006 panzi
932 2956 964 2994 ’ἐν
978 2954 1083 3005 μίγα
1105 2954 1182 2994 0231-

308 3009 423 3053 κήσας
442 3008 636 3048 ἀπίθανα.
663 3012 798 3048 GRoN.
836 3011 905 3048 Nil
931 3011 1175 3048 mutandum.

310 3064 371 3102 Cf.
390 3076 423 3102 c.
442 3070 507 3103 71.
522 3064 615 3100 item
635 3070 674 3109 2,
698 3070 760 3110 12,
785 3069 847 3110 19,
866 3070 934 3110 33,
951 3067 1018 3103 36.

365 3119 580 3167 Tamquam
610 3119 823 3156 innocentes
847 3117 1060 3168 perierant]
1108 3119 1180 3156 Ni-

308 3172 366 3209 hil
384 3172 523 3210 melius
542 3171 699 3219 vulgato
715 3185 724 3208 τ
755 3177 795 3209 et
811 3184 918 3209 mens
937 3173 1021 3219 ejus
1038 3185 1047 3208 z
1076 3173 1180 3210 haud

308 3227 402 3272 scio,
430 3238 481 3263 an
509 3226 609 3263 nihil
637 3227 858 3273 peccarint3
904 3231 1024 3271 certe,
1044 3230 1090 3263 ut
1116 3238 1177 3262 so-

307 3280 406 3326 lent,
427 3281 494 3327 qui
509 3280 606 3317 nihil
632 3284 857 3327 peccarunt,
875 3291 900 3316 a
923 3281 1099 3327 tyrannis
1115 3292 1178 3317 oc-

309 3334 401 3379 cidi,
419 3345 557 3380 nempe
579 3334 744 3371 inauditi
760 3339 800 3370 et
816 3333 1018 3372 indefensi.
1041 3335 1176 3372 GRoN.

309 3388 465 3425 Scilicet
494 3388 675 3425 Muretus
701 3387 855 3425 volebat
886 3395 1083 3437 tamquam
1111 3400 1179 3424 no-

310 3448 444 3480 centes.
488 3441 687 3478 Acidalius
704 3453 934 3491 quamquam
951 3443 1176 3479 innocentes.

311 3494 397 3543 Ego
439 3495 674 3534 alterutrum
708 3494 881 3543 probem.
935 3495 1037 3532 Nam
1076 3495 1178 3532 ratio

311 3550 560 3590 Gronoviana
612 3553 671 3587 est
714 3550 830 3589 nimis
881 3553 1033 3599 arguta.
1104 3548 1177 3589 Sed

748 1497 891 1534 Sensus
925 1499 1006 1535 est:
1051 1497 1182 1534 odium
1195 1529 1198 1532 ,

1238 1183 1469 1222 quamquam
1501 1173 1752 1221 praetulerim.
1795 1174 1906 1213 illud·
1922 1182 2119 1227 tanquam

1231 1227 1315 1273 jam
1333 1230 1392 1263 cst
1419 1227 1461 1263 in
1489 1233 1547 1264 ut.
1572 1229 1680 1266 ERN.
1710 1229 1913 1279 Tanquam
1938 1230 2036 1267 bene
2065 1243 2105 1268 se
2120 1250 2126 1255 -v

1237 1279 1369 1317 habet.
1395 1281 1457 1318 cf.
1487 1281 1587 1319 Plin.
1613 1294 1677 1331 ep.
1707 1287 1748 1330 4,
1782 1288 1843 1320 11.
1861 1284 1907 1320 de
1925 1285 2122 1323 Cornelia.

1236 1334 1386 1382 virgine
1405 1334 1565 1372 Vestali.
1959 1373 1962 1376 ,

1292 1388 1365 1425 Tot
1391 1387 1579 1439 millibus]
1614 1388 1802 1427 Classicos
1830 1391 2029 1442 intelligit,
2057 1392 2103 1430 de

1236 1441 1376 1491 quibus
1394 1454 1428 1479 c.
1445 1447 1511 1482 37.

1292 1498 1420 1541 Quam
1447 1507 1467 1533 e
1494 1497 1614 1534 classe
1645 1496 1766 1547 Nero]
1807 1499 1899 1536 «Iam
1926 1499 2034 1536 olim.
2049 1499 2104 1537 le-

1228 1549 1369 1597 giones
1389 1551 1582 1596 Classica,
1601 1551 1634 1587 si
1652 1552 1819 1590 nummis
1838 1553 1946 1600 fides,
1960 1555 2002 1591 in
2018 1557 2122 1603 qui·-

1239 1602 1313 1643 bus
1329 1603 1460 1641 video:
1489 1614 1588 1642 ΑΝΤ.
1615 1616 1718 1643 nuo.
1748 1617 1817 1643 111.
1834 1617 1922 1644 vm.
1942 1618 1981 1644 n.
2002 1619 2036 1646 Ρ.
2065 1619 2106 1647 e.

1239 1661 1280 1694 et
1305 1661 1415 1707 parte
1441 1658 1711 1696 alterae-nm.
1740 1670 1849 1698 xvn.
1876 1671 2101 1702 cmssmm.

1239 1713 1352 1752 lars.
1378 1711 1486 1750 Bud..
1497 1713 1604 1749 Nero
1620 1726 1670 1751 ea·
1685 1714 1816 1753 classe.

1290 1767 1417 1804 Multi
1447 1766 1502 1804 ad
1530 1766 1600 1804 Ιιοε
1630 1773 1666 1804 et
1697 1766 1907 1820 innumeri]
1951 1769 2101 1807 Vitium

1236 1821 1361 1868 quivis
1378 1820 1519 1857 viderit
1542 1824 1582 1857 et
1610 1821 1796 1860 sermonis
1824 1822 2006 1872 ineptias,
2025 1823 2102 1860 iuro

1235 1875 1378 1911 sordes.
1434 1875 1539 1915 Quid
1568 1875 1671 1911 enim
1700 1875 1797 1912 illud
1825 1880 1899 1922 est,
1924 1878 2041 1914 multi
2066 1884 2102 1914 et

1237 1929 1464 1966 innumeri?
1507 1929 1706 1966 Adstricto
1746 1934 1880 1968 nostro
1921 1928 2101 1979 scriptori

1234 1983 1329 2019 satis
1368 1986 1467 2028 erat,
1505 1984 1634 2029 credo,
1665 1984 1847 2022 alterum.
1900 1986 2102 2022 Ferrettus

1234 2037 1497 2083 emendabat,
1517 2037 1660 2075 milites
1702 2038 1757 2075 ad
1789 2038 1858 2076 hoc
1896 2041 2123 2078 innumeri..

1233 2092 1318 2140 Ego
1352 2092 1547 2128 verissime
1581 2103 1629 2129 ex
1670 2092 1896 2130 Farnesiani
1926 2093 2100 2141 vestigiis

1233 2147 1349 2183 multi
1386 2146 1440 2182 ad
1479 2146 1548 2182 hoc
1575 2147 1738 2183 numer-i.
1807 2147 1878 2185 Ad
1901 2147 1984 2193 hoc,
2019 2147 2103 2184 Sal-

1233 2200 1447 2236 lustianum
1490 2203 1572 2236 est:
1617 2203 1658 2236 et
1690 2200 1810 2245 valet,
1842 2201 1975 2245 etiam,
2004 2212 2108 2249 praed

1234 2258 1353 2291 terea.
1406 2254 1464 2290 At
1487 2265 1663 2290 numeros
1691 2254 1754 2291 hic
1771 2255 1881 2303 capio
1906 2255 2100 2301 conci-tm,

1233 2319 1386 2353 manus,
1432 2307 1597 2344 vexilla:
1656 2307 1846 2346 Crebmm
1897 2309 1936 2346 id
1991 2309 2099 2346 verbi

1233 2361 1306 2399 sub
1336 2373 1460 2399 aevum
1491 2361 1638 2407 Taciti,
1671 2373 1718 2398 eo
1758 2373 1888 2400 sensu.
1947 2363 2101 2399 Plinius

1233 2417 1347 2464 epist.
1381 2420 1443 2461 10,
1488 2421 1554 2452 38.
1595 2416 1642 2451 de
1675 2415 1894 2454 tironibus:
1932 2417 2102 2454 nondam

1231 2470 1430 2508 distributi
1454 2470 1496 2507 in
1521 2481 1696 2506 numeros
1723 2477 1846 2508 erant.
1904 2471 2100 2518 Ulpianus

1230 2524 1259 2562 l.
1295 2529 1329 2561 1.
1358 2525 1410 2560 D.
1438 2524 1485 2560 de
1514 2523 1590 2569 his,
1617 2524 1685 2572 qui
1713 2528 1901 2562 notantur
1927 2525 2120 2563 infamia..

1229 2579 1438 2616 exercitum
1476 2589 1552 2614 uon
1593 2590 1712 2616 unam
1755 2579 1942 2616 cohortem
1982 2591 2101 2628 neque

1231 2633 1338 2670 alam
1355 2632 1534 2676 dicimus,
1550 2632 1618 2668 sed
1641 2644 1817 2669 numeros
1831 2633 1973 2679 ”tultos
1991 2634 2099 2670 mili-

1231 2694 1329 2724 tum.
1381 2686 1487 2723 Idem
1516 2685 1544 2722 1.
1572 2696 1640 2722 un.
1658 2687 1710 2724 D.
1732 2687 1778 2723 de
1806 2685 1896 2724 bon.
1922 2698 2023 2735 poss.
2050 2699 2102 2732 ex

1232 2744 1324 2778 test.
1343 2740 1426 2778 mil.
1452 2740 1577 2789 siquis
1590 2741 1762 2777 militum
1782 2753 1832 2778 ea·
1848 2741 1928 2778 alio
1944 2753 2100 2778 nvcmero

1230 2794 1443 2833 translatus
1467 2795 1521 2831 sit
1537 2795 1580 2831 in
1612 2795 1748 2832 alium.
1802 2795 1913 2832 Suet.
1938 2794 2101 2842 Vespas.

1232 2861 1265 2886 c.
1280 2852 1320 2886 6.
1343 2853 1381 2885 et
1407 2854 1500 2885 tunc
1526 2848 1678 2897 quidem
1704 2861 1914 2898 compressa
1941 2860 2001 2885 res
2026 2855 2099 2895 est,

1233 2903 1418 2941 revocatis
1451 2902 1505 2938 ad
1540 2902 1706 2951 qfficium
1733 2905 1917 2948 numeris,
1938 2915 2102 2951 parum·

1227 2970 1312 3007 per.
1348 2955 1586 2992 Claudianus
1607 2957 1648 2992 in
1673 2955 1847 3004 Epithal.
1870 2956 2013 2994 Pallad.
2033 2960 2097 2994 88.

1231 3012 1460 3059 Regnorum
1491 3016 1634 3049 tractat
1671 3021 1860 3055 veniamve,
1893 3023 2099 3060 cuneosque

1231 3070 1406 3102 recenset.
1459 3063 1542 3101 Nec
1584 3063 1759 3102 cohortes
1792 3063 1917 3102 solum
1951 3065 1995 3101 in
2027 3065 2099 3102 hoc

1233 3130 1389 3163 nomen,
1408 3117 1474 3153 sed
1490 3117 1693 3165 paullatim
1711 3128 1852 3154 venere
1868 3119 1987 3157 etiam
2005 3118 2099 3167 ipsae

1232 3173 1416 3221 legiones.
1471 3171 1643 3208 Accredo
1672 3172 1743 3208 hoc
1767 3173 1978 3209 Sozomeno
2005 3173 2099 3210 scri-

1232 3226 1340 3263 benti
1362 3231 1396 3262 l.
1416 3231 1452 3262 8.
1481 3224 1536 3261 Τὰ
1561 3223 1739 3273 Ῥωμαίων
1764 3224 1971 3274 τάγματα,
1989 3225 2016 3264 εἳ
2046 3225 2100 3264 νῦν

1230 3277 1406 3333 ἀριθμοὺς
1436 3278 1619 3316 καλοῦσιν.
1670 3281 1729 3316 Ac
1752 3279 2015 3327 Capitolinum
2043 3281 2131 3317 iur-

1230 3333 1379 3382 accipio
1407 3333 1448 3369 in
1465 3332 1640 3369 Macrino
1665 3343 1698 3371 c.
1717 3338 1754 3372 5.
1784 3333 1935 3372 Timuit
1970 3340 2099 3371 autem

1231 3395 1268 3425 et
1301 3387 1503 3435 collegam,
1532 3400 1580 3423 ne
1611 3388 1691 3436 ipse
1719 3389 1907 3436 imperare
1933 3394 2096 3437 cuperet,

1230 3441 1332 3491 quod
1345 3442 1381 3478 si
1400 3441 1459 3477 vel
1471 3442 1590 3477 unius
1604 3443 1755 3478 numeri
1779 3453 1979 3479 consensus
1993 3454 2101 3479 acce-

1230 3496 1347 3540 deret,
1372 3506 1490 3544 neque
1506 3495 1586 3542 ipse
1613 3501 1816 3540 recusaret,
1832 3502 1870 3533 et
1890 3508 2016 3533 omnes
2031 3508 2098 3532 eu-

1225 3549 1428 3600 pidissime
1454 3548 1498 3587 id
1508 3548 1699 3598 facerent.
1726 3549 1822 3599 quin
1855 3553 1987 3590 noster
2014 3550 2098 3600 ipse
