2190 3880
643 123 813 182 121ss.
849 127 940 175 111.
994 127 1163 174 CAP.
1194 131 1276 174 34.
1786 133 1878 177 191.

71 253 324 319 siderent,
348 251 523 304 solum
566 248 838 320 Mephitis
883 251 991 302 tem
1034 249 1146 301 lum
1185 249 1501 302 stetitante
1545 251 1769 315 moenia,
1796 250 2008 306 lo-A‚U.

73 346 160 389 cc,
188 343 281 388 seu
309 322 570 375 .Numine
614 321 917 372 defensum.
1059 319 1109 372 ic
1159 321 1340 372 exitus
1382 320 1688 383 Cremonae,
1733 340 1874 373 anno
1903 325 1998 359 82³·

79 392 530 449 CCLXXXVI.
583 391 952 464 aprimordio
991 392 1092 442 sui.
1170 390 1409 442 Condita
1449 402 1564 440 erat
1611 390 1694 442 Ti.
1725 376 1968 463 Sem-As„
1996 401 2009 413 ⁶

73 465 267 535 pronio
299 474 358 516 <et
395 461 650 515 Cornelio
694 461 1041 526 ConsulibuS‚
1070 462 1357 531 ingruente
1394 461 1448 510 in
1478 459 1692 511 Italiam
1722 460 1876 512 Hanss-
1893 449 1984 533 3‘4'

75 534 275 598 ruibale,
303 532 768 604 propugnaculum
798 533 1051 584 adversus
1076 531 1282 596 Gallos,
1306 545 1451 582 trans
1478 530 1686 582 Padum
1715 549 1880 600 agen-

73 617 174 668 tes,
201 616 256 656 et.
284 605 328 656 si
357 622 465 674 qua
491 603 595 655 alia
624 604 701 655 vis
735 621 829 673 per
853 602 1018 672 Alpes
1061 612 1254 653 rueret.
1331 602 1510 671 Igitur
1536 618 1760 652 numero
1787 620 1880 652 co-

74 674 343 738 lonorum,
372 675 782 744 opportunitate
808 673 1115 734 fluminum,
1143 674 1307 723 ubere
1342 672 1479 740 agri,
1506 689 1720 723 annexu
1749 690 1880 722 con-

74 746 364 815 nubiisque
391 745 656 814 gentium,
684 743 920 795 adolevit
949 743 1258 811 floruitque,
1290 743 1438 793 bellis
1474 743 1712 793 externis
1732 742 1881 792 ‘inta-

74 827 194 881 cta3
221 813 709 867 civilibusinfelix.
733 812 1025 877 AntoniuS,
1048 814 1252 883 pudore
1275 814 1491 882 flagitii,
1509 813 1880 864 crebrescente

79 885 303 950 invidia,
329 885 522 947 edixit,
558 902 622 935 ne
660 884 772 953 quis
802 883 1152 952 Cremonenses
1188 883 1412 953 captivos
1451 883 1712 934 detineret.
1750 883 1881 934 inri-

8 970 9 973 ’
79 968 298 1025 tamque
346 956 584 1026 praedam
624 956 887 1006 militibus
930 954 1182 1006 effecerat
1224 971 1516 1005 consensus
1546 953 1739 1017 Italiae,
1768 971 1882 1004 em-

77 1025 526 1097 ptionem-talium
557 1026 948 1094 mancipiorum
979 1025 1370 1095 adspernantiS.
1412 1024 1604 1076 Occidi
1633 1042 1878 1094 coepere:

77 1097 224 1166 quod
266 1096 359 1148 ubi
404 1096 635 1159 enotuit,
677 1115 708 1147 a
754 1095 1071 1165 propinquis
1119 1095 1496 1162 adfinibusque
1536 1095 1748 1146 occulte
1798 1113 1882 1145 re-

77 1168 517 1238 demptabantur.
559 1185 686 1218 mox
712 1166 874 1217 'rediit
905 1166 1231 1217 Cremonam
1261 1163 1495 1232 reliquus
1523 1166 1772 1235 populus,
1800 1183 1882 1216 re-

79 1238 257 1310 posita
282 1237 402 1289 fora
429 1235 736 1306 templaque
775 1236 1151 1288 munificentia
1186 1235 1524 1305 municipum
1549 1256 1562 1287 ι
1601 1248 1654 1286 et
1682 1235 1884 1305 Vespa-

130 1412 335 1472 Mephiti‘s]
367 1422 454 1458 Dea
492 1421 588 1458 tetri
619 1419 763 1467 odoris,
798 1421 844 1457 de
876 1432 955 1470 qua
1008 1419 1188 1457 debatur.
1242 1421 1381 1468 Neque
1409 1423 1480 1457 aut
1503 1420 1597 1457 satis
1614 1420 1768 1458 faciunt.
1782 1420 1886 1458 dicta

78 1475 425 1521 Serv.adAEn.“7,
446 1479 510 1512 84.
538 1475 647 1519 ERN.
1009 1474 1168 1521 Ryckio,
1200 1477 1270 1510 aut
1297 1475 1480 1511 convenit
1510 1474 1730 1521 exemplum
1760 1474 1810 1511 ab
1841 1487 1886 1510 eo

131 1529 214 1566 Hic
230 1530 360 1566 exitus
379 1527 588 1577 Cremonoe]
623 1528 685 1565 Sic
705 1526 804 1563 edidi
828 1537 874 1562 ex
893 1526 954 1564 ed.
1012 1528 1207 1576 prolatum
1236 1539 1256 1563 e
1287 1528 1372 1567 Liv.
1406 1534 1443 1573 8,
1478 1533 1539 1565 14.
1569 1530 1702 1565 ceteris
1728 1529 1889 1564 Latinis

80 1591 140 1631 pr.
169 1583 234 1622 cui
263 1583 460 1633 consentit
486 1582 573 1619 MS.
596 1582 691 1629 Agr.
721 1590 957 1629 quamquam
1006 1582 1163 1629 populi-s*
1190 1583 1379 1618 connubia
1408 1583 1705 1630 commerciaque
1737 1587 1773 1617 et
1801 1594 1888 1618 con·

82 1636 275 1673 Cremnae
289 1647 314 1671 a
331 1646 437 1673 man.
453 1647 528 1671 sec.
557 1635 748 1671 additum.
803 1634 959 1669 Habuit
1012 1636 1106 1670 cilia
1123 1636 1224 1671 inter
1241 1647 1280 1671 se
1298 1636 1520 1671 ademerunt
1534 1649 1545 1669 :
1574 1646 1664 1671 nam
1683 1634 1738 1670 ibi
1757 1635 1889 1670 omnia

78 1688 233 1726 abesta
261 1690 350 1728 MS.
367 1689 472 1726 Flor.
500 1689 603 1725 Bud.
632 1689 674 1724 in
692 1687 835 1735 quibus
864 1687 958 1733 quia

80 1746 141 1779 est
170 1744 409 1787 Cremonam,
442 1743 622 1778 addidere
654 1742 802 1786 habuit,
831 1752 853 1776 e
874 1740 958 1789 >for·

80 1795 190 1833 mula
204 1797 343 1833 Tacito
361 1796 524 1832 solenni.
559 1795 781 1834 Cremonam
794 1794 956 1839 servari,

81 1850 167 1887 sine
184 1850 335 1895 habuit,
354 1854 401 1886 ut
424 1849 512 1890 vult.
529 1850 567 1886 J.
586 1849 822 1892 Gronovius,
842 1847 957 1884 intel-

80 1902 183 1940 lecto
199 1905 357 1949 mansit,
375 1902 527 1941 duabus
546 1903 592 1938 de
610 1903 756 1938 caussis
775 1902 859 1938 fieri
878 1912 958 1937 non

81 1957 233 2004 placet:
261 1957 449 2005 primum,
480 1956 575 2004 quia.
601 1956 677 1992 ista
704 1955 850 2003 ellipsis
870 1955 958 1991 inu-

81 2011 216 2056 sit-ata,
252 2010 354 2058 quod
388 2014 430 2047 et
462 2010 510 2046 de
549 2010 683 2046 habuit
724 2009 930 2046 dicendum
947 2020 955 2043 :

81 2064 188 2107 dein,
207 2064 302 2112 quia.
315 2063 479 2104 verbum
507 2075 659 2100 manere
675 2063 757 2098 fere
776 2063 822 2099 de
849 2062 959 2098 futu-

80 2119 135 2155 ris
151 2117 270 2154 rebus
286 2117 446 2162 dicitur,
464 2121 518 2162 et,
537 2117 571 2153 si
598 2116 644 2152 dc
662 2115 872 2164 praeteritis
901 2115 959 2151 di-

81 2172 200 2216 citur,
216 2177 412 2208 manserat
438 2181 522 2207 esse
551 2169 683 2215 debet,
702 2181 781 2205 non
801 2170 960 2206 mansit.

78 2223 304 2263 Accusativi
321 2228 362 2261 et
377 2223 542 2272 genitivi
571 2224 705 2270 primae
734 2222 960 2259 declinatio-

83 2278 144 2314 nis
180 2289 280 2326 saepe
308 2279 351 2314 in
384 2277 496 2314 libris
525 2277 690 2313 confusi.
718 2277 826 2313 ERN.
856 2277 956 2323 Reg.

82 2330 181 2370 Lall.
193 2342 348 2380 quoque
362 2331 480 2368 habet
492 2331 646 2368 Hicex.
664 2331 868 2366 Cremonoe.
882 2330 959 2367 Re-

7 2437 10 2440 *
66 2394 219 2434 ‘cepere
238 2385 335 2422 Lall.
352 2385 462 2423 Brot.
479 2384 569 2432 Rip.
586 2385 780 2421 Gruterus
790 2379 930 2419 etiam.

0 3416 14 3603 ww&-
0 3290 12 3411 *tv-ww*
0 3254 5 3259 ¹⁴

140 2439 204 2477 Ti.
222 2437 462 2488 Sempronio]
494 2438 539 2476 Id
557 2441 630 2483 est,
647 2437 824 2474 Tiberio.
852 2436 959 2473 Male

34 2536 36 2539 v
83 2492 189 2528 enim
209 2491 325 2540 vulgo
346 2492 437 2529 Tito
450 2505 462 2527 .·
491 2503 540 2527 ex
558 2491 670 2528 Livio
688 2496 755 2536 21,
773 2483 811 2526 δ’.
831 2493 872 2526 et
886 2488 959 2526 Fa-

85 2546 170 2582 stis.
215 2545 327 2585 Lffs.
373 2546 424 2581 P.
457 2544 570 2581 abest
603 2548 696 2581 ante
733 2545 907 2580 Cornelio
940 2555 963 2579 a

85 2598 190 2635 Flor.
207 2596 341 2648 (Eud.)
358 2598 489 2635 Guelf.
503 2597 587 2635 edd.
607 2601 700 2634 ante
713 2598 840 2634 Rhea.
858 2597 962 2632 unde

86 2651 224 2688 delevi.
258 2651 329 2691 ,Sic
345 2651 396 2687 A.
418 2656 482 2697 14,
506 2657 540 2688 1.
577 2651 618 2688 C.
638 2650 840 2698 Vipstano,
859 2651 961 2686 Fon·

86 2706 163 2742 tcio
185 2706 287 2742 coss.
309 2708 355 2740 ut.
371 2709 505 2740 monet
522 2705 559 2740 J.
579 2705 703 2740 Gron.
759 2704 867 2740 ERN.

141 2758 221 2796 Per
249 2758 370 2806 Alpe-r
399 2757 539 2806 rueret]
576 2758 615 2793 A
644 2757 771 2793 Beato
801 2757 872 2800 hoc
904 2759 962 2792 est

91 2810 132 2862 (e
162 2810 312 2860 Bud.);
351 2815 469 2847 antea
496 2812 671 2847 irrueret.
728 2810 871 2856 Legam
901 2811 963 2846 in·

15 2870 17 2872 ’
84 2871 256 2914 grueret.
285 2865 395 2901 L112s.
423 2864 569 2901 Rueret
587 2868 647 2899 est
663 2863 780 2899 etiam
800 2863 842 2898 in
858 2863 961 2900 Flor.

88 2918 148 2955 ed.
185 2930 244 2966 pr.
291 2917 394 2965 quod
433 2928 680 2965 nequaquam
714 2917 962 2952 tentandum.

89 2969 232 3009 Horat.
267 2972 311 3009 C.
342 2975 382 3015 4,
402 2975 440 3007 2.
467 2971 604 3007 Monte
632 2971 832 3007 decurrens
861 2971 964 3007 velat

87 3025 396 3073 ommis—servit,
415 3025 694 3072 immensusque
708 3024 790 3060 ruit
815 3023 964 3059 Pinda-

87 3090 157 3116 rus
172 3090 249 3116 ore.
294 3078 485 3115 Similiter
501 3079 646 3115 irruere
666 3087 736 3124 pro
752 3088 860 3113 ruere
876 3079 965 3112 ten-

89 3131 203 3169 tabat
224 3131 364 3169 Heius.
382 3130 430 3168 A.
450 3136 489 3174 2,
513 3136 575 3169 17.
603 3131 710 3167 ERN.

141 3188 314 3223 Annon-u
345 3185 614 3233 connubii-sque
641 3181 836 3231 gentium]
879 3183 967 3218 An-

90 3250 194 3276 neaeu
206 3242 267 3275 est
278 3238 553 3285 conjunctione
568 3248 815 3285 quacunque,
832 3236 966 3284 quales

90 3292 336 3335 commercia,
361 3290 572 3335 connubia,
600 3291 766 3326 concilia
795 3301 968 3326 commu-

92 3344 179 3380 nia:
199 3345 263 3392 cni
277 3344 485 3391 subjicitur
503 3345 649 3391 species
666 3343 967 3388 conjunctionis.

94 3396 172 3433 Pro
196 3399 376 3444 gentium
403 3397 609 3445 Spanhem.
643 3397 690 3432 de
706 3398 754 3433 V.
776 3401 816 3433 et
853 3397 894 3433 P.
915 3398 966 3433 N.

94 3453 126 3486 t.
144 3455 181 3487 Ω.
202 3461 241 3497 p.
262 3453 352 3490 619.
372 3450 542 3487 malebat
567 3450 842 3498 adjacentium,
863 3451 966 3497 quod

90 3505 269 3551 gentiam
287 3504 402 3541 nimis
420 3515 563 3553 vagum
581 3508 620 3540 et
642 3503 888 3540 indefinitum
907 3505 964 3540 vi-
981 3546 983 3548 ,

1012 1689 1186 1725 definita.
1244 1688 1318 1724 Sed
1346 1688 1481 1724 malim
1509 1691 1642 1723 tamen
1668 1687 1890 1736 intelligere

1012 1742 1181 1782 aliarum
1190 1757 1205 1782 ,·
1237 1742 1339 1789 quod
1358 1741 1520 1778 verbum
1545 1752 1569 1777 a
1588 1741 1732 1777 Graecis
1760 1742 1891 1789 saepis-

1011 1795 1123 1840 sime,
1139 1794 1190 1830 ab
1220 1794 1485 1833 imitatoribus
1511 1805 1646 1830 eorum
1675 1795 1890 1838 interdum,

1011 1848 1157 1894 omitti,
1193 1848 1340 1887 dudum
1373 1848 1622 1885 observatum
1657 1854 1731 1885 est.
1780 1849 1889 1885 ERN.

1011 1902 1109 1949 Agr.
1138 1914 1324 1938 conncoeu.
1358 1902 1486 1939 Rhen.
1517 1901 1690 1938 malebat
1717 1901 1889 1937 adhoesu.

1010 1956 1103 2003 Bip.
1123 1956 1338 2001 conjiciunt
1355 1956 1449 2003 agri
1466 1957 1621 1992 annea-i.
1660 1954 1778 1991 Ubere
1796 1956 1889 2001 agri

1011 2010 1128 2056 plane
1148 2013 1194 2044 ut
1211 2009 1319 2055 Virg.
1337 2010 1428 2045 AEn.
1448 2013 1489 2054 3,
1513 2010 1602 2045 164.
1623 2008 1734 2044 ubere
1748 2008 1888 2055 glebae.

1013 2063 1108 2098 Mox
1124 2062 1226 2098 Bud.
1243 2062 1501 2110 civilibusque.

1066 2115 1220 2151 Pudore
1222 2114 1400 2163 flagicii]
1434 2116 1495 2151 Ita
1513 2114 1590 2150 mei
1608 2113 1711 2150 libri.
1730 2113 1891 2151 Buden-

1013 2169 1065 2204 sis
1078 2170 1237 2217 pistore.
1257 2169 1407 2216 vulgati
1427 2167 1593 2215 pessime
1606 2173 1696 2215 post
1712 2179 1792 2204 rem
1804 2169 1890 2215 fla-

1009 2223 1119 2271 gitii.
1149 2223 1259 2259 st.
1289 2220 1422 2259 Etiam
1452 2221 1557 2258 Flor.
1581 2221 1711 2257 Guelf.
1730 2221 1793 2257 ed.
1823 2231 1888 2269 pr.

1006 2277 1167 2325 pudore.
1211 2277 1319 2313 ERN.
1368 2276 1431 2312 Ex
1464 2275 1623 2321 ingenio
1658 2273 1892 2320 conjiciebat

1007 2329 1156 2378 pudore
1184 2329 1421 2366 Rhenanus:
1461 2329 1633 2364 Pichena
1659 2328 1840 2364 restituit
1867 2340 1905 2363 e.

1012 2383 1116 2419 Flor.
1145 2381 1344 2421 Acidalius
1372 2394 1393 2418 e
1417 2388 1507 2429 post
1535 2394 1615 2418 rem
1644 2380 1891 2428 conjectabat

1005 2437 1203 2485 postremi.

1073 2488 1334 2527 (remmoenses
1371 2486 1559 2537 captivos]
1593 2489 1687 2524 Cod.
1719 2487 1816 2535 Agr.
1848 2491 1907 2529 et*

1015 2543 1111 2590 Reg.
1130 2543 1230 2579 Lall.
1256 2541 1539 2579 Cremonensem
1555 2542 1766 2589 captivum.
1825 2581 1829 2585 ⁶
1893 2581 1895 2583 v

1075 2597 1208 2634 Occidi
1227 2594 1384 2643 coepere]
1419 2595 1481 2632 Sic
1508 2595 1723 2645 Rhenanus
1745 2593 1849 2629 dedit
1868 2605 1887 2628 c

1014 2650 1188 2697 vestigiis
1223 2650 1309 2685 MS.
1339 2649 1442 2684 Bud.
1474 2648 1515 2683 in
1544 2659 1620 2694 quo
1653 2652 1737 2682 erat
1755 2648 1887 2684 cecidi.

1014 2703 1072 2738 At
1109 2703 1231 2739 occidi
1259 2701 1341 2747 jam
1373 2701 1522 2737 editum
1552 2705 1636 2736 crat
1668 2701 1707 2735 in
1738 2700 1798 2736 ed.
1832 2712 1891 2748 pr.

1016 2755 1118 2802 quod
1153 2759 1212 2792 est
1247 2755 1365 2790 etiam
1403 2755 1444 2790 in
1475 2754 1577 2790 Flor.
1624 2752 1758 2790 Ceteri
1796 2758 1890 2789 ante

1015 2809 1144 2845 Rhea.
1164 2808 1274 2852 coedi,
1297 2811 1340 2843 ut
1367 2812 1427 2842 est
1451 2808 1493 2843 in
1523 2806 1657 2843 Guelf.
1701 2807 1803 2843 iilos:
1830 2820 1892 2843 re-

1017 2862 1300 2906 demtabantur,
1316 2861 1418 2907 quod
1437 2872 1458 2895 e
1476 2861 1579 2897 Flor.
1599 2860 1721 2897 edidit
1740 2859 1893 2910 (Piche—

1018 2927 1070 2951 na
1088 2918 1143 2962 et)
1168 2915 1350 2961 Rycffius,
1371 2914 1491 2951 etiam
1509 2918 1569 2949 est
1586 2915 1627 2949 in
1655 2914 1773 2951 MSS.
1794 2914 1907 2962 Agr..

1019 2968 1151 3004 Guelf.
1198 2969 1245 3004 In
1263 2968 1439 3015 margine
1456 2971 1589 3003 autem
1608 2979 1678 3014 pro
1695 2977 1780 3003 var.
1799 2967 1908 3007 lect„

1019 3026 1078 3058 est
1094 3021 1387 3059 redimebantur.
1421 3021 1600 3058 Gaudere
1617 3021 1801 3058 Tacitum
1817 3022 1894 3057 fre-

1018 3075 1274 3123 quentativis,
1304 3086 1424 3121 supra
1447 3074 1530 3120 jam
1561 3073 1826 3120 observatum,
1854 3078 1904 3113 et.

1018 3129 1136 3164 lectio
1153 3140 1346 3176 quemque
1375 3130 1498 3164 docet.
1525 3129 1634 3169 ERN.
1659 3128 1763 3165 Bud.
1793 3128 1896 3165 redi-

1018 3183 1232 3219 mebantur.
1262 3182 1323 3221 Sis
1341 3183 1430 3218 Put.
1450 3180 1534 3219 Alc.
1555 3182 1632 3219 Rh.
1844 3212 1848 3214 .

1072 3235 1375 3283 Magnfficentia
1393 3234 1649 3284 municipum]
1670 3235 1802 3272 Placet
1813 3246 1907 3278 ma<

1022 3289 1097 3336 gis,
1116 3289 1218 3337 quod
1236 3289 1277 3325 in
1299 3290 1412 3326 Rom.
1431 3289 1560 3325 codice
1584 3294 1655 3331 est,
1677 3289 1720 3338 (i.
1737 3288 1795 3325 cd.
1814 3288 1893 3335 pr.)

1021 3343 1303 3390 munificentia.
1333 3343 1444 3380 les.
1475 3343 1536 3379 Sic
1554 3346 1594 3378 et
1613 3343 1695 3379 MS.
1713 3343 1810 3388 Reg.
1840 3342 1898 3376 id-

1023 3407 1097 3443 que
1109 3396 1249 3432 mclius
1261 3401 1355 3443 puto
1369 3409 1377 3430 :
1395 3400 1434 3432 et
1447 3396 1675 3443 recepissem
1690 3397 1729 3431 in
1739 3399 1896 3430 contex-

1019 3456 1120 3494 tum,
1148 3450 1223 3485 nisi
1251 3450 1544 3497 magnificentia
1575 3460 1728 3496 quoque
1756 3452 1911 3484 uteuns.

1020 3514 1095 3551 que
1114 3504 1206 3540 ferri
1225 3507 1375 3551 posset,
1398 3502 1597 3539 intellecta
1627 3500 1910 3548 magnitudine,
