<?xml version="1.0" encoding="UTF-8"?>
<!DOCTYPE html PUBLIC "-//W3C//DTD XHTML 1.0 Transitional//EN"
    "http://www.w3.org/TR/xhtml1/DTD/xhtml1-transitional.dtd">
<html xmlns="http://www.w3.org/1999/xhtml" xml:lang="en" lang="en">
 <head>
  <title>
</title>
<meta http-equiv="Content-Type" content="text/html;charset=utf-8" />
  <meta name='ocr-system' content='tesseract 3.04.00' />
  <meta name='ocr-capabilities' content='ocr_page ocr_carea ocr_par ocr_line ocrx_word'/>
</head>
<body>
  <div class='ocr_page' id='page_1' title='image "./p1operaexrecensi02taciuoft_0245.png"; bbox 0 0 2190 3880; ppageno 0'>
   <div class='ocr_carea' id='block_1_1' title="bbox 16 1492 967 1545">
    <p class='ocr_par' dir='ltr' id='par_1_1' title="bbox 16 1492 967 1545">
     <span class='ocr_line' id='line_1_1' title="bbox 16 1492 967 1545; baseline -0.006 -11"><span class='ocrx_word' id='word_1_1' title='bbox 16 1539 22 1545; x_wconf 41' lang='lat'>,</span> <span class='ocrx_word' id='word_1_2' title='bbox 83 1501 130 1533; x_wconf 75' lang='lat' dir='ltr'>ut</span> <span class='ocrx_word' id='word_1_3' title='bbox 146 1507 171 1533; x_wconf 82' lang='lat' dir='ltr'>a</span> <span class='ocrx_word' id='word_1_4' title='bbox 185 1495 466 1533; x_wconf 75' lang='lat' dir='ltr'><strong>terminatione</strong></span> <span class='ocrx_word' id='word_1_5' title='bbox 494 1494 748 1543; x_wconf 81' lang='lat' dir='ltr'>praecedentis</span> <span class='ocrx_word' id='word_1_6' title='bbox 767 1493 876 1530; x_wconf 81' lang='lat' dir='ltr'>verbi</span> <span class='ocrx_word' id='word_1_7' title='bbox 896 1492 967 1528; x_wconf 84' lang='lat' dir='ltr'>ab·</span> 
     </span>
    </p>
   </div>
   <div class='ocr_carea' id='block_1_2' title="bbox 676 130 1896 183">
    <p class='ocr_par' dir='ltr' id='par_1_2' title="bbox 676 130 1896 183">
     <span class='ocr_line' id='line_1_2' title="bbox 676 130 1896 183; baseline -0.001 -4"><span class='ocrx_word' id='word_1_8' title='bbox 676 131 831 179; x_wconf 88' lang='lat' dir='ltr'>LIB.</span> <span class='ocrx_word' id='word_1_9' title='bbox 878 130 971 178; x_wconf 89' lang='lat'>111.</span> <span class='ocrx_word' id='word_1_10' title='bbox 1027 130 1191 178; x_wconf 90' lang='lat' dir='ltr'>CAP.</span> <span class='ocrx_word' id='word_1_11' title='bbox 1225 135 1305 183; x_wconf 73' lang='lat'>72.</span> <span class='ocrx_word' id='word_1_12' title='bbox 1797 135 1896 179; x_wconf 75' lang='lat'>223</span> 
     </span>
    </p>
   </div>
   <div class='ocr_carea' id='block_1_3' title="bbox 49 253 2046 1385">
    <p class='ocr_par' dir='ltr' id='par_1_3' title="bbox 49 253 2046 1385">
     <span class='ocr_line' id='line_1_3' title="bbox 88 253 2046 327; baseline -0.003 -14"><span class='ocrx_word' id='word_1_13' title='bbox 88 259 243 325; x_wconf 87' lang='lat' dir='ltr'>Deis,</span> <span class='ocrx_word' id='word_1_14' title='bbox 262 258 442 312; x_wconf 89' lang='lat' dir='ltr'>sedem</span> <span class='ocrx_word' id='word_1_15' title='bbox 462 254 620 310; x_wconf 83' lang='lat' dir='ltr'>Jovis</span> <span class='ocrx_word' id='word_1_16' title='bbox 643 254 714 308; x_wconf 76' lang='lat' dir='ltr'>O.</span> <span class='ocrx_word' id='word_1_17' title='bbox 745 255 830 308; x_wconf 88' lang='lat' dir='ltr'>M.</span> <span class='ocrx_word' id='word_1_18' title='bbox 857 255 1140 326; x_wconf 82' lang='lat' dir='ltr'>auspicato</span> <span class='ocrx_word' id='word_1_19' title='bbox 1168 274 1199 306; x_wconf 86' lang='lat' dir='ltr'>a</span> <span class='ocrx_word' id='word_1_20' title='bbox 1228 253 1544 322; x_wconf 70' lang='lat' dir='ltr'>majoribus„</span> <span class='ocrx_word' id='word_1_21' title='bbox 1563 256 1763 327; x_wconf 85' lang='lat' dir='ltr'>pignus</span> <span class='ocrx_word' id='word_1_22' title='bbox 1793 256 1904 308; x_wconf 85' lang='lat' dir='ltr'>Im·</span> <span class='ocrx_word' id='word_1_23' title='bbox 1923 275 2046 313; x_wconf 84' lang='lat' dir='ltr'>A.U.</span> 
     </span>
     <span class='ocr_line' id='line_1_4' title="bbox 88 324 2036 402; baseline -0.002 -20"><span class='ocrx_word' id='word_1_24' title='bbox 88 331 243 402; x_wconf 83' lang='lat' dir='ltr'>perii,</span> <span class='ocrx_word' id='word_1_25' title='bbox 268 328 565 391; x_wconf 82' lang='lat' dir='ltr'>conditam,</span> <span class='ocrx_word' id='word_1_26' title='bbox 592 344 755 396; x_wconf 85' lang='lat' dir='ltr'>quam</span> <span class='ocrx_word' id='word_1_27' title='bbox 785 344 893 378; x_wconf 92' lang='lat' dir='ltr'>non</span> <span class='ocrx_word' id='word_1_28' title='bbox 917 326 1156 378; x_wconf 83' lang='lat' dir='ltr'><strong>Porsena</strong></span> <span class='ocrx_word' id='word_1_29' title='bbox 1179 324 1365 376; x_wconf 84' lang='lat' dir='ltr'>dedita</span> <span class='ocrx_word' id='word_1_30' title='bbox 1388 326 1537 389; x_wconf 87' lang='lat' dir='ltr'>urbe,</span> <span class='ocrx_word' id='word_1_31' title='bbox 1564 343 1738 396; x_wconf 89' lang='lat' dir='ltr'>neque</span> <span class='ocrx_word' id='word_1_32' title='bbox 1758 328 1904 379; x_wconf 84' lang='lat' dir='ltr'>Galli</span> <span class='ocrx_word' id='word_1_33' title='bbox 1944 326 2036 399; x_wconf 66' lang='lat'>3235</span> 
     </span>
     <span class='ocr_line' id='line_1_5' title="bbox 86 383 2045 474; baseline -0.002 -20"><span class='ocrx_word' id='word_1_34' title='bbox 86 413 267 472; x_wconf 76' lang='lat' dir='ltr'>capta,</span> <span class='ocrx_word' id='word_1_35' title='bbox 318 411 586 451; x_wconf 82' lang='lat' dir='ltr'>temerare</span> <span class='ocrx_word' id='word_1_36' title='bbox 638 397 960 468; x_wconf 85' lang='lat' dir='ltr'>potuissent,</span> <span class='ocrx_word' id='word_1_37' title='bbox 1013 396 1194 448; x_wconf 84' lang='lat' dir='ltr'>furore</span> <span class='ocrx_word' id='word_1_38' title='bbox 1250 394 1567 464; x_wconf 70' lang='lat' dir='ltr'>Principum</span> <span class='ocrx_word' id='word_1_39' title='bbox 1617 399 1863 450; x_wconf 80' lang='lat' dir='ltr'>exscindi</span> <span class='ocrx_word' id='word_1_40' title='bbox 1894 383 2045 474; x_wconf 57' lang='lat' dir='ltr'><strong>IALOC&#39;</strong></span> 
     </span>
     <span class='ocr_line' id='line_1_6' title="bbox 86 456 2023 538; baseline -0.002 -16"><span class='ocrx_word' id='word_1_41' title='bbox 86 471 311 523; x_wconf 77' lang='lat' dir='ltr'>Arserat</span> <span class='ocrx_word' id='word_1_42' title='bbox 345 484 403 521; x_wconf 82' lang='lat' dir='ltr'>et</span> <span class='ocrx_word' id='word_1_43' title='bbox 430 480 555 522; x_wconf 86' lang='lat' dir='ltr'>ante</span> <span class='ocrx_word' id='word_1_44' title='bbox 592 468 911 538; x_wconf 85' lang='lat' dir='ltr'>capitolium</span> <span class='ocrx_word' id='word_1_45' title='bbox 940 467 1089 519; x_wconf 90' lang='lat' dir='ltr'>civili</span> <span class='ocrx_word' id='word_1_46' title='bbox 1124 466 1282 530; x_wconf 81' lang='lat' dir='ltr'>bello,</span> <span class='ocrx_word' id='word_1_47' title='bbox 1311 466 1402 516; x_wconf 86' lang='lat' dir='ltr'>secl</span> <span class='ocrx_word' id='word_1_48' title='bbox 1432 466 1620 517; x_wconf 75' lang='lat' dir='ltr'>fraude</span> <span class='ocrx_word' id='word_1_49' title='bbox 1659 468 1907 536; x_wconf 79' lang='lat' dir='ltr'>privata3</span> <span class='ocrx_word' id='word_1_50' title='bbox 1963 456 1971 479; x_wconf 79' lang='lat'><strong><em>¹</em></strong></span> <span class='ocrx_word' id='word_1_51' title='bbox 2013 464 2023 475; x_wconf 87' lang='grc'><em>“</em></span> 
     </span>
     <span class='ocr_line' id='line_1_7' title="bbox 90 537 1908 611; baseline -0.003 -17"><span class='ocrx_word' id='word_1_52' title='bbox 90 543 236 594; x_wconf 83' lang='lat' dir='ltr'>nunc</span> <span class='ocrx_word' id='word_1_53' title='bbox 279 539 456 611; x_wconf 83' lang='lat' dir='ltr'>palam</span> <span class='ocrx_word' id='word_1_54' title='bbox 500 540 800 602; x_wconf 84' lang='lat' dir='ltr'>obsessum,</span> <span class='ocrx_word' id='word_1_55' title='bbox 838 539 1015 609; x_wconf 82' lang='lat' dir='ltr'>palam</span> <span class='ocrx_word' id='word_1_56' title='bbox 1061 539 1360 591; x_wconf 85' lang='lat' dir='ltr'>incensum.</span> <span class='ocrx_word' id='word_1_57' title='bbox 1399 537 1597 605; x_wconf 86' lang='lat' dir='ltr'>quibus</span> <span class='ocrx_word' id='word_1_58' title='bbox 1635 555 1908 589; x_wconf 83' lang='lat' dir='ltr'>armorum</span> 
     </span>
     <span class='ocr_line' id='line_1_8' title="bbox 87 607 1909 680; baseline -0.003 -16"><span class='ocrx_word' id='word_1_59' title='bbox 87 611 326 664; x_wconf 78' lang='lat' dir='ltr'>caussis?</span> <span class='ocrx_word' id='word_1_60' title='bbox 365 629 474 680; x_wconf 91' lang='lat' dir='ltr'>quo</span> <span class='ocrx_word' id='word_1_61' title='bbox 500 614 665 661; x_wconf 69' lang='lat' dir='ltr'>ta‘ntae</span> <span class='ocrx_word' id='word_1_62' title='bbox 693 609 861 661; x_wconf 82' lang='lat' dir='ltr'>cladis</span> <span class='ocrx_word' id='word_1_63' title='bbox 904 609 1076 679; x_wconf 86' lang='lat' dir='ltr'>pretio</span> <span class='ocrx_word' id='word_1_64' title='bbox 1105 609 1291 660; x_wconf 83' lang='lat' dir='ltr'>stetit?</span> <span class='ocrx_word' id='word_1_65' title='bbox 1333 625 1428 676; x_wconf 85' lang='lat' dir='ltr'>pro</span> <span class='ocrx_word' id='word_1_66' title='bbox 1469 607 1645 678; x_wconf 83' lang='lat' dir='ltr'>patria</span> <span class='ocrx_word' id='word_1_67' title='bbox 1685 608 1909 659; x_wconf 78' lang='lat' dir='ltr'>bellavi-</span> 
     </span>
     <span class='ocr_line' id='line_1_9' title="bbox 88 677 1911 748; baseline -0.002 -14"><span class='ocrx_word' id='word_1_68' title='bbox 88 685 241 735; x_wconf 80' lang='lat' dir='ltr'>mus?</span> <span class='ocrx_word' id='word_1_69' title='bbox 284 681 522 734; x_wconf 77' lang='lat' dir='ltr'>Voverat</span> <span class='ocrx_word' id='word_1_70' title='bbox 548 679 876 748; x_wconf 81' lang='lat' dir='ltr'>Tarquinius</span> <span class='ocrx_word' id='word_1_71' title='bbox 910 679 1128 731; x_wconf 85' lang='lat' dir='ltr'><strong>Priscus</strong></span> <span class='ocrx_word' id='word_1_72' title='bbox 1163 678 1304 742; x_wconf 80' lang='lat' dir='ltr'>Rex,</span> <span class='ocrx_word' id='word_1_73' title='bbox 1335 677 1474 730; x_wconf 87' lang='lat' dir='ltr'>bello</span> <span class='ocrx_word' id='word_1_74' title='bbox 1507 679 1733 742; x_wconf 75' lang='lat' dir='ltr'>Sabixm,</span> <span class='ocrx_word' id='word_1_75' title='bbox 1755 679 1911 748; x_wconf 83' lang='lat' dir='ltr'>jece-</span> 
     </span>
     <span class='ocr_line' id='line_1_10' title="bbox 87 749 1911 822; baseline -0.003 -17"><span class='ocrx_word' id='word_1_76' title='bbox 87 751 278 822; x_wconf 77' lang='lat' dir='ltr'>ratque</span> <span class='ocrx_word' id='word_1_77' title='bbox 318 751 691 813; x_wconf 81' lang='lat' dir='ltr'>fundamenta,</span> <span class='ocrx_word' id='word_1_78' title='bbox 725 768 820 819; x_wconf 76' lang='lat' dir='ltr'>spe</span> <span class='ocrx_word' id='word_1_79' title='bbox 857 751 1035 818; x_wconf 82' lang='lat' dir='ltr'>magis</span> <span class='ocrx_word' id='word_1_80' title='bbox 1065 749 1264 801; x_wconf 66' lang='lat' dir='ltr'>futurae</span> <span class='ocrx_word' id='word_1_81' title='bbox 1302 749 1713 818; x_wconf 77' lang='lat' dir='ltr'>magnitudinis,</span> <span class='ocrx_word' id='word_1_82' title='bbox 1746 766 1911 818; x_wconf 81' lang='lat' dir='ltr'>quam</span> 
     </span>
     <span class='ocr_line' id='line_1_11' title="bbox 87 819 1911 893; baseline -0.001 -19"><span class='ocrx_word' id='word_1_83' title='bbox 87 839 198 893; x_wconf 88' lang='lat' dir='ltr'>quo</span> <span class='ocrx_word' id='word_1_84' title='bbox 243 822 476 875; x_wconf 86' lang='lat' dir='ltr'>modicae</span> <span class='ocrx_word' id='word_1_85' title='bbox 515 820 696 873; x_wconf 81' lang='lat' dir='ltr'>adhuc</span> <span class='ocrx_word' id='word_1_86' title='bbox 741 821 936 890; x_wconf 82' lang='lat' dir='ltr'>Populi</span> <span class='ocrx_word' id='word_1_87' title='bbox 987 819 1221 871; x_wconf 81' lang='lat' dir='ltr'>Romani</span> <span class='ocrx_word' id='word_1_88' title='bbox 1267 837 1349 870; x_wconf 87' lang='lat' dir='ltr'>res</span> <span class='ocrx_word' id='word_1_89' title='bbox 1396 819 1722 872; x_wconf 82' lang='lat' dir='ltr'>sufficerent.</span> <span class='ocrx_word' id='word_1_90' title='bbox 1779 838 1911 872; x_wconf 77' lang='lat' dir='ltr'>mox</span> 
     </span>
     <span class='ocr_line' id='line_1_12' title="bbox 89 889 1913 960; baseline -0.002 -14"><span class='ocrx_word' id='word_1_91' title='bbox 89 893 309 946; x_wconf 84' lang='lat' dir='ltr'>Servius</span> <span class='ocrx_word' id='word_1_92' title='bbox 334 891 563 954; x_wconf 81' lang='lat' dir='ltr'>Tullius,</span> <span class='ocrx_word' id='word_1_93' title='bbox 585 891 858 942; x_wconf 84' lang='lat' dir='ltr'>sociorum</span> <span class='ocrx_word' id='word_1_94' title='bbox 887 890 1103 956; x_wconf 81' lang='lat' dir='ltr'>studi03</span> <span class='ocrx_word' id='word_1_95' title='bbox 1135 890 1330 942; x_wconf 80' lang='lat' dir='ltr'>deinde</span> <span class='ocrx_word' id='word_1_96' title='bbox 1353 889 1681 959; x_wconf 84' lang='lat' dir='ltr'>Tarquinius</span> <span class='ocrx_word' id='word_1_97' title='bbox 1713 891 1913 960; x_wconf 87' lang='lat' dir='ltr'>Super-</span> 
     </span>
     <span class='ocr_line' id='line_1_13' title="bbox 49 961 1912 1032; baseline -0.002 -16"><span class='ocrx_word' id='word_1_98' title='bbox 49 965 206 1027; x_wconf 75' lang='lat' dir='ltr'>-bus,</span> <span class='ocrx_word' id='word_1_99' title='bbox 252 974 415 1032; x_wconf 82' lang='lat' dir='ltr'>capta</span> <span class='ocrx_word' id='word_1_100' title='bbox 465 963 662 1014; x_wconf 84' lang='lat' dir='ltr'>Suessa</span> <span class='ocrx_word' id='word_1_101' title='bbox 713 961 985 1025; x_wconf 81' lang='lat' dir='ltr'>Pometia,</span> <span class='ocrx_word' id='word_1_102' title='bbox 1035 962 1275 1012; x_wconf 88' lang='lat' dir='ltr'>hostium</span> <span class='ocrx_word' id='word_1_103' title='bbox 1333 961 1519 1029; x_wconf 88' lang='lat' dir='ltr'>spoliis</span> <span class='ocrx_word' id='word_1_104' title='bbox 1572 972 1912 1012; x_wconf 77' lang='lat' dir='ltr'>exstruxere.</span> 
     </span>
     <span class='ocr_line' id='line_1_14' title="bbox 90 1030 1913 1103; baseline -0.002 -16"><span class='ocrx_word' id='word_1_105' title='bbox 90 1035 194 1087; x_wconf 89' lang='lat' dir='ltr'>Sed</span> <span class='ocrx_word' id='word_1_106' title='bbox 265 1033 398 1084; x_wconf 84' lang='lat' dir='ltr'>loria</span> <span class='ocrx_word' id='word_1_107' title='bbox 425 1033 606 1103; x_wconf 87' lang='lat' dir='ltr'>operis</span> <span class='ocrx_word' id='word_1_108' title='bbox 634 1031 874 1083; x_wconf 79' lang='lat' dir='ltr'>libertati</span> <span class='ocrx_word' id='word_1_109' title='bbox 907 1045 1192 1083; x_wconf 83' lang='lat' dir='ltr'>reservata.</span> <span class='ocrx_word' id='word_1_110' title='bbox 1241 1030 1410 1100; x_wconf 85' lang='lat' dir='ltr'>pulsis</span> <span class='ocrx_word' id='word_1_111' title='bbox 1438 1030 1702 1101; x_wconf 78' lang='lat' dir='ltr'>Regibus,</span> <span class='ocrx_word' id='word_1_112' title='bbox 1733 1031 1913 1083; x_wconf 84' lang='lat' dir='ltr'>Hora-</span> 
     </span>
     <span class='ocr_line' id='line_1_15' title="bbox 87 1101 1915 1171; baseline -0.002 -14"><span class='ocrx_word' id='word_1_113' title='bbox 87 1105 196 1157; x_wconf 84' lang='lat' dir='ltr'>tius</span> <span class='ocrx_word' id='word_1_114' title='bbox 288 1103 534 1165; x_wconf 52' lang='lat' dir='ltr'>ulvilluss</span> <span class='ocrx_word' id='word_1_115' title='bbox 556 1103 753 1154; x_wconf 84' lang='lat' dir='ltr'>iterum</span> <span class='ocrx_word' id='word_1_116' title='bbox 791 1102 1016 1166; x_wconf 90' lang='lat' dir='ltr'>Consul,</span> <span class='ocrx_word' id='word_1_117' title='bbox 1056 1101 1348 1164; x_wconf 81' lang='lat' dir='ltr'>dedicavit,</span> <span class='ocrx_word' id='word_1_118' title='bbox 1380 1119 1442 1152; x_wconf 89' lang='lat' dir='ltr'>ea</span> <span class='ocrx_word' id='word_1_119' title='bbox 1485 1102 1915 1171; x_wconf 79' lang='lat' dir='ltr'>magnificentia,</span> 
     </span>
     <span class='ocr_line' id='line_1_16' title="bbox 86 1171 1914 1246; baseline -0.002 -19"><span class='ocrx_word' id='word_1_120' title='bbox 86 1193 251 1246; x_wconf 84' lang='lat' dir='ltr'>quam</span> <span class='ocrx_word' id='word_1_121' title='bbox 280 1175 540 1226; x_wconf 82' lang='lat' dir='ltr'>inmensae</span> <span class='ocrx_word' id='word_1_122' title='bbox 566 1184 753 1243; x_wconf 89' lang='lat' dir='ltr'>postea</span> <span class='ocrx_word' id='word_1_123' title='bbox 775 1172 971 1242; x_wconf 87' lang='lat' dir='ltr'>Populi</span> <span class='ocrx_word' id='word_1_124' title='bbox 1005 1171 1240 1223; x_wconf 84' lang='lat' dir='ltr'>Romani</span> <span class='ocrx_word' id='word_1_125' title='bbox 1269 1189 1398 1240; x_wconf 87' lang='lat' dir='ltr'>opes</span> <span class='ocrx_word' id='word_1_126' title='bbox 1428 1183 1682 1223; x_wconf 86' lang='lat' dir='ltr'>ornarent</span> <span class='ocrx_word' id='word_1_127' title='bbox 1711 1174 1914 1242; x_wconf 79' lang='lat' dir='ltr'>potiuS,</span> 
     </span>
     <span class='ocr_line' id='line_1_17' title="bbox 87 1242 1912 1316; baseline -0.002 -18"><span class='ocrx_word' id='word_1_128' title='bbox 87 1263 251 1316; x_wconf 86' lang='lat' dir='ltr'>quam</span> <span class='ocrx_word' id='word_1_129' title='bbox 280 1255 559 1316; x_wconf 81' lang='lat' dir='ltr'>augerent.</span> <span class='ocrx_word' id='word_1_130' title='bbox 617 1242 816 1295; x_wconf 87' lang='lat' dir='ltr'>Iisdem</span> <span class='ocrx_word' id='word_1_131' title='bbox 843 1260 1022 1294; x_wconf 89' lang='lat' dir='ltr'>rursus</span> <span class='ocrx_word' id='word_1_132' title='bbox 1043 1242 1286 1311; x_wconf 84' lang='lat' dir='ltr'>vestigiis</span> <span class='ocrx_word' id='word_1_133' title='bbox 1305 1242 1468 1293; x_wconf 87' lang='lat' dir='ltr'>situm</span> <span class='ocrx_word' id='word_1_134' title='bbox 1486 1254 1586 1305; x_wconf 88' lang='lat' dir='ltr'>est,</span> <span class='ocrx_word' id='word_1_135' title='bbox 1606 1254 1912 1312; x_wconf 82' lang='lat' dir='ltr'>postquam,</span> 
     </span>
     <span class='ocr_line' id='line_1_18' title="bbox 90 1312 1909 1385; baseline -0.001 -17"><span class='ocrx_word' id='word_1_136' title='bbox 90 1315 378 1385; x_wconf 81' lang='lat' dir='ltr'>interjecto</span> <span class='ocrx_word' id='word_1_137' title='bbox 416 1312 825 1367; x_wconf 72' lang='lat' dir='ltr'>CCCCXXV.</span> <span class='ocrx_word' id='word_1_138' title='bbox 879 1331 1142 1365; x_wconf 83' lang='lat' dir='ltr'>annorum</span> <span class='ocrx_word' id='word_1_139' title='bbox 1183 1313 1379 1382; x_wconf 85' lang='lat' dir='ltr'>spatio,</span> <span class='ocrx_word' id='word_1_140' title='bbox 1424 1312 1484 1363; x_wconf 90' lang='lat' dir='ltr'>L.</span> <span class='ocrx_word' id='word_1_141' title='bbox 1525 1312 1803 1384; x_wconf 86' lang='lat' dir='ltr'>Scipione,</span> <span class='ocrx_word' id='word_1_142' title='bbox 1842 1313 1909 1366; x_wconf 88' lang='lat' dir='ltr'>C.</span> 
     </span>
    </p>
   </div>
   <div class='ocr_carea' id='block_1_4' title="bbox 103 1419 1908 1493">
    <p class='ocr_par' dir='ltr' id='par_1_4' title="bbox 103 1419 1908 1493">
     <span class='ocr_line' id='line_1_19' title="bbox 103 1419 1908 1493; baseline -0.001 -14"><span class='ocrx_word' id='word_1_143' title='bbox 103 1419 105 1422; x_wconf 16' lang='lat' dir='ltr'>v</span> <span class='ocrx_word' id='word_1_144' title='bbox 139 1442 299 1493; x_wconf 69' lang='lat' dir='ltr'>Pignus</span> <span class='ocrx_word' id='word_1_145' title='bbox 321 1438 498 1491; x_wconf 71' lang='lat' dir='ltr'>Imperii]</span> <span class='ocrx_word' id='word_1_146' title='bbox 532 1441 613 1483; x_wconf 67' lang='lat' dir='ltr'>lut.</span> <span class='ocrx_word' id='word_1_147' title='bbox 643 1446 687 1477; x_wconf 82' lang='lat' dir='ltr'>ut</span> <span class='ocrx_word' id='word_1_148' title='bbox 708 1452 751 1489; x_wconf 82' lang='lat' dir='ltr'>p.</span> <span class='ocrx_word' id='word_1_149' title='bbox 780 1443 809 1476; x_wconf 83' lang='lat' dir='ltr'>i.</span> <span class='ocrx_word' id='word_1_150' title='bbox 829 1439 907 1476; x_wconf 89' lang='lat' dir='ltr'>nisi</span> <span class='ocrx_word' id='word_1_151' title='bbox 925 1437 968 1476; x_wconf 63' lang='lat' dir='ltr'>‘ni</span> <span class='ocrx_word' id='word_1_152' title='bbox 1021 1439 1129 1476; x_wconf 82' lang='lat' dir='ltr'>clade</span> <span class='ocrx_word' id='word_1_153' title='bbox 1148 1442 1398 1488; x_wconf 79' lang='lat' dir='ltr'>pugnatum3</span> <span class='ocrx_word' id='word_1_154' title='bbox 1429 1438 1571 1476; x_wconf 84' lang='lat' dir='ltr'>nedum</span> <span class='ocrx_word' id='word_1_155' title='bbox 1594 1451 1664 1487; x_wconf 86' lang='lat' dir='ltr'>pro</span> <span class='ocrx_word' id='word_1_156' title='bbox 1692 1439 1908 1479; x_wconf 85' lang='lat' dir='ltr'>ambitione</span> 
     </span>
    </p>
   </div>
   <div class='ocr_carea' id='block_1_5' title="bbox 1021 1493 1907 1541">
    <p class='ocr_par' dir='ltr' id='par_1_5' title="bbox 1021 1493 1907 1541">
     <span class='ocr_line' id='line_1_20' title="bbox 1021 1493 1907 1541; baseline 0.003 -13"><span class='ocrx_word' id='word_1_157' title='bbox 1021 1493 1192 1540; x_wconf 75' lang='lat' dir='ltr'>privata,</span> <span class='ocrx_word' id='word_1_158' title='bbox 1210 1498 1282 1529; x_wconf 85' lang='lat' dir='ltr'>aut</span> <span class='ocrx_word' id='word_1_159' title='bbox 1293 1497 1430 1529; x_wconf 81' lang='lat' dir='ltr'>contra</span> <span class='ocrx_word' id='word_1_160' title='bbox 1448 1493 1631 1541; x_wconf 84' lang='lat' dir='ltr'>patriam.</span> <span class='ocrx_word' id='word_1_161' title='bbox 1688 1494 1735 1530; x_wconf 92' lang='lat' dir='ltr'>L1</span> <span class='ocrx_word' id='word_1_162' title='bbox 1742 1505 1799 1531; x_wconf 77' lang='lat' dir='ltr'>rs.</span> <span class='ocrx_word' id='word_1_163' title='bbox 1858 1495 1907 1532; x_wconf 92' lang='lat' dir='ltr'>V.</span> 
     </span>
    </p>
   </div>
   <div class='ocr_carea' id='block_1_6' title="bbox 52 1547 974 2186">
    <p class='ocr_par' dir='ltr' id='par_1_6' title="bbox 52 1547 974 2186">
     <span class='ocr_line' id='line_1_21' title="bbox 87 1547 883 1597; baseline -0.003 -11"><span class='ocrx_word' id='word_1_164' title='bbox 87 1553 268 1597; x_wconf 73' lang='lat' dir='ltr'>soi-ptum</span> <span class='ocrx_word' id='word_1_165' title='bbox 286 1553 358 1585; x_wconf 86' lang='lat' dir='ltr'>est.</span> <span class='ocrx_word' id='word_1_166' title='bbox 413 1548 520 1585; x_wconf 70' lang='lat' dir='ltr'>ERN.</span> <span class='ocrx_word' id='word_1_167' title='bbox 576 1547 637 1584; x_wconf 74' lang='lat' dir='ltr'>(tf.</span> <span class='ocrx_word' id='word_1_168' title='bbox 654 1547 738 1584; x_wconf 84' lang='lat' dir='ltr'>Liv.</span> <span class='ocrx_word' id='word_1_169' title='bbox 764 1552 800 1591; x_wconf 90' lang='lat' dir='ltr'>l,</span> <span class='ocrx_word' id='word_1_170' title='bbox 816 1551 883 1584; x_wconf 85' lang='lat'>55.</span> 
     </span>
     <span class='ocr_line' id='line_1_22' title="bbox 142 1600 972 1649; baseline -0.005 -9"><span class='ocrx_word' id='word_1_171' title='bbox 142 1603 322 1641; x_wconf 63' lang='lat' dir='ltr'>Porsena</span> <span class='ocrx_word' id='word_1_172' title='bbox 338 1601 470 1639; x_wconf 75' lang='lat' dir='ltr'>dedita</span> <span class='ocrx_word' id='word_1_173' title='bbox 487 1601 596 1649; x_wconf 78' lang='lat' dir='ltr'>urbe]</span> <span class='ocrx_word' id='word_1_174' title='bbox 628 1601 719 1637; x_wconf 82' lang='lat' dir='ltr'>Non</span> <span class='ocrx_word' id='word_1_175' title='bbox 744 1601 830 1636; x_wconf 77' lang='lat' dir='ltr'>abit</span> <span class='ocrx_word' id='word_1_176' title='bbox 856 1600 972 1647; x_wconf 85' lang='lat' dir='ltr'>longe</span> 
     </span>
     <span class='ocr_line' id='line_1_23' title="bbox 86 1649 974 1703; baseline -0.003 -10"><span class='ocrx_word' id='word_1_177' title='bbox 86 1655 137 1693; x_wconf 77' lang='lat' dir='ltr'>ab</span> <span class='ocrx_word' id='word_1_178' title='bbox 167 1656 240 1693; x_wconf 77' lang='lat' dir='ltr'>hac</span> <span class='ocrx_word' id='word_1_179' title='bbox 267 1655 520 1703; x_wconf 81' lang='lat' dir='ltr'>indignitate,</span> <span class='ocrx_word' id='word_1_180' title='bbox 542 1655 645 1701; x_wconf 89' lang='lat' dir='ltr'>quod</span> <span class='ocrx_word' id='word_1_181' title='bbox 675 1649 866 1702; x_wconf 61' lang='lat' dir='ltr'>estapud</span> <span class='ocrx_word' id='word_1_182' title='bbox 895 1654 974 1691; x_wconf 89' lang='lat' dir='ltr'>Pli-</span> 
     </span>
     <span class='ocr_line' id='line_1_24' title="bbox 89 1707 974 1758; baseline -0.005 -11"><span class='ocrx_word' id='word_1_183' title='bbox 89 1711 200 1747; x_wconf 85' lang='lat' dir='ltr'>nium</span> <span class='ocrx_word' id='word_1_184' title='bbox 218 1714 288 1755; x_wconf 76' lang='lat'>34,</span> <span class='ocrx_word' id='word_1_185' title='bbox 310 1713 356 1746; x_wconf 81' lang='lat'>14</span> <span class='ocrx_word' id='word_1_186' title='bbox 378 1707 481 1758; x_wconf 82' lang='lat'>(39).</span> <span class='ocrx_word' id='word_1_187' title='bbox 538 1709 589 1744; x_wconf 80' lang='lat' dir='ltr'>In</span> <span class='ocrx_word' id='word_1_188' title='bbox 605 1707 770 1756; x_wconf 72' lang='lat' dir='ltr'>sedere,</span> <span class='ocrx_word' id='word_1_189' title='bbox 787 1708 891 1756; x_wconf 72' lang='lat' dir='ltr'>qaod</span> <span class='ocrx_word' id='word_1_190' title='bbox 906 1719 974 1744; x_wconf 72' lang='lat' dir='ltr'>ex-</span> 
     </span>
     <span class='ocr_line' id='line_1_25' title="bbox 82 1760 972 1814; baseline -0.006 -12"><span class='ocrx_word' id='word_1_191' title='bbox 82 1765 212 1814; x_wconf 67' lang='lat' dir='ltr'>pulsis</span> <span class='ocrx_word' id='word_1_192' title='bbox 240 1762 417 1812; x_wconf 73' lang='lat' dir='ltr'>Regibus</span> <span class='ocrx_word' id='word_1_193' title='bbox 445 1760 519 1798; x_wconf 79' lang='lat' dir='ltr'>Po.</span> <span class='ocrx_word' id='word_1_194' title='bbox 550 1762 625 1798; x_wconf 79' lang='lat' dir='ltr'>Ro.</span> <span class='ocrx_word' id='word_1_195' title='bbox 651 1762 757 1799; x_wconf 78' lang='lat' dir='ltr'>dedit</span> <span class='ocrx_word' id='word_1_196' title='bbox 784 1762 972 1808; x_wconf 73' lang='lat' dir='ltr'>Porsena,</span> 
     </span>
     <span class='ocr_line' id='line_1_26' title="bbox 87 1815 974 1864; baseline -0.006 -9"><span class='ocrx_word' id='word_1_197' title='bbox 87 1818 320 1855; x_wconf 74' lang='lat' dir='ltr'>nominatim</span> <span class='ocrx_word' id='word_1_198' title='bbox 346 1815 656 1864; x_wconf 75' lang='lat' dir='ltr'>comprehensum</span> <span class='ocrx_word' id='word_1_199' title='bbox 681 1816 908 1859; x_wconf 73' lang='lat' dir='ltr'>invenimus,</span> <span class='ocrx_word' id='word_1_200' title='bbox 926 1827 974 1851; x_wconf 79' lang='lat' dir='ltr'>ne</span> 
     </span>
     <span class='ocr_line' id='line_1_27' title="bbox 78 1870 970 1919; baseline -0.002 -11"><span class='ocrx_word' id='word_1_201' title='bbox 78 1871 206 1919; x_wconf 72' lang='lat' dir='ltr'>fhrro,</span> <span class='ocrx_word' id='word_1_202' title='bbox 243 1871 322 1907; x_wconf 75' lang='lat' dir='ltr'>nisi</span> <span class='ocrx_word' id='word_1_203' title='bbox 365 1871 408 1907; x_wconf 80' lang='lat' dir='ltr'>in</span> <span class='ocrx_word' id='word_1_204' title='bbox 453 1870 548 1917; x_wconf 76' lang='lat' dir='ltr'>agri</span> <span class='ocrx_word' id='word_1_205' title='bbox 590 1870 712 1914; x_wconf 77' lang='lat' dir='ltr'>cultu,</span> <span class='ocrx_word' id='word_1_206' title='bbox 758 1874 970 1906; x_wconf 78' lang='lat' dir='ltr'>uterentur.</span> 
     </span>
     <span class='ocr_line' id='line_1_28' title="bbox 87 1923 973 1967; baseline -0.005 -5"><span class='ocrx_word' id='word_1_207' title='bbox 87 1924 232 1962; x_wconf 79' lang='lat' dir='ltr'>Etiam</span> <span class='ocrx_word' id='word_1_208' title='bbox 243 1924 334 1961; x_wconf 74' lang='lat' dir='ltr'>etilo</span> <span class='ocrx_word' id='word_1_209' title='bbox 350 1923 512 1959; x_wconf 69' lang='lat' dir='ltr'>scribere</span> <span class='ocrx_word' id='word_1_210' title='bbox 530 1923 704 1967; x_wconf 75' lang='lat' dir='ltr'>vetitum,</span> <span class='ocrx_word' id='word_1_211' title='bbox 722 1923 973 1958; x_wconf 64' lang='lat' dir='ltr'>vetustissimi</span> 
     </span>
     <span class='ocr_line' id='line_1_29' title="bbox 52 1975 973 2026; baseline -0.004 -11"><span class='ocrx_word' id='word_1_212' title='bbox 52 1993 57 1995; x_wconf 49' lang='lat'><strong><em>⁴</em></strong></span> <span class='ocrx_word' id='word_1_213' title='bbox 90 1984 266 2015; x_wconf 70' lang='lat' dir='ltr'>auctores</span> <span class='ocrx_word' id='word_1_214' title='bbox 283 1977 551 2026; x_wconf 77' lang='lat' dir='ltr'>prodiderunt.</span> <span class='ocrx_word' id='word_1_215' title='bbox 607 1975 669 2012; x_wconf 90' lang='lat' dir='ltr'>Sic</span> <span class='ocrx_word' id='word_1_216' title='bbox 688 1976 793 2012; x_wconf 88' lang='lat' dir='ltr'>enim</span> <span class='ocrx_word' id='word_1_217' title='bbox 807 1986 898 2012; x_wconf 88' lang='lat' dir='ltr'>eum</span> <span class='ocrx_word' id='word_1_218' title='bbox 914 1975 973 2011; x_wconf 86' lang='lat' dir='ltr'>lo-</span> 
     </span>
     <span class='ocr_line' id='line_1_30' title="bbox 91 2029 970 2069; baseline -0.002 -2"><span class='ocrx_word' id='word_1_219' title='bbox 91 2043 179 2069; x_wconf 86' lang='lat' dir='ltr'>cum</span> <span class='ocrx_word' id='word_1_220' title='bbox 198 2043 220 2067; x_wconf 85' lang='lat' dir='ltr'>e</span> <span class='ocrx_word' id='word_1_221' title='bbox 240 2031 325 2068; x_wconf 82' lang='lat' dir='ltr'>MS.</span> <span class='ocrx_word' id='word_1_222' title='bbox 344 2029 604 2068; x_wconf 82' lang='lat' dir='ltr'>restituimus.</span> <span class='ocrx_word' id='word_1_223' title='bbox 659 2031 797 2066; x_wconf 72' lang='lat' dir='ltr'>GnoN.</span> <span class='ocrx_word' id='word_1_224' title='bbox 855 2030 970 2066; x_wconf 82' lang='lat' dir='ltr'>Cete-</span> 
     </span>
     <span class='ocr_line' id='line_1_31' title="bbox 89 2082 971 2126; baseline -0.003 -4"><span class='ocrx_word' id='word_1_225' title='bbox 89 2097 179 2122; x_wconf 87' lang='lat' dir='ltr'>rum</span> <span class='ocrx_word' id='word_1_226' title='bbox 197 2085 260 2121; x_wconf 90' lang='lat' dir='ltr'>hic</span> <span class='ocrx_word' id='word_1_227' title='bbox 278 2084 386 2126; x_wconf 72' lang='lat' dir='ltr'>locus</span> <span class='ocrx_word' id='word_1_228' title='bbox 415 2083 523 2119; x_wconf 90' lang='lat' dir='ltr'>nullo</span> <span class='ocrx_word' id='word_1_229' title='bbox 552 2083 665 2119; x_wconf 87' lang='lat' dir='ltr'>modo</span> <span class='ocrx_word' id='word_1_230' title='bbox 691 2082 836 2119; x_wconf 86' lang='lat' dir='ltr'>refellit</span> <span class='ocrx_word' id='word_1_231' title='bbox 863 2083 971 2119; x_wconf 79' lang='lat' dir='ltr'>Savi-</span> 
     </span>
     <span class='ocr_line' id='line_1_32' title="bbox 89 2136 972 2186; baseline -0.006 -10"><span class='ocrx_word' id='word_1_232' title='bbox 89 2139 205 2184; x_wconf 86' lang='lat' dir='ltr'>lium,</span> <span class='ocrx_word' id='word_1_233' title='bbox 234 2149 350 2186; x_wconf 80' lang='lat' dir='ltr'>quem</span> <span class='ocrx_word' id='word_1_234' title='bbox 382 2136 555 2185; x_wconf 79' lang='lat' dir='ltr'>Ryckius</span> <span class='ocrx_word' id='word_1_235' title='bbox 586 2137 755 2184; x_wconf 80' lang='lat' dir='ltr'>putabat</span> <span class='ocrx_word' id='word_1_236' title='bbox 784 2137 972 2172; x_wconf 84' lang='lat' dir='ltr'>memoria</span> 
     </span>
    </p>
   </div>
   <div class='ocr_carea' id='block_1_7' title="bbox 88 2190 978 2238">
    <p class='ocr_par' dir='ltr' id='par_1_7' title="bbox 88 2190 978 2238">
     <span class='ocr_line' id='line_1_33' title="bbox 88 2190 978 2238; baseline -0.004 -8"><span class='ocrx_word' id='word_1_237' title='bbox 88 2193 232 2230; x_wconf 75' lang='lat' dir='ltr'>falsum</span> <span class='ocrx_word' id='word_1_238' title='bbox 243 2193 380 2238; x_wconf 77' lang='lat' dir='ltr'>fuisse,</span> <span class='ocrx_word' id='word_1_239' title='bbox 391 2200 481 2227; x_wconf 82' lang='lat' dir='ltr'>cnm</span> <span class='ocrx_word' id='word_1_240' title='bbox 499 2190 660 2235; x_wconf 80' lang='lat' dir='ltr'>diceret,</span> <span class='ocrx_word' id='word_1_241' title='bbox 677 2190 722 2226; x_wconf 84' lang='lat' dir='ltr'>de</span> <span class='ocrx_word' id='word_1_242' title='bbox 736 2191 868 2227; x_wconf 79' lang='lat' dir='ltr'>dedita</span> <span class='ocrx_word' id='word_1_243' title='bbox 885 2192 978 2226; x_wconf 84' lang='lat' dir='ltr'>Por-</span> 
     </span>
    </p>
   </div>
   <div class='ocr_carea' id='block_1_8' title="bbox 87 2243 979 3580">
    <p class='ocr_par' dir='ltr' id='par_1_8' title="bbox 91 2243 976 2444">
     <span class='ocr_line' id='line_1_34' title="bbox 93 2243 976 2292; baseline -0.005 -9"><span class='ocrx_word' id='word_1_244' title='bbox 93 2258 196 2283; x_wconf 79' lang='lat' dir='ltr'>senoe</span> <span class='ocrx_word' id='word_1_245' title='bbox 213 2245 311 2282; x_wconf 86' lang='lat' dir='ltr'>urbe</span> <span class='ocrx_word' id='word_1_246' title='bbox 329 2245 512 2292; x_wconf 86' lang='lat' dir='ltr'>nuspiam</span> <span class='ocrx_word' id='word_1_247' title='bbox 529 2243 625 2280; x_wconf 81' lang='lat' dir='ltr'>alibi</span> <span class='ocrx_word' id='word_1_248' title='bbox 643 2245 762 2288; x_wconf 84' lang='lat' dir='ltr'>tradi,</span> <span class='ocrx_word' id='word_1_249' title='bbox 782 2256 875 2280; x_wconf 87' lang='lat' dir='ltr'>usus</span> <span class='ocrx_word' id='word_1_250' title='bbox 904 2244 976 2280; x_wconf 89' lang='lat' dir='ltr'>hoc</span> 
     </span>
     <span class='ocr_line' id='line_1_35' title="bbox 92 2297 971 2347; baseline -0.002 -11"><span class='ocrx_word' id='word_1_251' title='bbox 92 2312 172 2336; x_wconf 85' lang='lat' dir='ltr'>uno</span> <span class='ocrx_word' id='word_1_252' title='bbox 205 2299 304 2337; x_wconf 73' lang='lat' dir='ltr'>loco.</span> <span class='ocrx_word' id='word_1_253' title='bbox 360 2297 539 2347; x_wconf 82' lang='lat' dir='ltr'>Apparet</span> <span class='ocrx_word' id='word_1_254' title='bbox 568 2298 674 2342; x_wconf 85' lang='lat' dir='ltr'>hinc,</span> <span class='ocrx_word' id='word_1_255' title='bbox 710 2297 971 2346; x_wconf 81' lang='lat' dir='ltr'>iniquioribus</span> 
     </span>
     <span class='ocr_line' id='line_1_36' title="bbox 91 2352 970 2400; baseline -0.005 -9"><span class='ocrx_word' id='word_1_256' title='bbox 91 2352 380 2391; x_wconf 86' lang='lat' dir='ltr'>conditionibus</span> <span class='ocrx_word' id='word_1_257' title='bbox 399 2353 527 2388; x_wconf 82' lang='lat' dir='ltr'>foedus</span> <span class='ocrx_word' id='word_1_258' title='bbox 544 2352 736 2400; x_wconf 78' lang='lat' dir='ltr'>accepisse</span> <span class='ocrx_word' id='word_1_259' title='bbox 753 2354 970 2388; x_wconf 77' lang='lat' dir='ltr'>Romanos:</span> 
     </span>
     <span class='ocr_line' id='line_1_37' title="bbox 94 2405 953 2444; baseline -0.002 0"><span class='ocrx_word' id='word_1_260' title='bbox 94 2419 172 2444; x_wconf 89' lang='lat' dir='ltr'>non</span> <span class='ocrx_word' id='word_1_261' title='bbox 192 2407 362 2444; x_wconf 77' lang='lat' dir='ltr'>deditam</span> <span class='ocrx_word' id='word_1_262' title='bbox 383 2405 520 2442; x_wconf 85' lang='lat' dir='ltr'>urbem</span> <span class='ocrx_word' id='word_1_263' title='bbox 537 2406 730 2442; x_wconf 75' lang='lat' dir='ltr'>Porsenae.</span> <span class='ocrx_word' id='word_1_264' title='bbox 782 2407 890 2442; x_wconf 76' lang='lat' dir='ltr'>ERN.</span> <span class='ocrx_word' id='word_1_265' title='bbox 945 2411 953 2419; x_wconf 86' lang='lat'>&#39;</span> 
     </span>
    </p>

    <p class='ocr_par' dir='ltr' id='par_1_9' title="bbox 89 2459 976 2819">
     <span class='ocr_line' id='line_1_38' title="bbox 149 2459 971 2509; baseline -0.005 -11"><span class='ocrx_word' id='word_1_266' title='bbox 149 2462 349 2498; x_wconf 76' lang='lat' dir='ltr'>Temerare</span> <span class='ocrx_word' id='word_1_267' title='bbox 361 2459 593 2509; x_wconf 75' lang='lat' dir='ltr'>potuissem]</span> <span class='ocrx_word' id='word_1_268' title='bbox 618 2460 680 2496; x_wconf 81' lang='lat' dir='ltr'>lta</span> <span class='ocrx_word' id='word_1_269' title='bbox 693 2459 971 2504; x_wconf 72' lang='lat' dir='ltr'>Farnesianus,</span> 
     </span>
     <span class='ocr_line' id='line_1_39' title="bbox 91 2513 972 2561; baseline -0.002 -10"><span class='ocrx_word' id='word_1_270' title='bbox 91 2515 232 2551; x_wconf 78' lang='lat' dir='ltr'>melius</span> <span class='ocrx_word' id='word_1_271' title='bbox 249 2519 370 2559; x_wconf 84' lang='lat' dir='ltr'>certe,</span> <span class='ocrx_word' id='word_1_272' title='bbox 384 2524 501 2561; x_wconf 84' lang='lat' dir='ltr'>quam</span> <span class='ocrx_word' id='word_1_273' title='bbox 519 2519 656 2557; x_wconf 79' lang='lat' dir='ltr'>tenere,</span> <span class='ocrx_word' id='word_1_274' title='bbox 669 2514 771 2560; x_wconf 84' lang='lat' dir='ltr'>quod</span> <span class='ocrx_word' id='word_1_275' title='bbox 785 2513 972 2549; x_wconf 83' lang='lat' dir='ltr'>obtinuit.</span> 
     </span>
     <span class='ocr_line' id='line_1_40' title="bbox 92 2567 976 2605; baseline -0.003 0"><span class='ocrx_word' id='word_1_276' title='bbox 92 2568 376 2605; x_wconf 78' lang='lat' dir='ltr'>Pollutioenim</span> <span class='ocrx_word' id='word_1_277' title='bbox 391 2567 468 2603; x_wconf 81' lang='lat' dir='ltr'>ista</span> <span class='ocrx_word' id='word_1_278' title='bbox 481 2567 529 2602; x_wconf 84' lang='lat' dir='ltr'>ad</span> <span class='ocrx_word' id='word_1_279' title='bbox 544 2567 670 2602; x_wconf 85' lang='lat' dir='ltr'>locum</span> <span class='ocrx_word' id='word_1_280' title='bbox 686 2578 837 2602; x_wconf 86' lang='lat' dir='ltr'>sacrum</span> <span class='ocrx_word' id='word_1_281' title='bbox 856 2567 976 2602; x_wconf 83' lang='lat' dir='ltr'>refer-</span> 
     </span>
     <span class='ocr_line' id='line_1_41' title="bbox 89 2620 974 2659; baseline -0.003 0"><span class='ocrx_word' id='word_1_282' title='bbox 89 2626 172 2659; x_wconf 79' lang='lat' dir='ltr'>tur.</span> <span class='ocrx_word' id='word_1_283' title='bbox 229 2622 339 2658; x_wconf 75' lang='lat' dir='ltr'>Ltrs.</span> <span class='ocrx_word' id='word_1_284' title='bbox 400 2621 601 2658; x_wconf 82' lang='lat' dir='ltr'>Temerare</span> <span class='ocrx_word' id='word_1_285' title='bbox 620 2620 722 2656; x_wconf 84' lang='lat' dir='ltr'>Flor.</span> <span class='ocrx_word' id='word_1_286' title='bbox 738 2620 868 2656; x_wconf 77' lang='lat' dir='ltr'>Guelf.</span> <span class='ocrx_word' id='word_1_287' title='bbox 887 2621 974 2656; x_wconf 78' lang='lat' dir='ltr'>edd.</span> 
     </span>
     <span class='ocr_line' id='line_1_42' title="bbox 94 2671 976 2722; baseline -0.001 -11"><span class='ocrx_word' id='word_1_288' title='bbox 94 2679 186 2711; x_wconf 82' lang='lat' dir='ltr'>ante</span> <span class='ocrx_word' id='word_1_289' title='bbox 215 2673 344 2712; x_wconf 87' lang='lat' dir='ltr'>Rben.</span> <span class='ocrx_word' id='word_1_290' title='bbox 376 2685 524 2718; x_wconf 87' lang='lat' dir='ltr'>omnes,</span> <span class='ocrx_word' id='word_1_291' title='bbox 545 2673 660 2722; x_wconf 86' lang='lat' dir='ltr'>idque</span> <span class='ocrx_word' id='word_1_292' title='bbox 685 2671 785 2708; x_wconf 76' lang='lat' dir='ltr'>bene</span> <span class='ocrx_word' id='word_1_293' title='bbox 814 2674 976 2710; x_wconf 81' lang='lat' dir='ltr'>restitu-</span> 
     </span>
     <span class='ocr_line' id='line_1_43' title="bbox 92 2727 976 2776; baseline -0.001 -12"><span class='ocrx_word' id='word_1_294' title='bbox 92 2733 178 2765; x_wconf 87' lang='lat' dir='ltr'>tum</span> <span class='ocrx_word' id='word_1_295' title='bbox 196 2739 221 2764; x_wconf 84' lang='lat' dir='ltr'>a</span> <span class='ocrx_word' id='word_1_296' title='bbox 238 2728 382 2776; x_wconf 84' lang='lat' dir='ltr'>Lipsio.</span> <span class='ocrx_word' id='word_1_297' title='bbox 441 2728 583 2763; x_wconf 75' lang='lat' dir='ltr'>Tenere</span> <span class='ocrx_word' id='word_1_298' title='bbox 601 2735 624 2762; x_wconf 79' lang='lat' dir='ltr'>e</span> <span class='ocrx_word' id='word_1_299' title='bbox 639 2727 813 2763; x_wconf 86' lang='lat' dir='ltr'>Budensi</span> <span class='ocrx_word' id='word_1_300' title='bbox 830 2738 854 2763; x_wconf 85' lang='lat' dir='ltr'>a</span> <span class='ocrx_word' id='word_1_301' title='bbox 871 2727 976 2764; x_wconf 82' lang='lat' dir='ltr'>Rhe-</span> 
     </span>
     <span class='ocr_line' id='line_1_44' title="bbox 94 2779 618 2819; baseline -0.004 0"><span class='ocrx_word' id='word_1_302' title='bbox 94 2794 198 2819; x_wconf 82' lang='lat' dir='ltr'>nano</span> <span class='ocrx_word' id='word_1_303' title='bbox 215 2782 364 2818; x_wconf 87' lang='lat' dir='ltr'>editum</span> <span class='ocrx_word' id='word_1_304' title='bbox 378 2786 450 2817; x_wconf 78' lang='lat' dir='ltr'>est.</span> <span class='ocrx_word' id='word_1_305' title='bbox 508 2779 618 2817; x_wconf 72' lang='lat' dir='ltr'>ERN.</span> 
     </span>
    </p>

    <p class='ocr_par' dir='ltr' id='par_1_10' title="bbox 87 2833 979 3408">
     <span class='ocr_line' id='line_1_45' title="bbox 147 2833 976 2883; baseline -0.002 -10"><span class='ocrx_word' id='word_1_306' title='bbox 147 2837 297 2873; x_wconf 84' lang='lat' dir='ltr'>Furore</span> <span class='ocrx_word' id='word_1_307' title='bbox 315 2835 546 2882; x_wconf 69' lang='lat' dir='ltr'>Principum</span> <span class='ocrx_word' id='word_1_308' title='bbox 561 2833 753 2883; x_wconf 65' lang='lat' dir='ltr'>msc-indi]</span> <span class='ocrx_word' id='word_1_309' title='bbox 799 2834 862 2870; x_wconf 88' lang='lat' dir='ltr'>Sic</span> <span class='ocrx_word' id='word_1_310' title='bbox 893 2834 976 2871; x_wconf 90' lang='lat' dir='ltr'>MS.</span> 
     </span>
     <span class='ocr_line' id='line_1_46' title="bbox 93 2887 979 2939; baseline -0.005 -12"><span class='ocrx_word' id='word_1_311' title='bbox 93 2889 198 2927; x_wconf 83' lang='lat' dir='ltr'>Flor.</span> <span class='ocrx_word' id='word_1_312' title='bbox 223 2887 358 2939; x_wconf 76' lang='lat' dir='ltr'>(Eud.)</span> <span class='ocrx_word' id='word_1_313' title='bbox 378 2888 510 2924; x_wconf 83' lang='lat' dir='ltr'>Guelf.</span> <span class='ocrx_word' id='word_1_314' title='bbox 531 2899 555 2923; x_wconf 86' lang='lat' dir='ltr'>a</span> <span class='ocrx_word' id='word_1_315' title='bbox 573 2897 692 2923; x_wconf 85' lang='lat' dir='ltr'>manu</span> <span class='ocrx_word' id='word_1_316' title='bbox 711 2899 770 2935; x_wconf 88' lang='lat' dir='ltr'>pr.</span> <span class='ocrx_word' id='word_1_317' title='bbox 791 2888 879 2926; x_wconf 82' lang='lat' dir='ltr'>edd.</span> <span class='ocrx_word' id='word_1_318' title='bbox 901 2890 979 2925; x_wconf 86' lang='lat' dir='ltr'>Pu·</span> 
     </span>
     <span class='ocr_line' id='line_1_47' title="bbox 91 2941 977 2991; baseline -0.003 -11"><span class='ocrx_word' id='word_1_319' title='bbox 91 2943 183 2980; x_wconf 80' lang='lat' dir='ltr'>tcol.</span> <span class='ocrx_word' id='word_1_320' title='bbox 212 2955 294 2991; x_wconf 84' lang='lat' dir='ltr'>sqq.</span> <span class='ocrx_word' id='word_1_321' title='bbox 349 2941 407 2978; x_wconf 82' lang='lat' dir='ltr'>At</span> <span class='ocrx_word' id='word_1_322' title='bbox 436 2943 478 2977; x_wconf 87' lang='lat' dir='ltr'>in</span> <span class='ocrx_word' id='word_1_323' title='bbox 503 2941 634 2977; x_wconf 80' lang='lat' dir='ltr'>Guelf.</span> <span class='ocrx_word' id='word_1_324' title='bbox 656 2952 763 2978; x_wconf 86' lang='lat' dir='ltr'>man.</span> <span class='ocrx_word' id='word_1_325' title='bbox 788 2953 866 2977; x_wconf 84' lang='lat' dir='ltr'>sec.</span> <span class='ocrx_word' id='word_1_326' title='bbox 892 2953 977 2977; x_wconf 90' lang='lat' dir='ltr'>cor-</span> 
     </span>
     <span class='ocr_line' id='line_1_48' title="bbox 94 2995 977 3044; baseline -0.005 -10"><span class='ocrx_word' id='word_1_327' title='bbox 94 2997 200 3034; x_wconf 83' lang='lat' dir='ltr'>rexit</span> <span class='ocrx_word' id='word_1_328' title='bbox 215 2998 338 3044; x_wconf 76' lang='lat' dir='ltr'>surm·</span> <span class='ocrx_word' id='word_1_329' title='bbox 354 2999 394 3031; x_wconf 84' lang='lat' dir='ltr'>ct</span> <span class='ocrx_word' id='word_1_330' title='bbox 411 2995 560 3031; x_wconf 82' lang='lat' dir='ltr'>addidit</span> <span class='ocrx_word' id='word_1_331' title='bbox 582 2995 715 3043; x_wconf 70' lang='lat' dir='ltr'>potuit</span> <span class='ocrx_word' id='word_1_332' title='bbox 729 3007 741 3030; x_wconf 86' lang='lat'>.-</span> <span class='ocrx_word' id='word_1_333' title='bbox 771 2995 872 3042; x_wconf 92' lang='lat' dir='ltr'>quod</span> <span class='ocrx_word' id='word_1_334' title='bbox 891 3007 912 3030; x_wconf 92' lang='lat' dir='ltr'>e</span> <span class='ocrx_word' id='word_1_335' title='bbox 931 2996 977 3030; x_wconf 89' lang='lat' dir='ltr'>li-</span> 
     </span>
     <span class='ocr_line' id='line_1_49' title="bbox 93 3048 977 3097; baseline -0.003 -10"><span class='ocrx_word' id='word_1_336' title='bbox 93 3050 175 3088; x_wconf 75' lang='lat' dir='ltr'>bris</span> <span class='ocrx_word' id='word_1_337' title='bbox 198 3050 358 3087; x_wconf 84' lang='lat' dir='ltr'>ductum</span> <span class='ocrx_word' id='word_1_338' title='bbox 389 3053 463 3086; x_wconf 84' lang='lat' dir='ltr'>est.</span> <span class='ocrx_word' id='word_1_339' title='bbox 498 3059 590 3085; x_wconf 88' lang='lat' dir='ltr'>nam</span> <span class='ocrx_word' id='word_1_340' title='bbox 613 3052 654 3083; x_wconf 84' lang='lat' dir='ltr'>et</span> <span class='ocrx_word' id='word_1_341' title='bbox 681 3048 740 3084; x_wconf 85' lang='lat' dir='ltr'>ed.</span> <span class='ocrx_word' id='word_1_342' title='bbox 768 3059 826 3097; x_wconf 84' lang='lat' dir='ltr'>pr.</span> <span class='ocrx_word' id='word_1_343' title='bbox 858 3049 977 3084; x_wconf 75' lang='lat' dir='ltr'>habet</span> 
     </span>
     <span class='ocr_line' id='line_1_50' title="bbox 87 3102 978 3153; baseline -0.002 -13"><span class='ocrx_word' id='word_1_344' title='bbox 87 3105 233 3153; x_wconf 79' lang='lat' dir='ltr'>potuit.</span> <span class='ocrx_word' id='word_1_345' title='bbox 291 3104 336 3140; x_wconf 87' lang='lat' dir='ltr'>Id</span> <span class='ocrx_word' id='word_1_346' title='bbox 354 3113 437 3138; x_wconf 87' lang='lat' dir='ltr'>esse</span> <span class='ocrx_word' id='word_1_347' title='bbox 456 3103 656 3145; x_wconf 77' lang='lat' dir='ltr'>vitiosum,</span> <span class='ocrx_word' id='word_1_348' title='bbox 674 3102 805 3148; x_wconf 78' lang='lat' dir='ltr'>arguit</span> <span class='ocrx_word' id='word_1_349' title='bbox 828 3103 978 3150; x_wconf 75' lang='lat' dir='ltr'>potuis-</span> 
     </span>
     <span class='ocr_line' id='line_1_51' title="bbox 93 3156 978 3205; baseline -0.001 -12"><span class='ocrx_word' id='word_1_350' title='bbox 93 3163 189 3193; x_wconf 72' lang='lat' dir='ltr'>sent.</span> <span class='ocrx_word' id='word_1_351' title='bbox 219 3166 324 3201; x_wconf 83' lang='lat' dir='ltr'>nam,</span> <span class='ocrx_word' id='word_1_352' title='bbox 341 3159 373 3192; x_wconf 89' lang='lat' dir='ltr'>si</span> <span class='ocrx_word' id='word_1_353' title='bbox 391 3157 514 3205; x_wconf 71' lang='lat' dir='ltr'>surm</span> <span class='ocrx_word' id='word_1_354' title='bbox 537 3156 670 3204; x_wconf 69' lang='lat' dir='ltr'>potnit</span> <span class='ocrx_word' id='word_1_355' title='bbox 698 3166 834 3191; x_wconf 80' lang='lat' dir='ltr'>verum</span> <span class='ocrx_word' id='word_1_356' title='bbox 863 3160 978 3199; x_wconf 84' lang='lat' dir='ltr'>esset,</span> 
     </span>
     <span class='ocr_line' id='line_1_52' title="bbox 97 3209 979 3259; baseline 0 -13"><span class='ocrx_word' id='word_1_357' title='bbox 97 3209 259 3247; x_wconf 80' lang='lat' dir='ltr'>deberet</span> <span class='ocrx_word' id='word_1_358' title='bbox 276 3221 358 3246; x_wconf 85' lang='lat' dir='ltr'>esse</span> <span class='ocrx_word' id='word_1_359' title='bbox 372 3216 533 3259; x_wconf 70' lang='lat' dir='ltr'>potuere</span> <span class='ocrx_word' id='word_1_360' title='bbox 552 3209 610 3245; x_wconf 75' lang='lat' dir='ltr'>vel</span> <span class='ocrx_word' id='word_1_361' title='bbox 633 3214 857 3257; x_wconf 65' lang='lat' dir='ltr'>potuerant.</span> <span class='ocrx_word' id='word_1_362' title='bbox 915 3210 979 3246; x_wconf 87' lang='lat' dir='ltr'>Li-</span> 
     </span>
     <span class='ocr_line' id='line_1_53' title="bbox 95 3262 978 3310; baseline 0 -11"><span class='ocrx_word' id='word_1_363' title='bbox 95 3263 217 3300; x_wconf 82' lang='lat' dir='ltr'>brarii</span> <span class='ocrx_word' id='word_1_364' title='bbox 237 3275 315 3301; x_wconf 84' lang='lat' dir='ltr'>non</span> <span class='ocrx_word' id='word_1_365' title='bbox 343 3264 512 3300; x_wconf 84' lang='lat' dir='ltr'>assecuti</span> <span class='ocrx_word' id='word_1_366' title='bbox 541 3266 635 3300; x_wconf 89' lang='lat' dir='ltr'>sunt</span> <span class='ocrx_word' id='word_1_367' title='bbox 661 3262 897 3310; x_wconf 73' lang='lat' dir='ltr'>elegantiam</span> <span class='ocrx_word' id='word_1_368' title='bbox 919 3264 978 3299; x_wconf 85' lang='lat' dir='ltr'>in-</span> 
     </span>
     <span class='ocr_line' id='line_1_54' title="bbox 97 3316 977 3365; baseline 0 -12"><span class='ocrx_word' id='word_1_369' title='bbox 97 3317 239 3354; x_wconf 75' lang='lat' dir='ltr'>finitivi</span> <span class='ocrx_word' id='word_1_370' title='bbox 259 3317 444 3361; x_wconf 77' lang='lat' dir='ltr'>absoluti,</span> <span class='ocrx_word' id='word_1_371' title='bbox 463 3328 541 3365; x_wconf 83' lang='lat' dir='ltr'>quo</span> <span class='ocrx_word' id='word_1_372' title='bbox 559 3316 784 3363; x_wconf 83' lang='lat' dir='ltr'>frequenter</span> <span class='ocrx_word' id='word_1_373' title='bbox 798 3317 892 3353; x_wconf 83' lang='lat' dir='ltr'>satis</span> <span class='ocrx_word' id='word_1_374' title='bbox 907 3317 977 3354; x_wconf 81' lang='lat' dir='ltr'>tali</span> 
     </span>
     <span class='ocr_line' id='line_1_55' title="bbox 97 3370 687 3408; baseline 0 -1"><span class='ocrx_word' id='word_1_375' title='bbox 97 3370 212 3407; x_wconf 85' lang='lat' dir='ltr'>modo</span> <span class='ocrx_word' id='word_1_376' title='bbox 229 3371 357 3407; x_wconf 83' lang='lat' dir='ltr'>utitur</span> <span class='ocrx_word' id='word_1_377' title='bbox 377 3372 523 3408; x_wconf 84' lang='lat' dir='ltr'>Livius.</span> <span class='ocrx_word' id='word_1_378' title='bbox 579 3371 687 3407; x_wconf 58' lang='lat' dir='ltr'>ERN.</span> 
     </span>
    </p>

    <p class='ocr_par' dir='ltr' id='par_1_11' title="bbox 97 3423 979 3580">
     <span class='ocr_line' id='line_1_56' title="bbox 154 3423 977 3472; baseline 0.002 -13"><span class='ocrx_word' id='word_1_379' title='bbox 154 3425 240 3468; x_wconf 78' lang='lat' dir='ltr'>Quo</span> <span class='ocrx_word' id='word_1_380' title='bbox 269 3429 390 3461; x_wconf 77' lang='lat' dir='ltr'>tantoe</span> <span class='ocrx_word' id='word_1_381' title='bbox 419 3423 560 3472; x_wconf 67' lang='lat' dir='ltr'>cladi-v]</span> <span class='ocrx_word' id='word_1_382' title='bbox 594 3425 716 3470; x_wconf 77' lang='lat' dir='ltr'>AEger</span> <span class='ocrx_word' id='word_1_383' title='bbox 745 3423 841 3460; x_wconf 88' lang='lat' dir='ltr'>mihi</span> <span class='ocrx_word' id='word_1_384' title='bbox 872 3424 977 3461; x_wconf 86' lang='lat' dir='ltr'>locus</span> 
     </span>
     <span class='ocr_line' id='line_1_57' title="bbox 97 3475 978 3521; baseline 0.003 -9"><span class='ocrx_word' id='word_1_385' title='bbox 97 3476 190 3512; x_wconf 89' lang='lat' dir='ltr'>olim</span> <span class='ocrx_word' id='word_1_386' title='bbox 209 3475 330 3521; x_wconf 79' lang='lat' dir='ltr'>visus,</span> <span class='ocrx_word' id='word_1_387' title='bbox 350 3488 454 3514; x_wconf 91' lang='lat' dir='ltr'>nunc</span> <span class='ocrx_word' id='word_1_388' title='bbox 474 3479 512 3513; x_wconf 91' lang='lat' dir='ltr'>in</span> <span class='ocrx_word' id='word_1_389' title='bbox 536 3477 704 3512; x_wconf 82' lang='lat' dir='ltr'>sanitate</span> <span class='ocrx_word' id='word_1_390' title='bbox 733 3487 828 3514; x_wconf 82' lang='lat' dir='ltr'>csse.</span> <span class='ocrx_word' id='word_1_391' title='bbox 883 3479 978 3516; x_wconf 80' lang='lat' dir='ltr'>Sen-</span> 
     </span>
     <span class='ocr_line' id='line_1_58' title="bbox 97 3531 979 3580; baseline 0.005 -14"><span class='ocrx_word' id='word_1_392' title='bbox 97 3531 243 3566; x_wconf 76' lang='lat' dir='ltr'>tentia:</span> <span class='ocrx_word' id='word_1_393' title='bbox 276 3541 323 3566; x_wconf 88' lang='lat' dir='ltr'>ne</span> <span class='ocrx_word' id='word_1_394' title='bbox 343 3541 414 3578; x_wconf 80' lang='lat' dir='ltr'>pro</span> <span class='ocrx_word' id='word_1_395' title='bbox 429 3533 561 3580; x_wconf 83' lang='lat' dir='ltr'>patria</span> <span class='ocrx_word' id='word_1_396' title='bbox 577 3531 733 3578; x_wconf 82' lang='lat' dir='ltr'>quidem</span> <span class='ocrx_word' id='word_1_397' title='bbox 754 3531 847 3569; x_wconf 84' lang='lat' dir='ltr'>olim</span> <span class='ocrx_word' id='word_1_398' title='bbox 867 3536 979 3570; x_wconf 74' lang='lat' dir='ltr'>tanta</span> 
     </span>
    </p>
   </div>
   <div class='ocr_carea' id='block_1_9' title="bbox 1021 1545 1938 3577">
    <p class='ocr_par' dir='ltr' id='par_1_12' title="bbox 1021 1545 1938 3364">
     <span class='ocr_line' id='line_1_59' title="bbox 1021 1545 1906 1595; baseline 0.001 -13"><span class='ocrx_word' id='word_1_399' title='bbox 1021 1547 1185 1583; x_wconf 80' lang='lat' dir='ltr'>Observ.</span> <span class='ocrx_word' id='word_1_400' title='bbox 1205 1552 1245 1591; x_wconf 88' lang='grc'>3,</span> <span class='ocrx_word' id='word_1_401' title='bbox 1273 1551 1331 1586; x_wconf 83' lang='grc'>17.</span> <span class='ocrx_word' id='word_1_402' title='bbox 1361 1546 1600 1592; x_wconf 85' lang='lat' dir='ltr'>Gronovius,</span> <span class='ocrx_word' id='word_1_403' title='bbox 1619 1545 1703 1592; x_wconf 90' lang='lat' dir='ltr'>ubi,</span> <span class='ocrx_word' id='word_1_404' title='bbox 1722 1547 1906 1595; x_wconf 84' lang='lat' dir='ltr'>repudia-</span> 
     </span>
     <span class='ocr_line' id='line_1_60' title="bbox 1024 1599 1911 1649; baseline 0.002 -13"><span class='ocrx_word' id='word_1_405' title='bbox 1024 1601 1077 1636; x_wconf 80' lang='lat' dir='ltr'>tis</span> <span class='ocrx_word' id='word_1_406' title='bbox 1103 1600 1270 1636; x_wconf 82' lang='lat' dir='ltr'>aliorum</span> <span class='ocrx_word' id='word_1_407' title='bbox 1299 1599 1607 1636; x_wconf 85' lang='lat' dir='ltr'>correctionibus</span> <span class='ocrx_word' id='word_1_408' title='bbox 1638 1603 1678 1637; x_wconf 82' lang='lat' dir='ltr'>et</span> <span class='ocrx_word' id='word_1_409' title='bbox 1707 1601 1911 1649; x_wconf 82' lang='lat' dir='ltr'>explicati-</span> 
     </span>
     <span class='ocr_line' id='line_1_61' title="bbox 1026 1653 1912 1703; baseline 0.003 -14"><span class='ocrx_word' id='word_1_410' title='bbox 1026 1653 1183 1698; x_wconf 89' lang='lat' dir='ltr'>onibus,</span> <span class='ocrx_word' id='word_1_411' title='bbox 1203 1654 1441 1701; x_wconf 76' lang='lat' dir='ltr'>pronunciat</span> <span class='ocrx_word' id='word_1_412' title='bbox 1469 1654 1693 1702; x_wconf 82' lang='lat' dir='ltr'>lcgcndum,</span> <span class='ocrx_word' id='word_1_413' title='bbox 1711 1655 1810 1703; x_wconf 80' lang='lat' dir='ltr'>quid</span> <span class='ocrx_word' id='word_1_414' title='bbox 1823 1660 1912 1692; x_wconf 75' lang='lat' dir='ltr'>tan-</span> 
     </span>
     <span class='ocr_line' id='line_1_62' title="bbox 1027 1707 1911 1756; baseline 0.001 -12"><span class='ocrx_word' id='word_1_415' title='bbox 1027 1714 1079 1744; x_wconf 81' lang='lat' dir='ltr'>toe</span> <span class='ocrx_word' id='word_1_416' title='bbox 1103 1707 1228 1744; x_wconf 79' lang='lat' dir='ltr'>cladis</span> <span class='ocrx_word' id='word_1_417' title='bbox 1250 1708 1377 1756; x_wconf 79' lang='lat' dir='ltr'>pretio</span> <span class='ocrx_word' id='word_1_418' title='bbox 1404 1708 1510 1744; x_wconf 74' lang='lat' dir='ltr'>stetit</span> <span class='ocrx_word' id='word_1_419' title='bbox 1527 1707 1548 1744; x_wconf 82' lang='lat'><em>?</em></span> <span class='ocrx_word' id='word_1_420' title='bbox 1577 1708 1615 1743; x_wconf 87' lang='lat' dir='ltr'>h.</span> <span class='ocrx_word' id='word_1_421' title='bbox 1635 1718 1670 1744; x_wconf 79' lang='lat' dir='ltr'>e.</span> <span class='ocrx_word' id='word_1_422' title='bbox 1700 1708 1794 1756; x_wconf 74' lang='lat' dir='ltr'>quid</span> <span class='ocrx_word' id='word_1_423' title='bbox 1819 1709 1911 1754; x_wconf 84' lang='lat' dir='ltr'>fuit,</span> 
     </span>
     <span class='ocr_line' id='line_1_63' title="bbox 1027 1760 1911 1810; baseline 0.002 -14"><span class='ocrx_word' id='word_1_424' title='bbox 1027 1760 1094 1808; x_wconf 88' lang='lat' dir='ltr'>qui</span> <span class='ocrx_word' id='word_1_425' title='bbox 1113 1764 1251 1797; x_wconf 86' lang='lat' dir='ltr'>tantus</span> <span class='ocrx_word' id='word_1_426' title='bbox 1269 1761 1437 1805; x_wconf 82' lang='lat' dir='ltr'>fructus,</span> <span class='ocrx_word' id='word_1_427' title='bbox 1456 1763 1570 1797; x_wconf 80' lang='lat' dir='ltr'>tanta</span> <span class='ocrx_word' id='word_1_428' title='bbox 1586 1772 1689 1808; x_wconf 80' lang='lat' dir='ltr'>spes,</span> <span class='ocrx_word' id='word_1_429' title='bbox 1704 1774 1790 1810; x_wconf 83' lang='lat' dir='ltr'>quae</span> <span class='ocrx_word' id='word_1_430' title='bbox 1808 1763 1911 1799; x_wconf 81' lang='lat' dir='ltr'>tanti</span> 
     </span>
     <span class='ocr_line' id='line_1_64' title="bbox 1027 1814 1913 1863; baseline 0.002 -13"><span class='ocrx_word' id='word_1_431' title='bbox 1027 1815 1301 1859; x_wconf 86' lang='lat' dir='ltr'>redimeretur,</span> <span class='ocrx_word' id='word_1_432' title='bbox 1319 1825 1405 1862; x_wconf 82' lang='lat' dir='ltr'>quae</span> <span class='ocrx_word' id='word_1_433' title='bbox 1425 1816 1540 1850; x_wconf 79' lang='lat' dir='ltr'>tanto</span> <span class='ocrx_word' id='word_1_434' title='bbox 1557 1814 1699 1863; x_wconf 86' lang='lat' dir='ltr'>pretio,</span> <span class='ocrx_word' id='word_1_435' title='bbox 1715 1818 1829 1852; x_wconf 84' lang='lat' dir='ltr'>tanta</span> <span class='ocrx_word' id='word_1_436' title='bbox 1851 1816 1913 1862; x_wconf 83' lang='lat' dir='ltr'>ja·</span> 
     </span>
     <span class='ocr_line' id='line_1_65' title="bbox 1027 1867 1912 1916; baseline 0.002 -12"><span class='ocrx_word' id='word_1_437' title='bbox 1027 1872 1141 1904; x_wconf 67' lang='lat' dir='ltr'>crura</span> <span class='ocrx_word' id='word_1_438' title='bbox 1158 1872 1367 1905; x_wconf 84' lang='lat' dir='ltr'>emeretur.</span> <span class='ocrx_word' id='word_1_439' title='bbox 1423 1867 1505 1908; x_wconf 82' lang='lat' dir='ltr'>Qui</span> <span class='ocrx_word' id='word_1_440' title='bbox 1524 1880 1675 1913; x_wconf 86' lang='lat' dir='ltr'>sensus,</span> <span class='ocrx_word' id='word_1_441' title='bbox 1693 1873 1740 1905; x_wconf 89' lang='lat' dir='ltr'>ut</span> <span class='ocrx_word' id='word_1_442' title='bbox 1757 1869 1912 1916; x_wconf 86' lang='lat' dir='ltr'>opinor,</span> 
     </span>
     <span class='ocr_line' id='line_1_66' title="bbox 1027 1922 1911 1972; baseline 0.002 -15"><span class='ocrx_word' id='word_1_443' title='bbox 1027 1922 1146 1958; x_wconf 80' lang='lat' dir='ltr'>etiam</span> <span class='ocrx_word' id='word_1_444' title='bbox 1166 1922 1301 1958; x_wconf 84' lang='lat' dir='ltr'>existit</span> <span class='ocrx_word' id='word_1_445' title='bbox 1318 1933 1338 1957; x_wconf 88' lang='lat' dir='ltr'>e</span> <span class='ocrx_word' id='word_1_446' title='bbox 1357 1922 1598 1958; x_wconf 83' lang='lat' dir='ltr'>correctione</span> <span class='ocrx_word' id='word_1_447' title='bbox 1621 1923 1818 1967; x_wconf 84' lang='lat' dir='ltr'>Rhenani,</span> <span class='ocrx_word' id='word_1_448' title='bbox 1843 1924 1911 1972; x_wconf 88' lang='lat' dir='ltr'>qui</span> 
     </span>
     <span class='ocr_line' id='line_1_67' title="bbox 1027 1974 1911 2020; baseline 0.001 -8"><span class='ocrx_word' id='word_1_449' title='bbox 1027 1974 1070 2012; x_wconf 74' lang='grc' dir='ltr'>τδ</span> <span class='ocrx_word' id='word_1_450' title='bbox 1096 1976 1204 2013; x_wconf 77' lang='lat' dir='ltr'>stetit</span> <span class='ocrx_word' id='word_1_451' title='bbox 1231 1975 1389 2020; x_wconf 79' lang='lat' dir='ltr'>delevit,</span> <span class='ocrx_word' id='word_1_452' title='bbox 1409 1975 1538 2011; x_wconf 84' lang='lat' dir='ltr'>nescio</span> <span class='ocrx_word' id='word_1_453' title='bbox 1559 1987 1608 2011; x_wconf 86' lang='lat' dir='ltr'>an</span> <span class='ocrx_word' id='word_1_454' title='bbox 1638 1977 1911 2013; x_wconf 82' lang='lat' dir='ltr'>consentiente</span> 
     </span>
     <span class='ocr_line' id='line_1_68' title="bbox 1025 2028 1908 2079; baseline 0.001 -14"><span class='ocrx_word' id='word_1_455' title='bbox 1025 2029 1111 2066; x_wconf 69' lang='lat' dir='ltr'>MS.</span> <span class='ocrx_word' id='word_1_456' title='bbox 1142 2029 1330 2066; x_wconf 76' lang='lat' dir='ltr'>Budensi.</span> <span class='ocrx_word' id='word_1_457' title='bbox 1365 2029 1555 2079; x_wconf 83' lang='lat' dir='ltr'>(omnino,</span> <span class='ocrx_word' id='word_1_458' title='bbox 1587 2028 1725 2078; x_wconf 86' lang='lat' dir='ltr'>deest.)</span> <span class='ocrx_word' id='word_1_459' title='bbox 1758 2030 1848 2075; x_wconf 76' lang='lat' dir='ltr'>Sed,</span> <span class='ocrx_word' id='word_1_460' title='bbox 1876 2030 1908 2066; x_wconf 77' lang='lat' dir='ltr'>si</span> 
     </span>
     <span class='ocr_line' id='line_1_69' title="bbox 1025 2083 1910 2130; baseline 0.005 -13"><span class='ocrx_word' id='word_1_461' title='bbox 1025 2083 1085 2118; x_wconf 82' lang='lat' dir='ltr'>vel</span> <span class='ocrx_word' id='word_1_462' title='bbox 1117 2083 1285 2118; x_wconf 84' lang='lat' dir='ltr'>maxime</span> <span class='ocrx_word' id='word_1_463' title='bbox 1315 2083 1352 2119; x_wconf 90' lang='lat' dir='ltr'>id</span> <span class='ocrx_word' id='word_1_464' title='bbox 1389 2083 1552 2119; x_wconf 82' lang='lat' dir='ltr'>verbum</span> <span class='ocrx_word' id='word_1_465' title='bbox 1579 2095 1604 2119; x_wconf 88' lang='lat' dir='ltr'>a</span> <span class='ocrx_word' id='word_1_466' title='bbox 1631 2084 1760 2119; x_wconf 87' lang='lat' dir='ltr'>codice</span> <span class='ocrx_word' id='word_1_467' title='bbox 1791 2083 1910 2130; x_wconf 81' lang='lat' dir='ltr'>afuit,</span> 
     </span>
     <span class='ocr_line' id='line_1_70' title="bbox 1024 2137 1911 2181; baseline 0.002 -9"><span class='ocrx_word' id='word_1_468' title='bbox 1024 2142 1158 2172; x_wconf 79' lang='lat' dir='ltr'>tamen</span> <span class='ocrx_word' id='word_1_469' title='bbox 1170 2137 1360 2172; x_wconf 85' lang='lat' dir='ltr'>credibile</span> <span class='ocrx_word' id='word_1_470' title='bbox 1378 2143 1451 2181; x_wconf 74' lang='lat' dir='ltr'>est,</span> <span class='ocrx_word' id='word_1_471' title='bbox 1473 2137 1510 2172; x_wconf 88' lang='lat' dir='ltr'>id</span> <span class='ocrx_word' id='word_1_472' title='bbox 1530 2139 1715 2173; x_wconf 80' lang='lat' dir='ltr'>omissum</span> <span class='ocrx_word' id='word_1_473' title='bbox 1732 2149 1851 2174; x_wconf 80' lang='lat' dir='ltr'>essea</span> <span class='ocrx_word' id='word_1_474' title='bbox 1864 2137 1911 2174; x_wconf 87' lang='lat' dir='ltr'>li-</span> 
     </span>
     <span class='ocr_line' id='line_1_71' title="bbox 1033 2189 1910 2238; baseline 0.003 -13"><span class='ocrx_word' id='word_1_475' title='bbox 1033 2190 1178 2235; x_wconf 76' lang='lat' dir='ltr'>brario,</span> <span class='ocrx_word' id='word_1_476' title='bbox 1196 2190 1340 2226; x_wconf 79' lang='lat' dir='ltr'>similia</span> <span class='ocrx_word' id='word_1_477' title='bbox 1367 2190 1541 2226; x_wconf 79' lang='lat' dir='ltr'>membra</span> <span class='ocrx_word' id='word_1_478' title='bbox 1560 2189 1708 2227; x_wconf 81' lang='lat' dir='ltr'>efficere</span> <span class='ocrx_word' id='word_1_479' title='bbox 1725 2191 1881 2228; x_wconf 84' lang='lat' dir='ltr'>volente</span> <span class='ocrx_word' id='word_1_480' title='bbox 1898 2202 1910 2238; x_wconf 89' lang='grc'><strong>;</strong></span> 
     </span>
     <span class='ocr_line' id='line_1_72' title="bbox 1031 2244 1911 2292; baseline 0.003 -13"><span class='ocrx_word' id='word_1_481' title='bbox 1031 2245 1135 2292; x_wconf 81' lang='lat' dir='ltr'>quod</span> <span class='ocrx_word' id='word_1_482' title='bbox 1154 2255 1254 2292; x_wconf 77' lang='lat' dir='ltr'>saepe</span> <span class='ocrx_word' id='word_1_483' title='bbox 1270 2244 1410 2281; x_wconf 80' lang='lat' dir='ltr'>Tacito</span> <span class='ocrx_word' id='word_1_484' title='bbox 1427 2244 1599 2280; x_wconf 83' lang='lat' dir='ltr'>obfuisse</span> <span class='ocrx_word' id='word_1_485' title='bbox 1621 2244 1804 2290; x_wconf 82' lang='lat' dir='ltr'>vidimus,</span> <span class='ocrx_word' id='word_1_486' title='bbox 1823 2256 1911 2282; x_wconf 86' lang='lat' dir='ltr'>cum</span> 
     </span>
     <span class='ocr_line' id='line_1_73' title="bbox 1026 2297 1913 2346; baseline 0.001 -12"><span class='ocrx_word' id='word_1_487' title='bbox 1026 2309 1074 2334; x_wconf 81' lang='lat' dir='ltr'>ea</span> <span class='ocrx_word' id='word_1_488' title='bbox 1091 2297 1308 2334; x_wconf 81' lang='lat' dir='ltr'>similitudo</span> <span class='ocrx_word' id='word_1_489' title='bbox 1324 2298 1377 2333; x_wconf 88' lang='lat' dir='ltr'>sit</span> <span class='ocrx_word' id='word_1_490' title='bbox 1393 2297 1443 2334; x_wconf 82' lang='lat' dir='ltr'>ab</span> <span class='ocrx_word' id='word_1_491' title='bbox 1463 2298 1548 2345; x_wconf 85' lang='lat' dir='ltr'>ejus</span> <span class='ocrx_word' id='word_1_492' title='bbox 1567 2299 1726 2346; x_wconf 85' lang='lat' dir='ltr'>ingenio</span> <span class='ocrx_word' id='word_1_493' title='bbox 1755 2302 1794 2335; x_wconf 83' lang='lat' dir='ltr'>et</span> <span class='ocrx_word' id='word_1_494' title='bbox 1822 2310 1913 2336; x_wconf 85' lang='lat' dir='ltr'>con-</span> 
     </span>
     <span class='ocr_line' id='line_1_74' title="bbox 1028 2352 1911 2390; baseline 0.001 -2"><span class='ocrx_word' id='word_1_495' title='bbox 1028 2352 1236 2388; x_wconf 82' lang='lat' dir='ltr'>suetudine</span> <span class='ocrx_word' id='word_1_496' title='bbox 1273 2352 1415 2388; x_wconf 81' lang='lat' dir='ltr'>aliena.</span> <span class='ocrx_word' id='word_1_497' title='bbox 1474 2352 1591 2389; x_wconf 75' lang='lat' dir='ltr'>Stetit</span> <span class='ocrx_word' id='word_1_498' title='bbox 1628 2356 1687 2389; x_wconf 83' lang='lat' dir='ltr'>est</span> <span class='ocrx_word' id='word_1_499' title='bbox 1719 2352 1761 2388; x_wconf 84' lang='lat' dir='ltr'>in</span> <span class='ocrx_word' id='word_1_500' title='bbox 1798 2353 1911 2390; x_wconf 76' lang='lat' dir='ltr'>MSS.</span> 
     </span>
     <span class='ocr_line' id='line_1_75' title="bbox 1028 2405 1912 2452; baseline -0.001 -10"><span class='ocrx_word' id='word_1_501' title='bbox 1028 2405 1131 2442; x_wconf 85' lang='lat' dir='ltr'>Flor.</span> <span class='ocrx_word' id='word_1_502' title='bbox 1150 2406 1248 2452; x_wconf 87' lang='lat' dir='ltr'>Agr.</span> <span class='ocrx_word' id='word_1_503' title='bbox 1267 2406 1399 2441; x_wconf 85' lang='lat' dir='ltr'>Guelf.</span> <span class='ocrx_word' id='word_1_504' title='bbox 1420 2406 1506 2443; x_wconf 84' lang='lat' dir='ltr'>edd.</span> <span class='ocrx_word' id='word_1_505' title='bbox 1528 2410 1619 2442; x_wconf 82' lang='lat' dir='ltr'>ante</span> <span class='ocrx_word' id='word_1_506' title='bbox 1641 2407 1768 2443; x_wconf 84' lang='lat' dir='ltr'>Rhen.</span> <span class='ocrx_word' id='word_1_507' title='bbox 1788 2405 1912 2442; x_wconf 83' lang='lat' dir='ltr'>omni-</span> 
     </span>
     <span class='ocr_line' id='line_1_76' title="bbox 1028 2459 1910 2505; baseline 0.002 -11"><span class='ocrx_word' id='word_1_508' title='bbox 1028 2459 1118 2503; x_wconf 89' lang='lat' dir='ltr'>bus,</span> <span class='ocrx_word' id='word_1_509' title='bbox 1149 2470 1220 2495; x_wconf 90' lang='lat' dir='ltr'>nec</span> <span class='ocrx_word' id='word_1_510' title='bbox 1256 2459 1351 2505; x_wconf 80' lang='lat' dir='ltr'>tale,</span> <span class='ocrx_word' id='word_1_511' title='bbox 1388 2462 1435 2495; x_wconf 81' lang='lat' dir='ltr'>ut</span> <span class='ocrx_word' id='word_1_512' title='bbox 1469 2470 1494 2495; x_wconf 81' lang='lat' dir='ltr'>a</span> <span class='ocrx_word' id='word_1_513' title='bbox 1527 2459 1700 2496; x_wconf 76' lang='lat' dir='ltr'>librariis</span> <span class='ocrx_word' id='word_1_514' title='bbox 1733 2461 1910 2496; x_wconf 80' lang='lat' dir='ltr'>additum</span> 
     </span>
     <span class='ocr_line' id='line_1_77' title="bbox 1031 2513 1912 2561; baseline 0.001 -12"><span class='ocrx_word' id='word_1_515' title='bbox 1031 2513 1222 2549; x_wconf 73' lang='lat' dir='ltr'>videatur.</span> <span class='ocrx_word' id='word_1_516' title='bbox 1280 2514 1418 2560; x_wconf 85' lang='lat' dir='ltr'>Itaque</span> <span class='ocrx_word' id='word_1_517' title='bbox 1452 2513 1491 2549; x_wconf 90' lang='lat' dir='ltr'>id</span> <span class='ocrx_word' id='word_1_518' title='bbox 1522 2516 1611 2561; x_wconf 82' lang='lat' dir='ltr'>post</span> <span class='ocrx_word' id='word_1_519' title='bbox 1640 2514 1761 2561; x_wconf 81' lang='lat' dir='ltr'>Ryck.</span> <span class='ocrx_word' id='word_1_520' title='bbox 1798 2517 1837 2550; x_wconf 89' lang='lat' dir='ltr'>et</span> <span class='ocrx_word' id='word_1_521' title='bbox 1874 2515 1912 2550; x_wconf 73' lang='lat' dir='ltr'>J.</span> 
     </span>
     <span class='ocr_line' id='line_1_78' title="bbox 1030 2566 1914 2615; baseline 0 -13"><span class='ocrx_word' id='word_1_522' title='bbox 1030 2568 1201 2604; x_wconf 84' lang='lat' dir='ltr'>Gronov.</span> <span class='ocrx_word' id='word_1_523' title='bbox 1232 2566 1492 2613; x_wconf 86' lang='lat' dir='ltr'>reposuimus.</span> <span class='ocrx_word' id='word_1_524' title='bbox 1548 2567 1718 2603; x_wconf 79' lang='lat' dir='ltr'>Pichena</span> <span class='ocrx_word' id='word_1_525' title='bbox 1745 2568 1914 2615; x_wconf 83' lang='lat' dir='ltr'>corrige-</span> 
     </span>
     <span class='ocr_line' id='line_1_79' title="bbox 1028 2620 1911 2669; baseline 0.002 -14"><span class='ocrx_word' id='word_1_526' title='bbox 1028 2620 1099 2656; x_wconf 90' lang='lat' dir='ltr'>bat</span> <span class='ocrx_word' id='word_1_527' title='bbox 1119 2632 1128 2654; x_wconf 73' lang='grc' dir='ltr'><em>τ</em></span> <span class='ocrx_word' id='word_1_528' title='bbox 1175 2632 1249 2669; x_wconf 78' lang='lat' dir='ltr'>quo</span> <span class='ocrx_word' id='word_1_529' title='bbox 1282 2626 1393 2656; x_wconf 79' lang='lat' dir='ltr'>tanta</span> <span class='ocrx_word' id='word_1_530' title='bbox 1437 2621 1564 2657; x_wconf 77' lang='lat' dir='ltr'>clades</span> <span class='ocrx_word' id='word_1_531' title='bbox 1603 2622 1732 2669; x_wconf 75' lang='lat' dir='ltr'>pretio</span> <span class='ocrx_word' id='word_1_532' title='bbox 1768 2622 1877 2657; x_wconf 75' lang='lat' dir='ltr'>stetit</span> <span class='ocrx_word' id='word_1_533' title='bbox 1891 2620 1911 2657; x_wconf 81' lang='lat'><em>?</em></span> 
     </span>
     <span class='ocr_line' id='line_1_80' title="bbox 1029 2674 1913 2721; baseline 0.001 -12"><span class='ocrx_word' id='word_1_534' title='bbox 1029 2674 1131 2709; x_wconf 88' lang='lat' dir='ltr'>idem</span> <span class='ocrx_word' id='word_1_535' title='bbox 1167 2677 1214 2708; x_wconf 88' lang='lat' dir='ltr'>ut</span> <span class='ocrx_word' id='word_1_536' title='bbox 1249 2677 1350 2709; x_wconf 81' lang='lat' dir='ltr'>esset</span> <span class='ocrx_word' id='word_1_537' title='bbox 1378 2685 1529 2718; x_wconf 83' lang='lat' dir='ltr'>sensus,</span> <span class='ocrx_word' id='word_1_538' title='bbox 1558 2675 1627 2721; x_wconf 88' lang='lat' dir='ltr'>qui</span> <span class='ocrx_word' id='word_1_539' title='bbox 1654 2675 1913 2710; x_wconf 75' lang='lat' dir='ltr'>Gronovianae</span> 
     </span>
     <span class='ocr_line' id='line_1_81' title="bbox 1030 2726 1912 2766; baseline 0.002 -3"><span class='ocrx_word' id='word_1_540' title='bbox 1030 2726 1280 2763; x_wconf 79' lang='lat' dir='ltr'>correctionis</span> <span class='ocrx_word' id='word_1_541' title='bbox 1297 2732 1370 2763; x_wconf 88' lang='lat' dir='ltr'>est.</span> <span class='ocrx_word' id='word_1_542' title='bbox 1417 2727 1490 2763; x_wconf 83' lang='lat' dir='ltr'>Sed</span> <span class='ocrx_word' id='word_1_543' title='bbox 1510 2727 1704 2764; x_wconf 78' lang='lat' dir='ltr'>Latinitas</span> <span class='ocrx_word' id='word_1_544' title='bbox 1723 2739 1801 2763; x_wconf 89' lang='lat' dir='ltr'>non</span> <span class='ocrx_word' id='word_1_545' title='bbox 1822 2729 1912 2766; x_wconf 79' lang='lat' dir='ltr'>sert.</span> 
     </span>
     <span class='ocr_line' id='line_1_82' title="bbox 1033 2780 1934 2829; baseline 0.001 -13"><span class='ocrx_word' id='word_1_546' title='bbox 1033 2780 1221 2817; x_wconf 83' lang='lat' dir='ltr'>Ceterum</span> <span class='ocrx_word' id='word_1_547' title='bbox 1251 2792 1330 2815; x_wconf 89' lang='lat' dir='ltr'>non</span> <span class='ocrx_word' id='word_1_548' title='bbox 1358 2792 1474 2827; x_wconf 83' lang='lat' dir='ltr'>nego,</span> <span class='ocrx_word' id='word_1_549' title='bbox 1492 2782 1589 2817; x_wconf 84' lang='lat' dir='ltr'>mihi</span> <span class='ocrx_word' id='word_1_550' title='bbox 1607 2784 1739 2816; x_wconf 79' lang='lat' dir='ltr'>tamen</span> <span class='ocrx_word' id='word_1_551' title='bbox 1766 2781 1934 2829; x_wconf 75' lang='lat' dir='ltr'>aliquid*</span> 
     </span>
     <span class='ocr_line' id='line_1_83' title="bbox 1031 2830 1917 2871; baseline 0.002 -2"><span class='ocrx_word' id='word_1_552' title='bbox 1031 2833 1126 2869; x_wconf 85' lang='lat' dir='ltr'>duri</span> <span class='ocrx_word' id='word_1_553' title='bbox 1140 2830 1222 2869; x_wconf 82' lang='lat' dir='ltr'>esse</span> <span class='ocrx_word' id='word_1_554' title='bbox 1241 2834 1364 2869; x_wconf 78' lang='lat' dir='ltr'>videri</span> <span class='ocrx_word' id='word_1_555' title='bbox 1379 2835 1496 2870; x_wconf 84' lang='lat' dir='ltr'>etiam</span> <span class='ocrx_word' id='word_1_556' title='bbox 1513 2834 1554 2870; x_wconf 90' lang='lat' dir='ltr'>in</span> <span class='ocrx_word' id='word_1_557' title='bbox 1568 2835 1819 2871; x_wconf 83' lang='lat' dir='ltr'>Gronoviana</span> <span class='ocrx_word' id='word_1_558' title='bbox 1833 2847 1917 2871; x_wconf 86' lang='lat' dir='ltr'>cor·</span> 
     </span>
     <span class='ocr_line' id='line_1_84' title="bbox 1031 2887 1938 2936; baseline 0.002 -14"><span class='ocrx_word' id='word_1_559' title='bbox 1031 2888 1219 2924; x_wconf 86' lang='lat' dir='ltr'>rectione.</span> <span class='ocrx_word' id='word_1_560' title='bbox 1275 2887 1454 2923; x_wconf 80' lang='lat' dir='ltr'>Dicimus</span> <span class='ocrx_word' id='word_1_561' title='bbox 1489 2900 1582 2924; x_wconf 85' lang='lat' dir='ltr'>sane</span> <span class='ocrx_word' id='word_1_562' title='bbox 1620 2889 1820 2936; x_wconf 78' lang='lat' dir='ltr'>eleganter</span> <span class='ocrx_word' id='word_1_563' title='bbox 1856 2895 1938 2925; x_wconf 57' lang='lat' dir='ltr'>res*</span> 
     </span>
     <span class='ocr_line' id='line_1_85' title="bbox 1029 2941 1920 2992; baseline 0.002 -16"><span class='ocrx_word' id='word_1_564' title='bbox 1029 2947 1108 2978; x_wconf 80' lang='lat' dir='ltr'>stat</span> <span class='ocrx_word' id='word_1_565' title='bbox 1125 2953 1283 2989; x_wconf 79' lang='lat' dir='ltr'>magno.</span> <span class='ocrx_word' id='word_1_566' title='bbox 1322 2943 1467 2991; x_wconf 83' lang='lat' dir='ltr'>sed,an</span> <span class='ocrx_word' id='word_1_567' title='bbox 1488 2943 1606 2977; x_wconf 81' lang='lat' dir='ltr'>etiam</span> <span class='ocrx_word' id='word_1_568' title='bbox 1628 2941 1801 2978; x_wconf 75' lang='lat' dir='ltr'>dicatur:</span> <span class='ocrx_word' id='word_1_569' title='bbox 1823 2944 1920 2992; x_wconf 79' lang='lat' dir='ltr'>quid,</span> 
     </span>
     <span class='ocr_line' id='line_1_86' title="bbox 1030 2995 1918 3044; baseline 0.001 -14"><span class='ocrx_word' id='word_1_570' title='bbox 1030 3000 1113 3031; x_wconf 77' lang='lat' dir='ltr'>stat</span> <span class='ocrx_word' id='word_1_571' title='bbox 1122 2996 1248 3042; x_wconf 73' lang='lat' dir='ltr'>precio</span> <span class='ocrx_word' id='word_1_572' title='bbox 1262 2995 1380 3043; x_wconf 68' lang='lat' dir='ltr'>hujus</span> <span class='ocrx_word' id='word_1_573' title='bbox 1397 2997 1456 3032; x_wconf 71' lang='lat' dir='ltr'>rei</span> <span class='ocrx_word' id='word_1_574' title='bbox 1469 2995 1488 3031; x_wconf 63' lang='lat'>3¹</span> <span class='ocrx_word' id='word_1_575' title='bbox 1519 2996 1589 3032; x_wconf 81' lang='lat' dir='ltr'>lxoc</span> <span class='ocrx_word' id='word_1_576' title='bbox 1608 2995 1799 3044; x_wconf 73' lang='lat' dir='ltr'>quaeritur</span> <span class='ocrx_word' id='word_1_577' title='bbox 1815 3009 1824 3031; x_wconf 73' lang='grc' dir='ltr'><em>τ</em></span> <span class='ocrx_word' id='word_1_578' title='bbox 1846 3007 1918 3032; x_wconf 89' lang='lat' dir='ltr'>nec</span> 
     </span>
     <span class='ocr_line' id='line_1_87' title="bbox 1031 3047 1916 3096; baseline 0.002 -13"><span class='ocrx_word' id='word_1_579' title='bbox 1031 3047 1072 3083; x_wconf 92' lang='lat' dir='ltr'>id</span> <span class='ocrx_word' id='word_1_580' title='bbox 1089 3049 1333 3084; x_wconf 81' lang='lat' dir='ltr'>demonstrat</span> <span class='ocrx_word' id='word_1_581' title='bbox 1352 3050 1588 3086; x_wconf 84' lang='lat' dir='ltr'>Gronovius.</span> <span class='ocrx_word' id='word_1_582' title='bbox 1638 3050 1724 3096; x_wconf 80' lang='lat' dir='ltr'>Ego</span> <span class='ocrx_word' id='word_1_583' title='bbox 1742 3049 1916 3086; x_wconf 84' lang='lat' dir='ltr'>nondum</span> 
     </span>
     <span class='ocr_line' id='line_1_88' title="bbox 1033 3101 1916 3149; baseline 0.002 -12"><span class='ocrx_word' id='word_1_584' title='bbox 1033 3101 1126 3137; x_wconf 83' lang='lat' dir='ltr'>alibi</span> <span class='ocrx_word' id='word_1_585' title='bbox 1147 3103 1290 3149; x_wconf 85' lang='lat' dir='ltr'>reperi.</span> <span class='ocrx_word' id='word_1_586' title='bbox 1345 3103 1452 3140; x_wconf 79' lang='lat' dir='ltr'>ERN.</span> <span class='ocrx_word' id='word_1_587' title='bbox 1510 3103 1688 3140; x_wconf 77' lang='lat' dir='ltr'>Freinsli.</span> <span class='ocrx_word' id='word_1_588' title='bbox 1707 3104 1916 3139; x_wconf 71' lang='lat' dir='ltr'>lectionem</span> 
     </span>
     <span class='ocr_line' id='line_1_89' title="bbox 1031 3154 1916 3205; baseline 0.002 -15"><span class='ocrx_word' id='word_1_589' title='bbox 1031 3155 1214 3191; x_wconf 84' lang='lat' dir='ltr'>Rhenani</span> <span class='ocrx_word' id='word_1_590' title='bbox 1244 3154 1400 3203; x_wconf 85' lang='lat' dir='ltr'>probat,</span> <span class='ocrx_word' id='word_1_591' title='bbox 1426 3157 1457 3192; x_wconf 88' lang='lat' dir='ltr'>si</span> <span class='ocrx_word' id='word_1_592' title='bbox 1479 3161 1566 3203; x_wconf 82' lang='lat' dir='ltr'>post</span> <span class='ocrx_word' id='word_1_593' title='bbox 1591 3158 1719 3205; x_wconf 75' lang='lat' dir='ltr'>pretio</span> <span class='ocrx_word' id='word_1_594' title='bbox 1748 3158 1916 3192; x_wconf 76' lang='lat' dir='ltr'>interro·</span> 
     </span>
     <span class='ocr_line' id='line_1_90' title="bbox 1032 3209 1916 3258; baseline 0.001 -14"><span class='ocrx_word' id='word_1_595' title='bbox 1032 3209 1150 3256; x_wconf 79' lang='lat' dir='ltr'>gandi</span> <span class='ocrx_word' id='word_1_596' title='bbox 1180 3209 1334 3256; x_wconf 83' lang='lat' dir='ltr'>signum</span> <span class='ocrx_word' id='word_1_597' title='bbox 1356 3215 1538 3258; x_wconf 83' lang='lat' dir='ltr'>ponatur.</span> <span class='ocrx_word' id='word_1_598' title='bbox 1595 3210 1638 3246; x_wconf 88' lang='lat' dir='ltr'>Id</span> <span class='ocrx_word' id='word_1_599' title='bbox 1669 3215 1708 3246; x_wconf 86' lang='lat' dir='ltr'>et</span> <span class='ocrx_word' id='word_1_600' title='bbox 1738 3210 1916 3246; x_wconf 75' lang='lat' dir='ltr'>Acidalio</span> 
     </span>
     <span class='ocr_line' id='line_1_91' title="bbox 1033 3263 1916 3311; baseline 0.001 -13"><span class='ocrx_word' id='word_1_601' title='bbox 1033 3263 1161 3309; x_wconf 84' lang='lat' dir='ltr'>placet</span> <span class='ocrx_word' id='word_1_602' title='bbox 1189 3270 1228 3298; x_wconf 79' lang='lat' dir='ltr'>ct</span> <span class='ocrx_word' id='word_1_603' title='bbox 1260 3264 1355 3300; x_wconf 86' lang='lat' dir='ltr'>mibi</span> <span class='ocrx_word' id='word_1_604' title='bbox 1383 3263 1677 3311; x_wconf 82' lang='lat' dir='ltr'>propemodum.</span> <span class='ocrx_word' id='word_1_605' title='bbox 1732 3264 1823 3311; x_wconf 76' lang='lat' dir='ltr'>Bip.</span> <span class='ocrx_word' id='word_1_606' title='bbox 1858 3275 1916 3299; x_wconf 81' lang='lat' dir='ltr'>sc-</span> 
     </span>
     <span class='ocr_line' id='line_1_92' title="bbox 1033 3317 1718 3364; baseline 0.004 -13"><span class='ocrx_word' id='word_1_607' title='bbox 1033 3320 1212 3364; x_wconf 82' lang='lat' dir='ltr'>quuntur</span> <span class='ocrx_word' id='word_1_608' title='bbox 1230 3317 1484 3354; x_wconf 76' lang='lat' dir='ltr'>Gronovium.</span> <span class='ocrx_word' id='word_1_609' title='bbox 1715 3351 1718 3354; x_wconf 82' lang='lat'>.</span> 
     </span>
    </p>

    <p class='ocr_par' dir='ltr' id='par_1_13' title="bbox 1034 3369 1916 3467">
     <span class='ocr_line' id='line_1_93' title="bbox 1087 3369 1916 3420; baseline -0.002 -14"><span class='ocrx_word' id='word_1_610' title='bbox 1087 3369 1244 3406; x_wconf 74' lang='lat' dir='ltr'>Deinde</span> <span class='ocrx_word' id='word_1_611' title='bbox 1276 3371 1409 3420; x_wconf 81' lang='lat' dir='ltr'>Tarq.]</span> <span class='ocrx_word' id='word_1_612' title='bbox 1446 3370 1547 3407; x_wconf 84' lang='lat' dir='ltr'>Bud.</span> <span class='ocrx_word' id='word_1_613' title='bbox 1572 3370 1658 3407; x_wconf 78' lang='lat' dir='ltr'>dein</span> <span class='ocrx_word' id='word_1_614' title='bbox 1689 3375 1726 3406; x_wconf 79' lang='lat' dir='ltr'>et</span> <span class='ocrx_word' id='word_1_615' title='bbox 1749 3382 1836 3406; x_wconf 82' lang='lat' dir='ltr'>mox</span> <span class='ocrx_word' id='word_1_616' title='bbox 1860 3371 1916 3404; x_wconf 68' lang='lat' dir='ltr'>Is-</span> 
     </span>
     <span class='ocr_line' id='line_1_94' title="bbox 1034 3423 1327 3467; baseline 0.003 -7"><span class='ocrx_word' id='word_1_617' title='bbox 1034 3423 1132 3467; x_wconf 81' lang='lat' dir='ltr'>dem,</span> <span class='ocrx_word' id='word_1_618' title='bbox 1151 3427 1198 3460; x_wconf 85' lang='lat' dir='ltr'>ut</span> <span class='ocrx_word' id='word_1_619' title='bbox 1217 3424 1327 3461; x_wconf 72' lang='lat' dir='ltr'>solet.</span> 
     </span>
    </p>

    <p class='ocr_par' dir='ltr' id='par_1_14' title="bbox 1035 3476 1918 3577">
     <span class='ocr_line' id='line_1_95' title="bbox 1089 3476 1916 3526; baseline -0.005 -13"><span class='ocrx_word' id='word_1_620' title='bbox 1089 3478 1121 3513; x_wconf 87' lang='lat' dir='ltr'><em>C</em></span> <span class='ocrx_word' id='word_1_621' title='bbox 1129 3478 1268 3525; x_wconf 67' lang='lat' dir='ltr'><em>QCGX</em></span> <span class='ocrx_word' id='word_1_622' title='bbox 1272 3479 1321 3515; x_wconf 90' lang='lat' dir='ltr'>V.</span> <span class='ocrx_word' id='word_1_623' title='bbox 1340 3476 1546 3526; x_wconf 66' lang='lat' dir='ltr'>minorum]</span> <span class='ocrx_word' id='word_1_624' title='bbox 1562 3477 1679 3514; x_wconf 78' lang='lat' dir='ltr'>Ratio</span> <span class='ocrx_word' id='word_1_625' title='bbox 1695 3481 1916 3523; x_wconf 74' lang='lat' dir='ltr'>temporum</span> 
     </span>
     <span class='ocr_line' id='line_1_96' title="bbox 1035 3529 1918 3577; baseline -0.003 -11"><span class='ocrx_word' id='word_1_626' title='bbox 1035 3531 1196 3577; x_wconf 84' lang='lat' dir='ltr'>evincit,</span> <span class='ocrx_word' id='word_1_627' title='bbox 1215 3531 1464 3568; x_wconf 86' lang='lat' dir='ltr'>scribendum</span> <span class='ocrx_word' id='word_1_628' title='bbox 1491 3541 1692 3568; x_wconf 77' lang='lat' dir='ltr'>ccccxxv.</span> <span class='ocrx_word' id='word_1_629' title='bbox 1748 3529 1822 3566; x_wconf 82' lang='lat' dir='ltr'>Adi</span> <span class='ocrx_word' id='word_1_630' title='bbox 1844 3529 1918 3564; x_wconf 71' lang='lat' dir='ltr'>Fa-</span> 
     </span>
    </p>
   </div>
  </div>
 </body>
</html>
