2190 3880
450 143 551 196 DE
579 142 886 197 MORIBUS
918 141 1309 195 GERMANIAE
1339 143 1478 198 CAP.
1499 147 1579 196 39.

1819 147 1915 195 391

116 268 387 339 quandam
407 277 466 342 et
490 279 766 337 terrorem,
787 268 1000 324 adituri
1008 268 1174 336 bella,
1191 272 1419 341 compti,
1440 281 1502 324 ut
1524 269 1764 324 hostium
1787 286 1922 325 ocu·

111 339 204 407 lis„
254 351 529 404 ornantur.

116 412 415 478 Semnones
453 425 776 471 memorant.

114 495 222 541 tur.

634 339 997 403 Vetustissimos
1065 359 1116 394 se
1149 341 1604 425 ‘nobilissimosque
1639 341 1918 396 Suevorum
1934 348 2005 403 89

851 414 1011 468 Fides
1049 413 1392 484 antiquitatis
1434 415 1696 485 ieligione
1739 414 1920 468 firma-

296 485 454 539 Stato
499 499 743 558 tempore
786 485 839 544 in
880 486 1088 550 silvam,
1113 486 1353 557 auguriis
1378 495 1605 568 panum
1643 498 1699 539 et
1742 486 1934 559 prisca¹

114 555 407 611 formidine
449 576 675 624 sacram,
711 575 899 629 omnes
946 558 1187 629 ejusdem
1228 558 1505 638 sanguinis
1546 557 1732 628 populi
1773 558 1922 640 lega·

112 627 358 683 tionibus
382 641 600 695 coeunt,
626 648 878 711 eaesoque
905 630 1122 717 publice
1158 629 1379 684 homine
1405 629 1678 683 celebrant
1706 628 1919 682 barbari

112 700 250 754 ritus
268 701 544 755 horrenda
569 701 880 773 primordia.

109 861 277 902 consilio
300 865 481 912 suscepta
497 873 580 899 esse
600 864 754 911 potest;
783 862 916 900 formae
943 860 991 898 il-

109 915 181 954 lud
196 916 437 956 attributum
467 928 547 954 non
573 917 782 954 convenit:
813 927 989 966 saepeque

110 967 217 1020 'apud
234 973 368 1021 poetas
385 971 552 1020 querela:
571 971 618 1008 de
634 971 738 1008 mala
761 970 894 1008 formae
922 983 991 1008 eu-

110 1035 170 1064 ra.
223 1025 332 1077 Saepe
355 1026 440 1073 jam
457 1025 639 1072 vidimus,
656 1025 836 1063 librarios
855 1025 992 1063 termi-

110 1078 292 1118 nationes
324 1080 606 1128 adjectivorum
651 1085 799 1118 temere
838 1079 991 1119 eonfor-

109 1144 238 1172 masse
254 1133 503 1174 substantivo
528 1134 719 1184 proximo.
760 1135 870 1173 ERN.
912 1135 991 1173 Re·

109 1189 226 1240 posui
244 1200 335 1227 eum
351 1188 444 1238 Bip.
459 1189 634 1228 innoxia.

172 1241 315 1290 Comti,
345 1249 391 1281 ut
417 1243 585 1281 hostium
614 1244 750 1290 oculis,
780 1242 985 1294 ornantur]

109 1297 246 1336 Placet
285 1296 588 1348 Bambergensis
631 1299 989 1336 armentur.L1Ps.

109 1351 239 1396 Possis
267 1352 458 1403 suspicari
485 1354 652 1391 comati.-
699 1353 767 1390 sed
796 1352 876 1389 haee
902 1363 989 1389 sen·

109 1406 240 1444 tentia.
268 1410 353 1447 est:
384 1407 456 1444 hoc
485 1417 610 1444 unum
639 1407 772 1444 forma:
799 1406 990 1444 adhibent

108 1459 366 1508 lenocinium,
382 1461 449 1498 sed
468 1461 665 1499 innocens.
687 1462 988 1511 haudquaquam

110 1516 232 1564 enim,
249 1519 297 1555 ut
313 1516 376 1553 vel
392 1527 503 1553 suam
523 1527 569 1552 eo
587 1515 817 1564 pudicitiam
846 1517 989 1565 prosti-

108 1573 243 1616 tuant,
262 1569 325 1608 vel
354 1569 493 1608 alienae
521 1570 682 1607 insidias
709 1574 891 1609 struant:
921 1571 988 1607 sed

109 1627 157 1662 ut
173 1628 335 1663 staturae
363 1624 512 1674 aliquid
529 1624 718 1673 adjiciant
741 1628 783 1663 et
798 1630 988 1663 terrorem

110 1678 172 1716 sui
189 1683 379 1728 augeant,
395 1679 645 1728 hostiumque
663 1680 787 1718 oculis
804 1679 990 1718 formida-

107 1733 268 1773 biliores
295 1740 517 1780 occurrant,
535 1738 621 1772 tum
641 1735 808 1773 maxime
826 1746 989 1774 comun-

108 1791 178 1827 tur
208 1792 249 1827 et
273 1791 482 1834 ornantur,
511 1800 632 1838 quum
665 1790 706 1826 in
735 1789 858 1826 aciem
891 1789 988 1827 ituri

110 1846 218 1881 sunt.
279 1840 336 1882 Ue
364 1843 532 1881 hostium
562 1844 685 1890 oeulis
713 1849 917 1889 ornantur,
947 1844 988 1880 id

107 1901 170 1935 est
185 1901 375 1948 tanquam
404 1896 582 1936 hostibus
599 1897 856 1948 approbaturi
873 1898 989 1935 terri-

108 1948 222 1992 ficam
243 1952 425 2003 speciem.
453 1952 591 1990 GnoN.
617 1956 838 1991 Armantur
866 1952 987 1990 etiam

106 2006 195 2044 eod.
213 2006 344 2056 Kapp.
364 2005 412 2056 (s.
431 2007 492 2044 ed.
510 2004 623 2058 Nor.)
650 2007 782 2046 Ceteri
801 2006 892 2044 libri
909 2007 987 2044 mei

107 2072 242 2099 omnes
259 2067 447 2100 ornantur
458 2076 473 2104 ,·
504 2061 607 2110 quod
625 2072 762 2101 verum
778 2065 888 2110 puto.
908 2061 988 2099 Mi-

107 2115 151 2154 hi
185 2118 322 2154 autem
353 2116 474 2154 coniti
497 2127 570 2165 pro
597 2116 733 2166 spurio
761 2119 986 2165 suspectum

106 2174 180 2208 est.
205 2170 402 2215 redundat
429 2170 546 2207 enim.
573 2173 614 2207 et
644 2170 677 2207 si
703 2169 811 2207 inam
843 2170 988 2208 redun-

106 2223 282 2262 dantiam
316 2234 603 2274 concoquamus
636 2225 827 2263 maxime:
868 2225 986 2262 nimis

106 2282 240 2316 tamen
253 2278 391 2317 duram
407 2279 623 2317 orationem
636 2279 758 2316 facit:
786 2291 873 2330 quae
890 2279 988 2317 mol·

105 2331 255 2371 lissima
270 2332 353 2378 fiet,
371 2332 406 2370 si
426 2332 532 2383 legas
551 2346 561 2369 t
589 2335 637 2371 in.
659 2335 730 2371 alt.
749 2346 786 2384 q.
813 2340 851 2371 et
869 2339 988 2372 terro-

104 2399 201 2434 rem,
217 2387 371 2426 adituri
386 2386 501 2434 betta,
520 2388 641 2426 veluti
658 2388 828 2426 hostium
845 2388 983 2434 oeulis,

104 2447 308 2480 ornantur.
345 2441 492 2487 Probat
505 2441 725 2482 Broterius.
759 2441 869 2480 ERN.
908 2441 984 2480 Ed.

105 2495 221 2535 Rom.
247 2495 368 2533 etiam
395 2502 614 2534 armantur.
649 2496 740 2546 Bip.
771 2496 828 2533 ita
854 2496 984 2533 locum

106 2550 329 2598 refingunt:
357 2562 405 2588 ea
425 2550 675 2598 eurasormoe
700 2549 783 2600 (sed
808 2550 984 2588 innoxia.

105 2616 225 2655 neque
239 2605 357 2650 enim,
371 2608 416 2642 ut
430 2609 559 2643 ament
571 2609 804 2651 amentur-ve,
818 2604 886 2642 sed
895 2604 983 2641 adi-

105 2659 192 2697 turi
205 2655 322 2709 bella)
342 2659 385 2695 in
412 2659 484 2696 alt.
507 2671 548 2708 q.
573 2663 611 2696 et
635 2664 668 2696 t.
697 2658 827 2705 coniti,
846 2663 892 2696 ut
917 2658 984 2696 Ιιο-

104 2713 229 2751 etium
248 2712 373 2751 oeulis
396 2718 591 2750 ornentur.
637 2712 799 2750 Colerus
828 2723 983 2763 quoque

105 2765 259 2805 adituri
267 2767 366 2805 bella
381 2777 429 2804 eo
443 2765 529 2803 loeo
547 2765 715 2805 locabat.

158 2817 382 2870 Smnmoes]
428 2820 564 2859 Recte.
593 2822 667 2858 etsi
695 2821 738 2858 in
764 2820 916 2859 Velleio
943 2826 985 2868 2,

108 2877 200 2914 106.
233 2875 400 2912 Senones
434 2874 625 2924 scriptum
657 2874 780 2924 legas,
816 2876 884 2924 qui
920 2887 985 2913 eos

104 2939 195 2967 eum
229 2928 524 2967 Hermunduris
554 2929 772 2978 conjungit.
825 2931 872 2968 ln
890 2930 985 2967 Dio-

105 2983 169 3025 nis
185 2983 430 3031 Fragmentis
460 2983 598 3022 Electo
617 2983 763 3022 LXXI.
785 2981 869 3033 (71,
899 2983 980 3034 20.)

106 3036 338 3088 probissime
366 3037 557 3087 seriptum
585 3042 695 3075 erat:
726 3037 822 3090 Πςός
851 3035 984 3087 ximo·

54 3090 58 3094 ’
110 3106 169 3134 νας
207 3090 459 3144 ἰπιχειςῖίσαιι
507 3091 554 3128 de
585 3091 782 3130 Antonini
809 3090 913 3129 bello
940 3093 982 3130 in

106 3145 268 3187 Quados
287 3149 327 3182 et
355 3145 668 3185 Marcomannos.
722 3146 822 3182 Item
844 3146 983 3184 Electo

106 3198 255 3239 XLIX.
282 3198 369 3249 (67,
388 3198 443 3250 5.)
477 3198 622 3242 Μίτυος
640 3199 658 3237 ὅ
675 3198 852 3248 Superbia»
875 3202 982 3245 βασι·

107 3250 206 3295 λιῦς.
234 3254 332 3293 Late
349 3258 456 3292 errat
468 3254 529 3292 vir
546 3254 681 3292 doctus
697 3253 898 3304 (Ursinus)
914 3255 983 3303 qui

105 3306 318 3357 utrobique
348 3308 590 3351 Nasamones
614 3307 823 3347 substituit
845 3312 887 3346 et
905 3309 986 3346 edi·

107 3360 183 3408 dit,
212 3360 354 3400 Africoe
381 3364 568 3401 nimirum
601 3368 773 3412 gentem.
829 3363 888 3401 At
920 3363 985 3402 isti

107 3415 320 3465 Semnones
337 3417 387 3454 ad
414 3417 546 3456 Albim
563 3422 682 3455 sunt:
711 3420 753 3454 et
778 3417 986 3456 manifesto

106 3469 177 3508 illa
192 3469 334 3509 Dionis
351 3475 531 3519 spectant
548 3473 598 3509 ad
616 3471 848 3516 Germanica
865 3471 983 3510 bella.

107 3524 220 3570 Lu’s.
261 3524 391 3564 Hodie
415 3530 456 3564 et
473 3537 539 3576 ap.
554 3526 749 3564 Velleium
779 3524 984 3570 Sannoms

105 3578 293 3628 eduntur.
350 3579 418 3619 Au
435 3580 554 3620 etiam
571 3581 686 3620 Floro
704 3585 745 3628 4,
763 3584 827 3629 12,
845 3586 884 3622 4.
904 3581 986 3620 hac

956 701 1056 758 Est
1081 713 1136 753 et
1161 701 1266 756 alia
1291 701 1414 754 luco
1439 699 1758 757 reverentia.
1808 701 1861 755 N
1897 732 1920 742 -
1969 755 1973 758 .

1042 830 1238 910 scriptura
1247 860 1452 909 debeatur,
1466 865 1513 900 ut
1530 863 1659 913 placet
1670 862 1765 904 ¹viris
1781 862 1922 911 doctis,

1043 916 1207 954 dubium
1225 920 1297 955 est.
1322 917 1372 955 V.
1393 917 1544 956 Duker.
1570 918 1751 957 adinum
1779 918 1923 962 locum,

1043 971 1273 1008 Ptolemaeus
1295 977 1336 1017 2,
1359 977 1420 1011 11.
1438 977 1550 1010 vocat
1568 970 1758 1021 σέμνωνας.
1785 974 1894 1012 ERN.

1096 1026 1214 1064 Fides
1241 1028 1389 1077 antiqu.
1406 1027 1474 1064 rel.
1496 1026 1706 1077 firmatur]
1749 1027 1776 1064 i.
1802 1039 1842 1066 e.
1870 1031 1921 1066 ut

1041 1081 1245 1117 credamus
1276 1085 1433 1130 gentem
1453 1083 1657 1131 antiquam
1682 1093 1780 1127 esse,
1798 1084 1918 1121 etiam

1043 1134 1242 1184 religionis
1258 1135 1361 1172 ratio
1379 1136 1532 1181 suadet.
1560 1137 1672 1173 State
1688 1135 1771 1173 cod.
1789 1137 1922 1195 Καρὶ).

1046 1187 1096 1238 (s.
1115 1188 1176 1227 ed.
1194 1187 1309 1237 Nor.)
1328 1189 1459 1228 Rhen.
1483 1202 1565 1239 sqq.
1585 1186 1741 1238 Mediae,
1755 1197 1922 1231 statuto.

1042 1243 1153 1280 ERN.
1185 1244 1258 1281 Ed.
1275 1244 1389 1282 Rom.
1406 1249 1524 1283 stato.

1098 1299 1298 1347 Auguriis
1307 1305 1470 1348 patrum
1495 1305 1531 1336 et
1552 1299 1686 1349 prisca
1701 1299 1921 1350 formidine

1041 1351 1213 1401 sacram]
1261 1353 1477 1401 Legitimus
1512 1364 1647 1391 versus
1680 1353 1821 1404 longus
1859 1359 1923 1393 est

1045 1405 1215 1457 (monuit
1243 1418 1306 1443 me
1333 1409 1382 1444 G.
1410 1407 1758 1458 Falckenburgius)
1779 1415 1921 1458 sponte

1043 1461 1203 1507 effusus,
1222 1473 1273 1498 an
1291 1473 1315 1498 a
1341 1462 1464 1499 veteri
1481 1462 1630 1500 Poeta?
1674 1464 1787 1501 L1PS.
1825 1466 1922 1502 For-

1042 1517 1169 1555 tuitus
1199 1516 1355 1554 videtur
1373 1517 1525 1555 Colero.
1579 1519 1633 1555 Et
1649 1522 1742 1555 sunt
1758 1530 1851 1555 sane
1879 1514 1922 1557 et

1042 1570 1112 1607 alii
1138 1570 1238 1608 tales
1266 1570 1484 1608 hexametri
1510 1571 1681 1609 inlibris
1708 1573 1854 1619 Taciti,
1872 1578 1922 1611 ut

1042 1626 1264 1663 notavimus
1278 1626 1327 1663 ad
1342 1628 1393 1663 A.
1415 1632 1451 1672 1,
1469 1631 1506 1663 1.
1523 1627 1588 1664 sed
1606 1626 1710 1665 hunc
1728 1628 1843 1665 credo
1861 1639 1921 1665 es-

1042 1690 1083 1716 se
1112 1691 1134 1715 e
1167 1684 1299 1728 poeta,
1327 1680 1642 1730 adscriptumque
1674 1681 1715 1719 in
1744 1684 1922 1731 margine

1043 1735 1084 1770 in
1102 1738 1255 1772 textum
1288 1736 1455 1780 venisse,
1475 1739 1523 1772 ut
1552 1746 1673 1785 supra
1698 1736 1819 1774 rerba
1841 1738 1922 1774 Lu-

1043 1789 1154 1827 cretii
1173 1793 1216 1828 et
1230 1801 1364 1826 versus
1382 1801 1403 1825 e
1422 1790 1578 1827 Senecae
1596 1790 1776 1829 Octavia.
1819 1790 1922 1828 Scri-

1042 1847 1172 1892 ptores
1191 1844 1357 1894 prosaici
1385 1854 1512 1893 neque
1530 1846 1703 1894 auguria
1731 1857 1802 1895 pro
1830 1857 1922 1883 eon-

1043 1899 1261 1936 secratione
1278 1899 1430 1944 dicunt,
1448 1902 1495 1935 ut
1525 1899 1565 1936 h.
1584 1899 1613 1937 1.
1635 1899 1835 1946 dicuntur,
1853 1913 1923 1938 ne-

1042 1964 1119 2001 que
1143 1959 1279 2002 patres
1310 1953 1357 1990 de
1388 1952 1619 2001 majoribus,
1647 1965 1719 1991 nec
1752 1955 1921 2004 denique

1028 2007 1303 2056 formidinem,
1322 2007 1538 2056 praesertim
1561 2007 1755 2055 absolute,
1772 2021 1844 2059 pro
1860 2021 1924 2047 re·

1040 2061 1202 2110 ligione.
1259 2063 1445 2100 Ceterum
1476 2073 1611 2101 versus
1631 2068 1763 2111 poetae
1789 2065 1924 2112 cujus-

1041 2127 1196 2165 cunque
1213 2115 1355 2154 ductus
1374 2120 1433 2154 est
1468 2128 1490 2153 e
1506 2117 1664 2167 Virgilii
1694 2119 1801 2156 locis.
1825 2120 1923 2160 AEn.

1043 2175 1083 2216 7,
1107 2176 1195 2211 172.
1215 2173 1310 2209 608.
1338 2172 1483 2210 Locum
1501 2175 1635 2209 autem
1652 2172 1923 2221 interpolatio·

1041 2226 1084 2262 ni
1112 2225 1220 2262 dedit
1246 2224 1348 2262 forte
1380 2226 1571 2275 imperitis
1605 2225 1793 2273 librariis,
1818 2229 1922 2276 quod

1041 2278 1338 2326 existimabant,
1381 2281 1521 2317 silvam
1565 2279 1616 2317 ali
1646 2292 1698 2319 uo
1744 2282 1922 2331 epitheto

1041 2344 1169 2381 egere,
1184 2333 1303 2373 nescii
1316 2333 1355 2372 id
1369 2333 1532 2371 verbum
1549 2337 1590 2371 et
1601 2293 1759 2382 samia,
1773 2338 1921 2383 lucum,

1037 2400 1184 2433 nemus,
1214 2388 1446 2437 simpliciter
1475 2400 1576 2436 saepe
1606 2390 1702 2426 diei:
1733 2390 1921 2428 sanctita-

1036 2445 1119 2479 tem
1149 2453 1170 2477 e
1203 2443 1357 2488 ceteris,
1377 2454 1463 2490 quae
1492 2442 1715 2490 tradantur,
1736 2444 1922 2494 intelligi.

1037 2496 1118 2544 Ap.
1142 2495 1281 2543 Virgil.
1308 2497 1402 2534 AEn.
1433 2501 1471 2542 8,
1511 2502 1599 2534 104.
1625 2499 1815 2536 solennem
1847 2512 1920 2536 rea:

1038 2552 1168 2586 Arcas
1185 2549 1363 2588 honorem
1379 2551 1746 2600 Amphitryoniadae
1771 2566 1919 2603 magno

1036 2604 1393 2654 Divisquefirebat
1409 2611 1498 2642 ante
1516 2606 1646 2643 urbem
1661 2608 1703 2644 in
1721 2608 1820 2645 luco.
1853 2608 1919 2646 Sic

1037 2663 1171 2695 noster
1197 2659 1318 2697 silvas
1351 2663 1392 2696 et
1418 2660 1524 2697 lucos
1551 2660 1784 2709 simpliciter
1818 2663 1918 2700 dixit

1038 2724 1160 2761 supra
1176 2725 1209 2751 e.
1239 2718 1278 2754 7.
1311 2717 1371 2752 10.
1400 2714 1510 2751 Hist.
1540 2719 1580 2760 4,
1600 2720 1665 2752 2²2.
1719 2715 1796 2753 Sed
1815 2717 1916 2755 forte

1038 2767 1108 2804 illa
1133 2770 1290 2804 tantum
1312 2767 1429 2805 verba
1447 2768 1616 2806 insititia
1640 2770 1829 2819 religione
1839 2782 1918 2821 pa-

1038 2828 1145 2859 trum
1161 2828 1198 2858 et
1210 2823 1582 2871 priscasormidine.
1629 2824 1813 2862 Ceterum
1831 2826 1918 2864 eod.

1039 2876 1170 2924 Kapp.
1204 2876 1254 2927 (s.
1288 2877 1348 2914 ed.
1368 2875 1480 2927 Nor.)
1495 2878 1686 2927 patrium,
1706 2884 1747 2916 et
1776 2879 1918 2918 deinde

1038 2942 1208 2969 sacrum.
1247 2929 1340 2967 Post
1358 2931 1443 2968 MS.
1462 2932 1614 2968 Arund.
1632 2934 1799 2970 nominis
1812 2934 1918 2984 ejus-³

1037 2983 1194 3034 demque
1210 2997 1243 3022 s.
1256 2985 1406 3034 Copula
1419 2986 1539 3023 etiam
1556 2990 1615 3023 est
1627 2987 1668 3023 in
1682 2987 1765 3024 cod.
1783 2988 1915 3038 Kapp.

1037 3038 1136 3076 Edd.
1155 3038 1256 3088 Spir.
1275 3051 1356 3088 sqq.
1374 3042 1495 3077 omnis
1512 3040 1679 3088 ejusdem
1698 3053 1730 3080 s.
1741 3054 1787 3092 p.
1804 3043 1830 3081 l.
1852 3056 1915 3081 eo·
1947 3041 1949 3044 ’

1035 3092 1193 3130 Izoere‘nt.
1220 3094 1435 3131 Rhenanus
1457 3098 1573 3132 1533.
1592 3095 1713 3134 edidit
1729 3105 1864 3135 coeunt
1891 3108 1915 3134 o

1035 3146 1119 3183 cod.
1139 3147 1268 3196 Kapp.
1291 3147 1340 3198 (s.
1358 3150 1419 3186 ed.
1436 3147 1550 3198 Nor.)
1573 3149 1680 3188 ERN.
1707 3151 1781 3189 Ed.
1801 3151 1915 3189 Roma

1034 3200 1165 3238 ubivis
1194 3213 1283 3239 cum
1307 3201 1444 3240 Norib.
1474 3204 1687 3252 conspirat.
1733 3205 1916 3243 Lucanus

1037 3260 1078 3300 8,
1112 3259 1174 3292 11.
1205 3256 1386 3306 egregie:
1423 3257 1638 3297 Arboribus
1663 3271 1758 3297 suus
1780 3259 1915 3319 horror

1039 3311 1151 3347 inest.
1181 3310 1240 3348 cf.
1258 3314 1298 3348 et
1315 3321 1435 3360 supra
1454 3323 1486 3348 c.
1505 3317 1544 3352 9.

1093 3363 1300 3403 Horrenda
1327 3365 1564 3416 primordia]
1597 3366 1823 3405 Primordia
1855 3365 1915 3404 di·

1040 3417 1115 3464 xit,
1133 3422 1182 3456 ut
1212 3420 1345 3466 initia,
1362 3434 1560 3472 μαστῆρα.
1588 3421 1685 3459 Cod.
1702 3419 1841 3471 Kapp.
1862 3419 1914 3471 (⁸.

1036 3473 1097 3510 ed.
1116 3472 1231 3524 Nor.)
1250 3473 1457 3512 horrentia.
1494 3474 1588 3512 Mox
1606 3478 1694 3523 post
1704 3475 1914 3524 prolapsus

1038 3527 1080 3564 in
1101 3526 1188 3564 MS.
1216 3527 1353 3566 Turio.
1371 3538 1452 3566 non
1478 3529 1677 3578 reperitur
1695 3534 1752 3566 est
1766 3541 1779 3565 .·
1808 3529 1914 3567 infra

1038 3580 1142 3618 idem
1178 3580 1297 3619 habet
1331 3581 1492 3622 adducit
1520 3593 1593 3632 pro
1624 3581 1776 3634 aaijicit.
1803 3583 1913 3634 Enni,

1032 3639 1180 3688 cc'4
