2190 3880
15 624 18 626 .
95 570 320 625 et'intet
344 571 580 624 sarcinas
607 569 798 626 abditi.

702 150 861 202 LI'B.
895 149 988 199 111.
1041 150 1208 199 GAP.
1241 156 1322 204 74.
1811 154 1912 204 225

101 281 418 347 Gdnsfflbm5
450 280 643 345 umbra
673 278 898 335 honoris
922 288 990 330 ‘et
1019 286 1230 338 suamet
1266 273 1503 333 vanitate
1527 284 1911 343 monstratum,
1925 301 1978 340 A,
1996 300 2049 341 U.

100 341 483 436 q8‹}d:1=i²‘dicttaf
509 354 566 410 in
600 351 882 424 populum,
919 367 1017 421 pro
1058 348 1396 421 Vespasiano
1438 349 1747 419 magnifica,
1786 370 1910 422 pro·
1942 359 2035 427 8235

97 425 543 483 bmadrersus
572 424 872 488 Vitellium,
894 422 1123 492 jecerat.
1200 419 1383 472 Ceteri
1422 437 1516 490 per
1547 421 1721 477 varios
1755 412 2040 509 c'asusAioc‘·

97 494 294 570 elapsiz
333 497 555 569 quidam
595 497 770 550 servili
813 495 1024 559 habitu,
1063 492 1153 545 alii
1192 492 1299 545 fide
1334 491 1615 551 clientium
1652 497 1911 560 contecti,
2005 493 2018 504 “

874 567 1065 630 Fuere,
1092 564 1205 636 qui,
1230 576 1467 634 excepto
1494 563 1911 619 Vitellianorum

97 641 427 714 signoque
467 642 608 694 inter
644 659 703 693 'se
744 640 1125 702 noscebantur,
1166 636 1309 688 ult-ro
1351 635 1651 706 rogitantes
1687 654 1911 707 respon-

97 712 375 779 dentesve,
394 713 676 771 audaciam
706 730 803 782 pro
829 711 1037 775 latebra
1064 707 1347 767 haberent.
1403 706 1772 780 DomitianuS‚
1801 711 1909 780 pri-
1926 718 1995 770 74

98 803 191 846 ma
222 785 543 862 inruptione
583 786 727 855 apud
771 782 1033 836 aedituum
1074 779 1399 844 occultato&
1438 778 1675 832 sollertia
1710 780 1911 847 liberti,

97 856 486 913 lineosamictu
535 857 710 912 turbae
761 854 1146 910 sacricolarum
1191 851 1456 905 inmixtus
1505 852 1913 923 ignoratusque,

99 927 591 1000 apudGornelium
633 927 903 992 Primum,
930 937 1215 997 paternum
1254 923 1527 986 clientem,
1548 923 1716 993 juxta
1753 924 1914 978 Vela-

98 1000 536 1067 brum‚de.litui-t.
610 999 694 1054 Ac
737 998 979 1070 potiente
1023 1015 1199 1058 rerum
1247 1006 1418 1066 patre,
1454 995 1685 1065 disjecto
1726 997 1916 1052 aeditui

99 1073 480 1138 contuberniO,
544 1072 819 1129 modicum
879 1068 1135 1128 sacellum
1198 1085 1340 1121 Jov1
1405 1084 1916 1138 coNrsERvA'rom,

99 1163 356 1217 aramque
407 1145 608 1217 posuit,
662 1161 923 1214 casusque
976 1159 1101 1198 suos
1147 1139 1204 1191 in
1257 1157 1526 1192 marmore
1583 1158 1916 1211 expressam.

98 1214 586 1289 Mox,-Impe1·ium
629 1217 875 1286 adeptuS,
903 1231 1045 1271 Jovl
1086 1227 1362 1274 ¹cus'rom
1403 1210 1665 1281 templum
1705 1212 1917 1283 iugem,

98 1306 265 1361 seque
289 1290 343 1343 in
373 1290 493 1345 sinu
523 1286 630 1344 Dei
657 1287 908 1340 sacravit.
985 1284 1220 1344 Sabinus
1246 1294 1300 1334 et
1323 1282 1564 1346 Atticm,
1593 1287 1802 1336 onerati
1827 1304 1919 1345 ca-

101 1361 242 1415 tenis
263 1373 320 1416 et
345 1362 412 1415 ad
441 1356 720 1415 Vitellium
746 1358 916 1424 ducti,
938 1374 1283 1427 nequaquam
1314 1354 1512 1406 infesto
1535 1373 1781 1408 sermone
1803 1358 1919 1409 vul-

99 1442 271 1504 tuque
301 1433 674 1504 exeipiuntur,
703 1429 1079 1494 frementibuS,
1119 1428 1210 1497 qui
1246 1427 1340 1497 jus
1384 1427 1571 1491 caedis,
1599 1439 1654 1479 et
1694 1430 1920 1499 praemia

99 1517 316 1563 navatae
354 1523 555 1576 operae,
582 1505 862 1576 petebant.
940 1501 1193 1554 Clamore
1220 1517 1252 1551 a
1279 1500 1545 1570 proximis
1581 1511 1721 1566 orto,
1749 1502 1921 1554 sordi-

100 1673 216 1712 unm.
271 1671 374 1712 Edd.
397 1700 400 1702 -
428 1674 579 1710 veteres
633 1670 737 1709 male
784 1654 986 1718 Quintum.
1038 1679 1163 1706 essem
1173 1667 1349 1706 virorum
1362 1666 1921 1718 doctissimorumexemplum,

99 1728 220 1770 Forte
237 1727 288 1767 ad
307 1738 398 1775 eum
416 1726 615 1773 Martialis
639 1726 764 1776 epigr.
796 1732 836 1772 7,
854 1730 984 1775 31,19,
1038 1723 1118 1762 nisi
1144 1735 1206 1760 me
1234 1723 1493 1760 retinuissent
1511 1722 1631 1761 verba
1658 1724 1699 1760 in
1716 1736 1922 1772 marmore,

103 1782 195 1821 100.
881 1790 884 1794 ’
1040 1789 1127 1827 quae
1154 1778 1299 1827 frigere
1330 1777 1518 1815 videntur
1551 1777 1593 1815 in
1624 1777 1694 1815 illa
1726 1778 1919 1816 lectione:

152 1836 380 1888 Audaciam
408 1849 484 1886 pro
511 1837 539 1873 l.
574 1834 628 1887 k.]
661 1834 778 1879 Bella
809 1834 982 1871 imitatio

98 1890 330 1933 Sallustiani
349 1891 445 1929 dicti
473 1890 595 1930 Catil.
616 1895 687 1928 158.
716 1889 885 1927 audacia
906 1900 981 1939 pro

99 1945 400 1991 mmmmm.
448 1946 561 1991 ERN.

158 2000 299 2054 ,vm-ln
314 1998 611 2051 sacricolarum]
643 1998 786 2036 Isiacos
812 1998 933 2041 fuisse
960 2010 982 2034 e

100 2055 210 2094 Suet.
237 2053 356 2097 Dom.
382 2056 417 2093 c.
444 2060 478 2092 1.
498 2054 694 2092 discimus.
716 2052 786 2090 ubi
805 2066 841 2091 v.
866 2056 906 2090 et
931 2052 979 2089 ‹le

98 2121 221 2155 numo
235 2108 470 2155 Domitiani,
487 2109 537 2146 ad
564 2108 791 2146 memoriam
808 2109 893 2156 ejus
921 2108 980 2144 rei

100 2160 316 2216 spectante.
370 2165 505 2214 Atque
533 2165 624 2201 hinc
652 2163 778 2206 lineus
797 2163 979 2210 amictus,

128 2219 404 2266 uolsiaciusi,
421 2219 578 2267 linigeri
597 2219 686 2270 inde
705 2217 813 2260 dicti.
868 2219 979 2256 ERN.

131 2274 165 2322 .f·
184 2273 372 2324 Obrechti
391 2274 578 2311 nostratis
594 2274 686 2310 diss.
706 2273 751 2309 de
772 2283 891 2310 numo
909 2273 978 2310 cit.

42 2338 45 2350 '
98 2331 140 2368 4.
155 2329 254 2379 Arg.
278 2332 396 2368 1675.

152 2385 371 2427 Immiaetm
385 2380 638 2433 ignarusque]
658 2382 721 2420 Ita
737 2379 864 2418 Vatic.
878 2381 982 2429 quod

98 2448 331 2487 germanum
356 2438 546 2486 ‚iudicavi
570 2448 657 2476 ⁸non
685 2438 979 2485 ignoratusque.

98 2489 264 2532 Novitas
294 2492 469 2542 quaedam
494 2493 537 2528 in
560 2486 607 2528 ea
638 2503 731 2529 voce
759 2497 834 2536 est,
864 2501 982 2539 quam

101 2541 289 2586 Sallustio
307 2546 424 2584 debet
454 2545 516 2597 (ex
534 2547 627 2595 Jug.
650 2543 735 2595 93).
781 2545 894 2582 More
910 2545 983 2582 hu-

100 2613 230 2639 manoe
245 2601 440 2650 cupidinis
449 2602 601 2651 ,ignara
626 2600 795 2639 visundi.
820 2599 860 2636 id
879 2598 984 2636 valet

102 2657 254 2706 ignota.
318 2656 431 2692 Ln’s.
490 2655 664 2695 Pichena
706 2656 982 2703 ignoratusque

102 2709 204 2748 bene
236 2708 413 2746 restituit
439 2710 542 2757 quod
569 2708 716 2746 habent
741 2707 853 2745 MSS.
877 2708 982 2745 Flor.

102 2766 206 2813 Agr.
225 2763 357 2802 Guelf.
381 2764 466 2800 edd.
494 2766 593 2801 vett.
611 2774 744 2805 omues
764 2765 906 2811 praeter
922 2774 982 2811 pr.

103 2831 190 2869 quae
211 2817 408 2857 consentit
430 2818 514 2856 MS2
539 2818 666 2855 Vatic.
721 2819 896 2866 Ignarus
922 2819 982 2853 est

102 2874 276 2923 ignotus,
307 2873 409 2920 quod
443 2871 493 2909 ab
522 2872 560 2910 h.
588 2873 616 2910 l.
650 2871 839 2910 alienum.
893 2871 986 2908 Non

101 2927 262 2977 ignotus
303 2931 402 2973 erat,
444 2927 508 2964 sed
553 2926 823 2976 ignorabatur.
876 2926 983 2963 ERN.

102 2982 208 3026 Bud.
238 2983 448 3031 ignoratus
483 2979 629 3030 absque
664 2981 819 3029 copula,
856 2983 895 3016 et
929 2981 985 3017 sic

102 3037 232 3079 Rhen.
287 3036 360 3074 Sed
378 3037 461 3084 Reg
496 3036 593 3073 Lau.
615 3037 866 3085 ignarusque.

161 3093 354 3141 Casu-§tque
381 3104 470 3129 suos
498 3092 538 3131 in
566 3103 754 3128 marmore
776 3087 979 3138 expressit]

105 3144 220 3189 MSS.
236 3147 270 3184 F
271 3146 344 3183 lor.
357 3145 455 3193 Agr.
475 3146 534 3182 ed.
552 3157 614 3192 pr.
634 3157 745 3182 casus
761 3156 850 3180 ,svzcos
868 3144 909 3179 in
925 3156 981 3180 m.

106 3200 434 3248 emessam‚4nisi
448 3200 550 3250 quod
565 3200 623 3236 ed.
641 3211 699 3247 pr.
720 3198 869 3235 omittit
881 3210 983 3233 suos.

106 3253 206 3295 Eam
233 3254 647 3303 lectionem-,recepere
677 3253 847 3302 Ryckius
878 3255 916 3288 et
944 3251 982 3287 J.

109 3306 231 3347 (ὃπου.
251 3307 363 3358 (item
381 3309 603 3355 Brot.La.ll.
620 3308 731 3359 Bip.)
767 3309 856 3344 Ara
873 3319 984 3344 casus

70 3365 85 3370 “
107 3364 502 3411 expressaexquisite
531 3364 687 3406 dicitur,
716 3363 879 3411 ejusque
906 3361 984 3398 for·

107 3414 224 3452 mulae
241 3415 356 3463 plura
383 3417 560 3466 exempla
586 3418 690 3467 apud
716 3421 884 3462 veteres,
900 3427 986 3463 quae

105 3469 301 3517 congessit
330 3471 471 3511 HeiuS.
500 3473 549 3509 ad
579 3473 710 3510 valer.
741 3471 801 3509 Fl.
835 3475 871 3516 1,
891 3475 985 3509 491.

110 3524 270 3560 firmans
290 3535 310 3558 e
330 3525 414 3566 MS.
430 3538 510 3573 quo
537 3538 631 3564 usus
660 3530 734 3571 est,
753 3525 915 3570 eandem
933 3523 989 3568 le-

107 3578 277 3615 ctionem
296 3579 336 3614 in
354 3578 435 3614 loco
451 3586 535 3616 nost
543 3592 598 3619 ro.
651 3581 791 3629 Itaque
808 3578 988 3621 imitatus

183 3649 213 3683 V
226 3648 258 3683 O
269 3648 300 3682 L
310 3670 320 3683 0
341 3649 359 3684 l
371 3649 387 3683 l
399 3671 409 3683 .
431 3649 461 3683 P
470 3671 480 3682 .
509 3650 548 3684 I·

1035 1833 1112 1869 nisi
1142 1844 1188 1870 ea
1217 1833 1387 1870 insititia
1416 1833 1511 1880 sint,
1531 1833 1634 1881 quod
1662 1845 1739 1870 non
1769 1838 1921 1884 putem.

1034 1888 1203 1925 Potuere
1225 1899 1318 1924 sane
1348 1887 1391 1924 in
1408 1887 1494 1935 ipsa
1519 1899 1589 1923 ara
1604 1899 1716 1924 casus
1734 1887 1920 1936 exprimi,

1035 1945 1082 1979 ut
1100 1953 1165 1991 ap.
1186 1942 1271 1980 Liv.
1292 1947 1359 1988 28,
1379 1945 1446 1979 46.
1485 1942 1693 1980 Hannibal
1715 1955 1826 1979 aram
1848 1956 1920 1991 po-

1036 1998 1117 2034 suit
1151 2008 1239 2034 cum
1283 1997 1397 2034 titulo
1443 2008 1572 2033 rerum
1615 2009 1788 2034 suarum.
1845 1997 1920 2035 Sed

1033 2051 1135 2087 nihil
1154 2050 1319 2099 impedit
1339 2062 1417 2098 quo
1434 2051 1567 2087 minus
1587 2051 1629 2087 in
1647 2051 1837 2099 peculiari
1858 2055 1922 2088 ta—

1033 2104 1129 2142 bula
1143 2117 1376 2151 marmorea,
1396 2105 1438 2141 in
1454 2105 1522 2142 illo
1541 2105 1680 2142 sacello
1692 2106 1835 2154 posita,
1854 2117 1923 2143 ex-

1034 2161 1300 2209 primerentur
1319 2158 1434 2197 casus
1449 2160 1684 2198 Domitiani.
1729 2161 1921 2210 Lupanus

1035 2219 1169 2259 autem
1187 2216 1292 2264 capit
1309 2215 1354 2251 de
1367 2225 1483 2262 opere
1495 2215 1644 2261 caelato,
1664 2215 1705 2253 in
1715 2227 1793 2263 quo
1806 2227 1920 2255 casus

1035 2270 1102 2306 isti
1119 2270 1306 2318 expressi.
1324 2263 1472 2315 Simile,
1493 2270 1594 2318 quod
1613 2269 1795 2307 Daedalus
1814 2271 1921 2319 apud

1034 2319 1247 2373 Virgilium
1264 2324 1307 2361 in
1323 2323 1446 2360 valvis
1461 2325 1599 2373 templi
1611 2325 1703 2361 AEn.
1717 2327 1756 2370 6,
1771 2330 1836 2362 32.
1865 2325 1922 2363 bis

1036 2385 1198 2417 conatus
1211 2385 1295 2416 erat
1307 2378 1409 2416 Icari
1423 2391 1536 2416 casus
1547 2379 1725 2428 effingere
1736 2381 1778 2416 in
1794 2392 1889 2418 auro
1901 2395 1918 2422 ;

1036 2445 1149 2482 quem
1180 2433 1308 2471 locum
1330 2434 1370 2470 in
1389 2433 1521 2473 animo
1539 2434 1722 2470 habuisse
1740 2435 1921 2471 videatur

1035 2488 1211 2525 Tacitus.
1267 2488 1341 2526 Sed
1372 2486 1558 2534 arbitror,
1579 2489 1698 2524 etiam
1727 2489 1773 2525 de
1801 2489 1921 2526 titulo

1037 2542 1208 2591 intelligi
1243 2554 1368 2590 posse.
1424 2543 1532 2580 ERN.
1588 2543 1690 2579 Bud.
1723 2544 1920 2591 expremit,

1037 2597 1202 2634 solemni
1227 2610 1303 2635 usu
1328 2597 1496 2646 duplicis
1521 2609 1592 2646 pro
1617 2598 1750 2635 littera
1780 2611 1812 2634 S.
1857 2597 1920 2634 Sic

1041 2653 1328 2700 Vespexianum
1364 2652 1472 2688 dicit.
1527 2651 1613 2691 Etsi
1646 2651 1744 2687 dura
1774 2651 1920 2688 locutio

1036 2706 1216 2744 videatur
1251 2717 1368 2754 quam
1408 2705 1512 2742 Flor.
1561 2706 1733 2754 praefert,
1770 2710 1920 2752 tamen,

1037 2772 1158 2808 quum
1187 2771 1265 2796 non
1295 2760 1345 2796 sit
1370 2759 1570 2804 credibile,
1609 2759 1814 2798 librarium
1833 2772 1919 2797 eam

1037 2813 1286 2852 substituisse
1307 2814 1490 2863 planiori.
1510 2814 1658 2864 recipio
1686 2817 1727 2851 et
1751 2814 1848 2863 ipse.
1877 2817 1920 2852 in

1038 2882 1227 2906 marmore
1254 2869 1380 2909 refero
1410 2869 1460 2906 ad
1484 2880 1608 2916 aram,
1628 2881 1714 2918 quae
1742 2880 1788 2918 ex
1816 2881 1921 2907 mar—

1038 2935 1161 2963 more.

1090 2974 1266 3016 Proew'zia
1284 2984 1436 3020 navatce
1454 2990 1577 3028 operoe
1589 2975 1787 3028 petebant]
1807 2976 1921 3016 MSS.

1036 3033 1139 3070 Bud.
1152 3033 1270 3073 Bodl.
1290 3034 1388 3081 Agr.
1411 3039 1598 3078 enavatoe,
1617 3033 1719 3081 quod
1740 3031 1923 3081 placebat

1038 3087 1226 3133 Danesio,
1240 3088 1446 3134 Rhenano,
1466 3087 1612 3134 recepit
1631 3086 1815 3135 Ryckius.
1858 3089 1920 3125 De

1038 3146 1122 3178 toto
1139 3144 1210 3179 hoc
1229 3153 1371 3190 genere
1392 3137 1598 3179 verborum
1626 3153 1746 3189 supra
1771 3142 1921 3183 dictum

1038 3197 1087 3232 ad
1105 3194 1153 3233 A.
1180 3201 1243 3241 14,
1267 3201 1328 3234 14.
1368 3196 1442 3233 Sed
1458 3201 1647 3241 enecatus
1666 3196 1761 3233 mihi
1783 3197 1921 3233 durius

1036 3251 1207 3296 videtur,
1227 3261 1345 3299 quam
1364 3254 1410 3287 ut
1429 3251 1797 3303 recipere-audeam.
1825 3248 1921 3287 Mox

1039 3306 1214 3342 dedimus
1229 3305 1373 3343 absciso
1386 3307 1522 3354 capite.
1539 3305 1585 3341 V.
1598 3305 1645 3340 ad
1662 3312 1700 3350 2,
1719 3311 1782 3342 88.
1811 3306 1922 3342 ERN.

1037 3360 1165 3396 Rhen.
1196 3359 1338 3407 probat
1354 3364 1544 3405 enavatoe,
1565 3371 1635 3396 nec
1657 3363 1791 3396 tamen
1815 3370 1922 3394 rece—

1038 3414 1111 3463 pit.
1142 3415 1244 3452 Bud.
1264 3414 1420 3451 absciso.
1454 3414 1496 3456 in
1513 3414 1618 3451 Flor.
1638 3415 1782 3451 rectius
1798 3413 1921 3449 deest.

1040 3481 1192 3518 sequor.
1229 3469 1343 3509 Prius
1367 3467 1469 3507 Bud.
1487 3469 1683 3519 proximis
1710 3468 1793 3505 sine
1824 3477 1921 3515 prae-

1042 3523 1250 3572 positione.
1362 3517 1366 3522 ’

1095 3647 1131 3693 9
