2190 3880
167 267 238 308 A.
255 267 308 308 U.

197 324 289 362 824.

187 376 241 414 A.
261 379 306 416 C.

199 432 281 477 ²71.

317 132 416 182 274
928 122 1529 178 HISTORIARUM

322 257 439 312 rani
512 255 778 312 Manibus
829 257 1187 314 satisfactum.
1280 260 1519 333 Insignis
1571 259 1791 334 publica
1843 258 2144 312 severitate.-
2189 282 2190 310 ;

322 330 455 395 dies,
482 348 551 383 ne
590 330 842 403 privatim
883 331 1103 402 quidem
1144 333 1301 385 laude
1339 334 1533 387 caruit.
1605 332 1825 388 Justum
1865 331 2128 384 indicium
2189 330 2190 386 ζ

322 402 570 475 explesse
599 402 889 456 Musonius
914 402 1227 457 videbatur:
1268 404 1478 456 diversa
1505 404 1651 457 fama
1678 403 1980 468 Demetrio,
2018 401 2130 472 Cy·
2188 394 2190 450 ἕ

322 475 498 528 nicam
528 485 731 527 sectam
753 473 1028 545 professo3
1054 476 1200 545 quod
1226 475 1574 527 manifestum
1598 492 1747 528 reum
1770 475 2130 537 ambitiosiuS‚

320 565 485 619 quam
514 547 811 611 honestius,
836 545 1184 598 defendisset.
1263 545 1374 616 Ipsi
1405 546 1600 598 Publio
1627 562 1802 616 neque
1826 548 2037 600 animus
2076 547 2132 598 in

320 619 594 691 periculis),
621 633 797 687 neque·
821 617 996 668 oratio
1037 617 1424 688 suppeditavit.
1501 618 1672 689 Signo
1700 617 1920 671 ultionis
1946 620 2002 672 in·
2038 617 2134 670 ad-

322 706 597 746 cusatores
623 690 772 754 dat0,
797 688 934 759 petit
959 706 993 739 a
1021 688 1239 742 Caesare
1259 689 1294 743 J
1302 690 1458 741 unius
1486 689 1790 754 Mauricus,
1809 698 1868 743 ut
1891 699 2136 743 commen-

321 764 573 816 tariorum
621 758 1003 830 Principalium
1080 769 1337 813 otestatem
1378 760 1592 814 Senatui
1624 758 1850 834 faceret,
1878 779 1976 833 per
2012 778 2136 834 quos

303 842 555 898 ‘mosaei-ec,
581 851 727 904 quem
789 833 960 914 uisque
992 848 1025 885 α
1064 832 1339 886 cusandam
1366 842 1684 906 poposczsset.
1761 829 2137 887 consulendum

236 911 308 959 41·

323 905 424 959 tali·
453 923 601 975 super
645 923 699 957 re
797 904 1057 974 rinczpem,
1096 905 1394 976 respondit.
1471 907 1722 970 SenatuS,
1752 904 2137 959 inchoantibus

322 978 671 1050 primoribuS,
691 975 1076 1048 jusjurandum
1101 976 1376 1048 concepit,
1397 996 1505 1048 quo
1527 977 1778 1032 certatim
1800 995 1988 1031 omnes
2012 975 2138 1029 Ma·-

322 1051 601 1122 gistratuS,
628 1050 794 1102 ceteri
833 1061 895 1102 ut
919 1050 1241 1102 sententiam
1271 1050 1622 1120 rogabantur,
1650 1047 1790 1101 Deos
1810 1057 1949 1103 testes
1972 1049 2138 1103 advo-

320 1123 541 1187 cabant,
567 1120 703 1174 m’lzil
726 1138 815 1191 ope
838 1138 947 1173 sua„
957 1120 1190 1194 jactum,
1215 1138 1314 1192 quo
1355 1122 1655 1193 cujusquam
1688 1117 1826 1174 salus
1857 1121 2138 1187 laederetur,

320 1211 482 1267 neque
504 1213 552 1248 se
570 1192 857 1264 praemium,
881 1201 974 1245 aut
991 1236 994 1238 .
1010 1193 1262 1259 honorem,
1291 1209 1353 1246 ex
1378 1193 1672 1247 calamitate
1698 1191 1888 1246 civium
1926 1194 2135 1264 cepisse.-

321 1267 551 1338 trepidis
593 1277 649 1318 et
677 1267 840 1318 verba
870 1265 1230 1337 jurisjurandi
1273 1283 1368 1338 per
1396 1267 1569 1319 varias
1610 1276 1752 1317 artes
1779 1265 2138 1333 mutantibus,

321 1341 446 1411 quis
474 1338 673 1411 flagitii
700 1340 1037 1391 conscientia
1075 1339 1267 1391 inerat.

377 1504 542 1543 Justam
565 1503 768 1554 judicium
799 1503 984 1555 explesse]
1024 1504 1087 1542 Sic
1119 1503 1206 1542 edd.

322 1560 443 1599 Enim
461 1572 553 1597 vero
571 1570 650 1596 non
679 1559 863 1596 convenit
880 1560 952 1596 hoc
972 1560 1207 1605 accusatori,

323 1615 394 1652 sed
419 1614 639 1663 judicibus,
656 1614 723 1662 qui
747 1615 900 1662 justum
928 1614 1122 1662 judicium
1142 1626 1209 1651 ex-

323 1670 450 1720 plesse
469 1669 545 1705 dici
569 1672 748 1718 possunt.
767 1670 896 1716 Igitur
922 1670 1074 1706 correxi
1103 1669 1207 1707 indi-

323 1725 440 1768 cium;
461 1724 564 1773 quod
589 1727 649 1760 est
676 1723 913 1761 accusatoris
936 1726 991 1761 ut'
1006 1724 1057 1762 A.
1081 1729 1122 1770 4,
1139 1729 1207 1762 31.

324 1778 398 1816 ubi
421 1784 626 1816 accusator
644 1779 790 1817 indicio
802 1780 1015 1828 perculisse
1038 1779 1210 1827 aliquem

324 1833 484 1871 dicitur.
540 1833 602 1870 Sic
628 1833 746 1882 justa
779 1833 944 1879 indicia,
973 1845 1211 1883 quamquam

312 1887 406 1939 ‚alia
422 1887 466 1926 in
482 1899 541 1934 re,
562 1892 656 1930 sunt
677 1887 731 1926 H.
755 1893 792 1935 1,
810 1893 851 1925 3.
880 1889 1000 1926 Porro
1019 1889 1210 1926 indicium

325 1942 474 1980 dicitur
491 1942 638 1988 labare,
666 1942 714 1979 A.
740 1947 804 1988 15,
826 1946 891 1980 55.
911 1946 986 1981 etc.
1041 1943 1150 1991 saepe
1168 1943 1211 1980 in

325 1997 528 2036 veteribus
558 1996 672 2034 libris
697 2009 745 2034 ex
762 1998 954 2035 indicium
976 1998 1126 2035 factum
1151 2001 1212 2035 est

316 2051 536 2102 judicium,
569 2051 783 2100 praesertim
822 2052 865 2089 in
896 2052 970 2090 tali
1007 2063 1063 2091 re.
1115 2053 1213 2090 Mox

326 2107 478 2144 diversa
489 2106 611 2155 sama
639 2107 744 2144 male
775 2106 887 2143 abest
919 2108 980 2146 ed.
1010 2108 1071 2157 pr.
1100 2108 1209 2145 ERN.

324 2161 430 2199 Bud.
441 2161 659 2210 judicium,
678 2167 719 2198 et
735 2161 790 2198 sic
808 2161 892 2208 alii,
910 2165 958 2199 nt
977 2170 1091 2211 puto,
1108 2162 1213 2199 codi-

326 2226 406 2263 ces,
434 2227 550 2252 nemo
580 2217 685 2252 enim
704 2217 812 2253 aliud
833 2216 995 2254 indicat.
1051 2217 1213 2254 Ernesti

327 2270 643 2307 emendationem
675 2271 767 2319 Bip.
801 2282 984 2319 recepere
1015 2272 1138 2308 tacite
1173 2274 1213 2308 et

326 2324 484 2363 Bahrdt
514 2325 709 2373 expressit
738 2325 782 2362 in
811 2327 1002 2363 versione.
1055 2325 1214 2374 Reliqui

328 2378 439 2428 vulg.
474 2382 647 2416 servant.
703 2379 876 2418 Diversa
908 2380 1031 2428 sama
1073 2383 1134 2417 est
1171 2381 1214 2417 in

327 2433 433 2472 Bud.

385 2488 473 2538 Ipsi
488 2487 631 2526 Publio
649 2500 769 2540 neque
787 2487 957 2539 animus]
989 2488 1077 2526 Vox
1095 2500 1214 2538 neque

327 2541 477 2587 addita,
509 2546 671 2580 auctore
706 2541 836 2581 Vatic.
881 2544 993 2581 Lirs.
1028 2544 1215 2581 .Firmant

328 2596 436 2636 Flor.
456 2597 587 2635 G'uelf.
618 2596 686 2646 qui
715 2600 861 2636 tamen·
876 2598 920 2636 in
947 2598 1125 2648 margine
1144 2598 1215 2634 ha-

328 2650 415 2699 bet,
435 2651 495 2690 ed.
513 2663 577 2701 pr.
611 2653 648 2690 A
675 2652 761 2690 MS.
778 2652 882 2690 Bud.
899 2664 1011 2690 voces
1035 2653 1113 2703 ipsi
1130 2652 1215 2690 Pu-

332 2706 408 2745 blio
426 2719 545 2757 neque
563 2705 744 2753 aberant,
762 2711 810 2744 ut
825 2718 918 2744 mox
934 2706 1039 2745 dato.
1066 2707 1175 2746 ERN.

385 2761 539 2799 Junius
552 2761 787 2812 Mauricus]
818 2762 930 2800 MSS.
946 2761 1052 2800 Flor.
1077 2759 1211 2813 (Bud.)

331 2815 465 2853 Guelf.
490 2815 684 2854 Maricas.
717 2816 816 2865 Agr.
851 2816 910 2853 ed.
939 2828 1000 2864 pr.
1025 2816 1215 2854 Martius.

331 2870 548 2919 Vulgatum
565 2870 743 2908 defendit
755 2871 926 2920 Ryekius
945 2882 965 2907 e
978 2871 1080 2908 Plin.
1094 2883 1155 2920 ep.
1174 2877 1215 2918 4,

333 2929 399 2962 2⁶2.
419 2924 489 2962 ubi
521 2924 623 2961 idem
652 2936 807 2963 nomen.
861 2925 936 2964 Sed
967 2927 1009 2962 et
1029 2936 1093 2975 ap.
1111 2925 1211 2963 Plin.

335 2981 374 3024 1,
393 2983 430 3015 5.
450 2978 559 3016 cod'd.
593 2979 791 3017 fluctuant
808 2979 913 3017 inter
939 2978 1149 3018 Mauricus
1175 2985 1216 3018 et

330 3032 525 3070 Alaricus.
545 3033 638 3071 item
657 3039 698 3080 3,
717 3038 779 3072 11.
798 3034 848 3071 ad
865 3046 953 3084 quae
966 3034 1051 3071 loca
1064 3046 1101 3072 v.
1118 3035 1217 3075 Cor-

331 3086 460 3123 tium:
492 3098 607 3135 quem
637 3088 835 3126 dissensus
860 3089 1052 3126 librorum
1071 3089 1114 3126 in
1143 3089 1216 3125 hoc

330 3140 465 3178 Taciti
485 3140 569 3178 loco
595 3142 729 3180 latuit.
772 3143 866 3181 Mox
895 3143 997 3181 male
1027 3143 1216 3193 Princeps

332 3194 420 3232 edd.
439 3195 591 3232 Puteol.
614 3196 707 3234 Ber.
726 3197 813 3234 Alc.
832 3198 1084 3237 Domitianus
1103 3199 1215 3236 Prin-

306 3260 427 3298 ,ceps
454 3260 534 3286 non
561 3253 662 3287 erat.
703 3251 812 3288 Eam.
844 3253 1034 3290 conr-exit
1061 3264 1083 3289 e
1107 3252 1211 3292 Bud.

331 3303 568 3342 Rhenanus..

402 3356 681 3395 Inchoomtibus
721 3358 976 3410 primoribus]
1026 3360 1215 3398 Inchoare

333 3410 481 3450 dicitur
501 3411 750 3461 exquisitim,
767 3417 814 3450 ut
840 3414 984 3463 passim
1014 3415 1119 3462 apud
1150 3415 1215 3453 Li-

329 3467 460 3514 vium,
477 3477 550 3515 pro
579 3467 805 3505 relationem
820 3468 959 3516 facere
971 3483 986 3509 .·
1030 3469 1134 3517 quod
1152 3468 1216 3505 hic

334 3531 406 3571 per
424 3521 683 3570 egressionem
701 3522 903 3560 relationis
930 3522 1088 3559 factam.
1121 3523 1217 3560 dici·-

333 3579 404 3613 tur
421 3577 540 3616 etiam
557 3576 664 3627 apud
682 3577 850 3617 eundem
870 3577 1026 3619 Livium
1054 3579 1216 3621 meraio-

1345 1338 1663 1392 Probabant
1688 1335 2006 1409 religionem
2035 1337 2142 1392 Pa·

1259 1503 1502 1554 nemfacere.
1530 1506 1681 1543 Iterum
1697 1509 1830 1544 noster
1849 1504 1952 1542 clare
1970 1504 2027 1542 sic
2042 1503 2146 1542 infra

1261 1572 1296 1599 c.
1315 1565 1381 1597 44.
1410 1560 1521 1598 ERN.

1317 1614 1620 1665 Jusjurandum,
1638 1610 1927 1665 ᾳαορενταιὶηι]
1947 1613 2020 1652 Est
2033 1613 2146 1662 ,ἰατι-

1260 1673 1439 1707 mentum
1471 1681 1495 1706 a
1520 1673 1607 1707 toto
1631 1670 1781 1707 Senatu
1809 1667 1975 1716 editum,
2004 1668 2051 1706 de
2081 1679 2146 1705 ca·

1261 1724 1414 1761 lumnia
1431 1735 1549 1773 quam
1575 1724 1726 1761 nemini
1750 1722 1956 1771 capitalem
1986 1722 2145 1760 intulis-

1263 1783 1366 1818 sent.
1423 1779 1497 1817 Sed
1523 1778 1587 1825 hie
1604 1790 1685 1816 non
1707 1776 1834 1823 video,
1851 1788 1923 1815 eur
1946 1777 2005 1816 ita
2022 1783 2143 1816 eertoe-

1264 1835 1336 1872 tim
1355 1834 1612 1883 Magistratus
1629 1832 1868 1883 praestiterit.
1897 1843 2025 1881 neque
2037 1833 2143 1871 enim

1263 1889 1306 1925 in
1338 1888 1526 1926 honorem
1552 1887 1758 1937 Principis,
1777 1890 1848 1924 aut
1873 1887 2049 1925 adulatio
2072 1888 2146 1926 ali-

1264 1954 1343 1993 qua
1371 1943 1464 1990 fuit,
1497 1944 1617 1980 immo
1645 1945 1879 1980 cunctanter
1909 1940 2041 1990 potius
2071 1942 2145 1980 hoc

1264 1998 1476 2047 agendum.
1534 1999 1637 2036 Sane
1653 2008 1701 2034 ea
1719 2008 1793 2034 vox
1809 1999 1992 2045 suspecta
2009 2000 2084 2043 est,
2105 2002 2146 2034 et

1264 2053 1455 2099 seriatim,
1468 2057 1539 2091 aut
1554 2052 1636 2090 tale
1652 2051 1747 2101 quid
1762 2051 1897 2090 malim
1912 2065 1922 2088 z
1951 2051 2048 2100 quia
2063 2063 2147 2089 cer-

1262 2111 1350 2144 tum
1369 2107 1507 2152 habeo,
1529 2107 1664 2145 ordine
1689 2105 1856 2156 quodam
1879 2105 2144 2154 Magistratus

1264 2173 1398 2200 omnes
1415 2162 1455 2199 id
1472 2162 1715 2212 praestitisse,
1729 2165 1770 2198 et
1787 2159 1987 2209 digniores
2005 2161 2145 2208 primo.

1266 2218 1382 2254 ers.
1419 2215 1607 2256 Certatim
1625 2227 1759 2253 omnes
1785 2213 1878 2252 libri
1905 2213 2069 2262 habent,
2089 2216 2148 2254 id-

1267 2282 1344 2320 que
1363 2273 1527 2321 ponitur
1553 2271 1604 2308 ad
1625 2270 1874 2308 indicandam
1902 2269 2147 2308 alacritatem

1267 2329 1309 2363 et
1339 2327 1529 2364 studium.
1557 2326 1612 2363 sic
1633 2330 1824 2363 certamen
1844 2323 1891 2361 de
1920 2324 2067 2371 studio,
2088 2324 2130 2364 H
2137 2353 2146 2363 .

1272 2385 1309 2426 1,
1329 2385 1397 2418 32.
1412 2381 1508 2418 Mox
1523 2380 1564 2417 in
1578 2379 1663 2417 MS.
1679 2378 1780 2416 Bud.
1802 2381 1888 2415 erat
1899 2379 2024 2416 omnis
2039 2379 2146 2416 inens

1269 2432 1347 2485 (vel
1376 2444 1499 2480 mens,
1518 2433 1684 2471 dubium
1700 2431 1822 2483 enim)
1855 2444 1877 2469 e
1896 2443 1974 2481 quo
1988 2433 2149 2471 Rhena-

1267 2500 1342 2526 nus
1361 2489 1531 2527 faciebat
1549 2489 1684 2526 iniens.
1711 2486 1829 2525 male.
1858 2486 1961 2524 Nam
1974 2498 2047 2524 nee
2058 2488 2148 2525 Ma-

1266 2543 1457 2592 gistratus
1484 2542 1590 2580 illius
1618 2542 1712 2580 anni
1741 2552 1826 2579 esse
1854 2546 2035 2590 possunt,
2055 2543 2149 2591 quia

1266 2598 1348 2635 haec
1378 2608 1458 2636 non
1488 2598 1579 2636 Kal.
1596 2598 1688 2635 Jan.
1717 2600 1829 2643 acta;
1860 2606 1931 2633 nec
1953 2595 2147 2646 designati

1267 2652 1309 2690 in
1327 2653 1550 2703 proximum
1568 2662 1734 2697 annum,
1751 2650 1819 2701 qui
1836 2650 2012 2689 nondum
2039 2648 2148 2688 crea4

1266 2708 1315 2745 ti.
1370 2707 1412 2746 Si
1433 2707 1530 2757 quid
1545 2707 1609 2745 hic
1626 2706 1742 2752 latet,
1757 2704 1860 2758 quod
1878 2716 1903 2742 a
1919 2705 2060 2743 Tacito
2078 2706 2145 2753 sit,

1267 2765 1369 2811 puto
1383 2773 1467 2799 esse
1483 2761 1671 2811 deinceps,
1690 2761 1717 2798 i..
1740 2771 1776 2797 e.
1795 2771 1842 2798 ex
1859 2759 1994 2798 ordine
2019 2759 2147 2810 digni-

1269 2817 1365 2854 tatis
1381 2828 1429 2854 ae
1439 2816 1531 2863 loci,
1543 2814 1650 2866 quod
1663 2814 1763 2853 bene
1779 2814 1963 2853 convenit
1981 2825 2147 2864 sequen-

1269 2870 1377 2908 tibus
1388 2884 1400 2908 :
1427 2871 1556 2917 ceteri,
1575 2874 1620 2907 nt
1637 2882 1669 2907 s.
1686 2881 1723 2909 r.
1737 2869 1768 2907 i.
1784 2879 1820 2908 e.
1839 2880 1886 2906 eo
1903 2868 2054 2916 ordine,
2068 2879 2145 2919 quo

1268 2926 1396 2975 rogati
1412 2928 1555 2963 essent.
1582 2925 1691 2963 ERN.

1265 2981 1269 2983 ’
1323 2980 1546 3018 probabam
1578 2979 1649 3018 rel.
1684 2978 1839 3024 Pam,
1867 2977 1969 3028 peti.
2004 2989 2149 3027 argue-

1271 3034 1380 3085 bant]
1410 3035 1533 3073 Recte
1551 3033 1624 3072 hoc
1638 3032 1695 3070 sic
1711 3033 1819 3082 capit
1839 3031 2032 3070 Pichena:
2074 3033 2150 3069 Pa·

1269 3092 1351 3127 tres
1388 3088 1477 3137 hos,
1489 3111 1491 3114 -
1504 3088 1552 3125 de
1585 3087 1729 3137 quibus
1757 3084 1898 3126 ultimo
1926 3085 2012 3123 loco
2030 3085 2146 3134 dixit,

1268 3143 1446 3182 laudasse
1465 3142 1622 3193 quidem
1641 3142 1846 3186 hactenus,
1865 3139 1967 3190 quod
1983 3151 2064 3177 non
2075 3140 2147 3188 ju·

1267 3202 1422 3235 rassent
1437 3197 1571 3234 eodem
1598 3196 1727 3242 modo,
1746 3207 1825 3244 quo
1851 3194 1987 3241 ceteri,
2010 3205 2148 3243 quam-

1263 3263 1382 3302 quam
1399 3263 1470 3301 per
1495 3250 1686 3297 ironiam3
1713 3253 1887 3286 ceterum
1904 3252 2039 3287 tamen
2057 3260 2149 3299 per-

1259 3306 1373 3355 juros
1402 3316 1501 3352 esse,
1529 3305 1597 3354 qui
1624 3315 1674 3341 ne
1705 3306 1837 3341 cetera
1866 3304 2023 3352 quidem
2057 3314 2146 3341 vere

1262 3360 1477 3409 jurassent,
1490 3363 1529 3396 et
1547 3370 1593 3396 ea
1605 3370 1649 3396 re
1661 3358 1937 3395 conscientiam
1956 3358 2148 3396 scelerum

1268 3413 1498 3465 prodidisse.
1524 3414 1632 3452 Ean.
1661 3413 1822 3462 Religio
1836 3412 1899 3450 hic
1915 3410 2145 3462 scrupulum

1269 3472 1398 3514 notat,
1415 3473 1462 3506 ut
1479 3468 1584 3518 apud
1611 3468 1693 3504 Cic.
1716 3466 1833 3504 Catil.
1862 3472 1905 3515 3,
1922 3469 1963 3505 6.
1980 3473 2040 3513 ut,
2059 3479 2147 3518 que

1266 3524 1408 3572 relig-io
1433 3524 1477 3561 C.
1492 3523 1629 3560 Mario
1647 3523 1694 3559 el.
1713 3523 1796 3558 viro
1813 3519 2050 3570 nonfuerat.
2066 3547 2076 3557 .
2094 3547 2106 3558 .
2119 3546 2132 3558 .

1267 3590 1314 3617 ea
1348 3590 1419 3618 noe
1450 3577 1640 3630 religione
1657 3603 1669 3618 .
1689 3603 1699 3616 .
1718 3576 1981 3617 liberaremur.
2033 3574 2143 3613 Bene
