2190 3880
579 105 734 169 Lm.
758 155 761 157 >
786 118 879 167 111.
933 119 1096 168 cAP.
1152 120 1249 166 ια’
1759 125 1847 177 1¹71

40 263 191 312 num,
215 263 247 299 e
270 244 471 316 quibus
505 243 720 296 tertiam
745 242 954 296 Dillius
988 242 1330 314 AponianuS,
1353 250 1602 296 octavam
1649 244 1846 297 Numi·
1873 263 1922 304 A.
1944 264 1999 307 U.

43 317 157 368 sius
183 317 371 385 Lupus
391 315 683 379 ducebant,
709 325 983 366 ostentare
1008 315 1166 377 vireS,
1188 324 1244 364 et
1269 312 1488 365 militari
1517 314 1654 366 vallo
1677 316 1847 369 Vero·
1888 320 1982 358 823·

41 385 522 439 namivoircumdare
553 385 770 454 placuit.
813 385 977 437 Forte
1003 384 1290 436 Galbianae
1318 384 1521 453 legioni
1545 385 1597 434 in
1623 386 1846 439 adversa
1872 370 1996 463 A;OC‘

41 456 222 508 fronte
256 455 380 507 valli
419 473 556 525 opus
593 467 844 520 cesserat,
868 467 925 507 et
955 455 1054 508 visi
1089 453 1278 525 procul
1311 455 1582 506 sociorum
1618 457 1845 523 equiteS,
1903 442 1914 467 ¹
1953 449 1966 462 ⁶

40 543 236 586 vanam
274 525 639 590 formidinem,
663 537 724 578 ut
761 526 961 591 hostes,
989 525 1183 577 fecere.
1259 525 1572 594 Rapiuntur
1607 543 1756 576 arma
1793 539 1848 578 et

39 607 115 648 ut*
140 597 463 666 proditionis
501 598 580 648 ira
616 596 852 650 militum
881 597 936 648 in
964 595 1031 648 T.
1056 595 1320 665 Ampium
1348 595 1665 647 Flavianum
1693 597 1846 648 incu-

41 666 180 732 buit,
206 667 354 719 nullo
375 667 618 719 criminis
639 678 980 737 argumentO,
1009 667 1099 718 sed
1119 666 1237 735 jam
1266 667 1470 736 pridem
1489 667 1710 730 invisuS,
1735 677 1847 719 tur-

38 738 168 789 bine
204 739 441 807 quodam
477 738 547 794 ad
583 737 812 789 exitium
855 738 1212 807 poscebatur:
1243 737 1590 806 propinquum
1633 735 1848 803 Vitellii,

28 807 343 876 proditorem
374 804 610 871 Othonis,
635 807 1011 876 interceptorem
1037 807 1269 859 donativi
1294 808 1665 860 clamitabant.
1727 809 1848 861 Nec

37 877 536 941 defens-ioni'locuS,
556 896 884 947 quamquam
906 878 1176 949 supplices
1202 896 1392 930 manus
1414 880 1674 942 tenderet,
1692 878 1847 931 humi

40 947 356 1019 plerumque
392 959 610 1013 stratuS,
639 948 813 1001 lacera
854 961 1019 1012 veste,
1047 962 1236 1018 pectus
1277 960 1440 1018 atque
1475 968 1569 1000 ora
1604 949 1848 1019 singultu

37 1021 307 1089 quatiens.
349 1019 402 1071 id
442 1020 619 1090 ipsum
656 1020 796 1090 apud
838 1019 1078 1072 infensos
1107 1020 1518 1073 incitamentum
1548 1034 1681 1084 erat,
1710 1032 1849 1072 tam-

36 1108 200 1159 quam
235 1090 434 1142 nimius
473 1105 642 1160 pavor
670 1091 1056 1143 conscientiam
1089 1100 1356 1159 argueret.
1433 1090 1850 1143 Obturbabatur

34 1161 272 1214 militum
311 1161 536 1213 vocibus
562 1159 831 1231 AponiuS,
855 1178 981 1212 cum
1019 1160 1167 1228 loqui
1205 1171 1503 1231 coeptaret:
1545 1160 1762 1213 fremitu
1791 1173 1847 1213 et

36 1231 273 1284 clamore
296 1245 505 1283 ceteros
531 1231 955 1302 adspernantur:
994 1231 1086 1282 uni
1113 1229 1358 1282 Antonio
1383 1242 1584 1301 apertae
1609 1230 1846 1284 militum

36 1320 210 1354 aures·
263 1319 496 1371 namque
545 1311 601 1352 et
650 1301 906 1354 facundia
954 1301 1157 1365 aderat,
1195 1301 1576 1371 mulcendique
1620 1301 1845 1371 vulgum

37 1385 178 1424 artes
197 1384 254 1424 et
277 1372 592 1425 auctoritaS.
646 1372 757 1424 Ubi
785 1372 1099 1424 crudescere
1125 1372 1340 1435 seditio,
1362 1384 1416 1422 et
1446 1390 1477 1422 a
1499 1372 1762 1423 conviciis
1788 1385 1845 1424 et

34 1443 250 1512 probris
276 1442 344 1495 ad
372 1442 478 1494 tela
507 1452 563 1494 et
595 1460 786 1494 manus
822 1443 1144 1506 transibant,
1170 1443 1317 1513 injici
1350 1451 1551 1494 catenas
1586 1442 1842 1496 Flaviano

27 1513 211 1582 jubet.
286 1513 468 1565 Sensit
508 1513 800 1565 ludibrium
847 1514 1019 1577 mileS,
1058 1513 1428 1582 disjectisque,
1472 1513 1566 1582 qui
1606 1513 1844 1564 tribunal

34 1584 346 1647 tuebantur,
374 1594 618 1635 extrema
647 1584 726 1635 vis
761 1585 1068 1653 parabatur.
1145 1583 1422 1653 Opposuit
1458 1584 1637 1636 sinum
1664 1582 1842 1636 Anto-

33 1654 178 1719 niuS,
213 1654 403 1706 stricto
440 1653 602 1718 ferm,
627 1663 718 1706 atet
749 1653 971 1706 militum
998 1671 1048 1705 se
1071 1653 1323 1718 manibuS,
1350 1661 1445 1706 aut
1479 1654 1599 1718 δαῖε,
1625 1654 1842 1706 moritu·

33 1743 149 1777 rum
174 1725 483 1778 obtestans:
518 1736 576 1776 ut
600 1742 869 1794 quemque
896 1737 1089 1789 notum
1109 1736 1164 1776 et
1191 1724 1373 1794 aliquo
1401 1725 1620 1777 militari
1647 1725 1841 1777 decore

34 1796 305 1866 insignem
324 1795 665 1866 adspexerat,
688 1796 754 1848 ad
783 1795 1057 1848 ferendam
1084 1812 1245 1865 opem
1272 1796 1492 1848 nomine
1513 1795 1679 1847 ciens,
1709 1814 1842 1848 mox

32 1883 323 1918 conversus
349 1866 416 1918 ad
445 1867 619 1936 signa,
645 1880 699 1918 et
724 1867 985 1918 bellorum
1018 1866 1184 1929 Deos,
1210 1865 1430 1917 hostium
1448 1867 1621 1935 potius
1650 1868 1848 1918 exercil-⁴

31 1937 171 1994 tibus
192 1935 605 2007 Memfim-orem,
629 1935 775 1988 illam
799 1936 1101 1988 discordiam
1122 1937 1402 2006 injicere-nt,
1419 1939 1637 1989 orabat:
1669 1937 1845 1989 donec

31 2008 311 2073 fatisceret
347 2007 564 2073 seditio,
597 2004 670 2073 et,
705 2017 950 2060 extremo
975 2007 1096 2077 jam
1134 2007 1239 2072 die,
1269 2025 1364 2058 sua
1392 2008 1621 2077 quisque
1647 2007 1705 2058 iri
1728 2018 1844 2060 ten-

79 2129 333 2182 -Aponianuafl
383 2133 445 2170 Sic
489 2108 617 2170 Rhen.
670 2111 746 2169 Ast
795 2133 903 2171 codd.
975 2132 1291 2181 aspernabantur.
1348 2133 1450 2170 Nam
1487 2136 1528 2170 et
1565 2132 1750 2182 praecedit
1784 2132 1858 2169 hoc

31 2187 135 2225 Flos.
153 2186 254 2224 Bud.
272 2186 366 2234 Agr.
384 2189 426 2225 et
443 2186 528 2224 edd.
550 2190 646 2222 vett.
663 2188 910 2235 Apontanus.
973 2190 1128 2233 tempus
1148 2189 1189 2222 et
1205 2186 1397 2233 sequitur.
1450 2188 1558 2224 ERN.

86 2239 148 2276 Et
177 2245 224 2276 ut
256 2241 502 2288 proditionis
522 2240 600 2288 ira]
641 2240 807 2276 Videtur
842 2252 916 2277 vox

31 2293 168 2333 abesse
191 2292 500 2342 legendumque:
524 2294 759 2342 proditionis*
782 2299 915 2331 aucto-

30 2359 126 2392 rem,
156 2346 237 2393 vel,
262 2353 519 2394 compertum:
537 2347 623 2387 ,nisi
650 2351 783 2383 tamen
810 2359 914 2394 com-

31 2401 176 2448 pendio
201 2400 294 2444 fuit,
322 2406 359 2436 et
387 2406 433 2436 ut
459 2400 691 2448 proditione,
719 2401 780 2437 ira
807 2403 914 2438 mili-

32 2460 140 2494 tum.-
169 2453 209 2490 id
236 2457 312 2498 est,
338 2455 381 2489 ut
409 2453 452 2489 in
478 2453 714 2501 proditione,
739 2455 851 2501 quasi
867 2465 915 2490 ea

33 2510 147 2544 esset.
202 2508 314 2544 ers.
369 2507 439 2543 Ira
451 2513 498 2543 ut
509 2508 743 2555 proditionis
760 2513 820 2543 est
839 2508 912 2554 ira,

34 2561 147 2607 quasi
175 2559 226 2596 ob
253 2559 535 2608 proditionem:
565 2563 612 2596 ut
641 2561 752 2597 Livio
779 2566 820 2606 4,
848 2566 913 2598 50.

35 2618 77 2657 5,
94 2618 161 2650 33.
195 2614 259 2649 ira
276 2613 512 2662 quaestionis,
529 2615 592 2650 ira
611 2620 799 2663 corruptoe
816 2627 914 2651 mco-

34 2667 106 2710 ris,
140 2668 181 2702 et
221 2665 376 2703 similia.
441 2667 511 2706 Ira
544 2667 732 2711 militum,
774 2672 819 2703 ut
852 2671 915 2704 ira

30 2719 176 2756 Deum.
203 2719 295 2755 Jam
323 2719 495 2756 militum
518 2721 583 2756 ira
605 2721 840 2767 proditionis
857 2720 915 2757 di-

32 2778 155 2818 ctum,
167 2775 214 2809 ut
227 2772 405 2809 Ciceroni
418 2772 466 2808 de
483 2772 533 2809 N.
546 2773 597 2811 D.
615 2778 654 2816 2,
668 2776 733 2810 63.
764 2775 914 2810 Canum

32 2827 209 2868 adulatio
244 2826 495 2862 dominorum.
540 2827 603 2862 Ita
636 2827 791 2863 videtur
819 2828 913 2863 satis

31 2880 208 2916 excusari
253 2879 429 2915 omnium
472 2878 660 2916 librorum
705 2880 912 2927 scriptura.

32 2934 170 2970 Giton.
212 2933 347 2971 Recte.
389 2933 579 2978 Faernus,
598 2933 780 2978 Freinsh.
799 2933 912 2973 Acid.

30 2986 246 3030 malebant.
265 2993 368 3023 metu
381 2987 627 3034 proditionis.
666 2987 775 3024 ERN.
818 2987 912 3035 Bip.

26 3041 259 3089 proditionis
273 3040 354 3082 scil.
373 3040 546 3077 nomine.

82 3092 276 3143 Aponius]
307 3094 369 3132 Sic
397 3093 508 3131 MSS.
532 3097 572 3129 et
590 3094 676 3130 edd.
704 3096 802 3130 vett.
819 3097 912 3131 ante

30 3146 158 3183 Rhen.
187 3158 334 3183 omnes.
359 3150 494 3194 estque
521 3149 702 3196 Aponius
730 3148 912 3184 Saturni-

32 3211 119 3244 nus,
138 3201 184 3236 de
203 3211 280 3248 quo
296 3212 330 3238 c.
349 3206 388 3239 9.
415 3200 523 3237 Male
541 3201 686 3237 delevit
696 3201 911 3238 Rhenanus

36 3251 150 3299 (duce
166 3252 308 3302 Bud.):
339 3253 439 3290 male
461 3254 693 3302 Aponianus
708 3254 831 3290 edidit
849 3255 913 3291 Pi-

32 3305 234 3352 chena‚‚de
250 3307 374 3344 Dillio
390 3307 625 3356 intelligens.
669 3307 779 3344 Bene
798 3309 912 3351 resti-

33 3358 114 3394 tuit
131 3359 319 3406 RyckiuS.
376 3360 470 3397 Mox
487 3373 650 3410 namque
672 3361 782 3399 MSS.
804 3362 909 3399 Flor.

39 3409 175 3460 (Bud.)
208 3413 340 3460 Guelf.
368 3413 454 3450 edd.
484 3426 544 3462 pr.
579 3416 669 3450 Put.
701 3415 792 3453 Ber.
821 3415 909 3452 Alc.

35 3465 162 3507 Rben.
180 3475 245 3511 pr.
264 3470 338 3503 etc.
355 3468 532 3514 restituit
547 3468 585 3503 J.
603 3468 773 3506 Gronov.
802 3464 909 3505 Eam.

89 3518 373 3571 Asper-uantur]
429 3520 685 3567 §exibendum
756 3522 912 3566 videtur

987 2267 990 2269 Α
1011 2267 1014 2273 .
1031 2240 1106 2276 Ubi
1125 2239 1357 2288 crudescere]
1379 2241 1442 2277 Sic
1460 2251 1533 2277 scr.
1552 2243 1593 2275 et
1612 2239 1697 2277 edd.
1718 2251 1854 2277 omnes

969 2296 1112 2340 praeter
1128 2294 1150 2329 -J
1159 2321 1167 2330 .
1181 2294 1245 2330 Fr.
1258 2294 1462 2338 Gronovii,
1474 2294 1516 2331 in
1530 2305 1607 2342 qua
1619 2294 1855 2338 candescere,

968 2347 1066 2383 vitio
1079 2358 1299 2395 operarum.
1309 2359 1399 2384 mox
1412 2360 1459 2384 ac
1464 2348 1618 2396 probris
1627 2347 1710 2385 MS.
1722 2347 1856 2384 Guelf.

969 2400 1056 2437 edd.
1083 2404 1177 2437 ante
1204 2401 1331 2437 Rhen.
1359 2413 1507 2439 omneS.
1539 2402 1650 2440 ERN.
1684 2401 1814 2439 Rhen.
1832 2412 1854 2439 e

967 2454 1072 2490 Bud.
1092 2460 1129 2491 et.
1141 2455 1307 2502 probri-5.

1021 2507 1167 2556 Sensit]
1190 2508 1292 2544 Bud.
1310 2507 1450 2545 Sentit.

1020 2561 1169 2609 Aliquo
1189 2562 1360 2597 militari
1378 2562 1508 2598 decore
1523 2560 1733 2610 insignem]
1766 2561 1853 2598 Vox

970 2613 1149 2651 decore-e
1178 2614 1281 2651 Flor.
1310 2614 1416 2650 edita
1446 2626 1516 2662 per
1542 2615 1752 2651 Pichenam
1781 2627 1854 2662 pro

968 2667 1119 2704 honore.
1149 2668 1356 2704 Consentit
1375 2666 1510 2716 (Bud.)
1528 2667 1659 2704 Guelf.
1673 2668 1759 2707 edd.
1776 2670 1853 2704 Pu-

966 2720 1061 2757 teol.
1088 2721 1181 2756 Ber.
1211 2721 1297 2756 Alc.
1322 2720 1448 2758 Rhea.
1477 2733 1560 2769 sqq.
1586 2721 1742 2758 Honore
1771 2722 1854 2769 pri-

968 2785 1076 2810 mum
1105 2774 1315 2821 Spirensis,
1335 2772 1407 2823 (sic
1426 2777 1467 2810 et
1482 2772 1592 2823 Agr.)
1614 2778 1704 2822 post
1721 2775 1852 2811 nescio

968 2828 1055 2874 quis
1074 2826 1217 2863 iterum
1236 2827 1373 2872 edidit,
1391 2827 1495 2863 unde
1524 2829 1679 2875 Lipsius
1697 2829 1851 2866 sumsit.

967 2881 1100 2917 Dec-us
1135 2880 1320 2928 intelligit
1354 2881 1507 2918 facinus
1546 2881 1775 2929 praeclarum
1810 2886 1859 2919 et<

968 2935 1170 2980 praemium
1190 2934 1240 2970 ob
1258 2935 1423 2971 facinus.
1468 2935 1579 2972 ERN.

1021 2988 1080 3024 Et
1099 2988 1280 3025 bellorum
1299 2987 1422 3037 Deos]
1457 2989 1558 3025 Mihi
1580 2987 1745 3026 verbum
1773 2988 1851 3026 bel-

966 3040 1091 3078 lorum
1119 3046 1343 3088 suspectum
1372 3045 1446 3086 est,
1464 3046 1505 3079 et
1523 3053 1547 3078 a
1563 3043 1692 3090 glossa
1709 3046 1850 3080 natum

966 3094 1135 3145 videtur.
1183 3095 1285 3131 Satis
1320 3098 1380 3131 est
1415 3096 1523 3132 Deo-s·
1557 3097 1690 3134 orabat
1710 3110 1722 3132 .·
1769 3108 1856 3137 non.

966 3159 1064 3194 opus
1091 3149 1231 3184 addere
1260 3149 1456 3201 bellorum,
1475 3161 1547 3185 nec
1573 3150 1628 3186 sic
1656 3150 1788 3188 Latini
1807 3151 1849 3187 in

965 3201 1037 3237 tali
1056 3213 1096 3237 re
1114 3213 1238 3249 genus
1255 3202 1427 3239 Deorum
1455 3203 1682 3250 exprimunt
1698 3217 1706 3239 ι
1737 3204 1848 3241 deni-

966 3266 1056 3302 que,
1092 3255 1125 3290 si
1158 3259 1292 3292 tamen
1325 3256 1365 3291 id
1398 3256 1636 3294 attributum
1672 3269 1848 3294 necessa-

965 3309 1067 3345 rium
1086 3308 1200 3354 foret,
1217 3309 1505 3358 intelligeretur
1522 3322 1590 3358 per
1607 3323 1663 3349 se.
1709 3312 1817 3348 ERN.

1018 3363 1102 3399 Sua
1126 3365 1284 3412 quisque
1305 3365 1349 3399 in
1373 3365 1539 3401 tentoria
1566 3363 1842 3412 dilaberentur]

965 3415 1028 3452 Sic
1044 3427 1066 3452 e
1084 3416 1185 3452 Flor.
1214 3416 1334 3452 edidit
1362 3416 1545 3464 Pichena,
1563 3430 1634 3466 pro
1663 3417 1845 3455 dilabere-

964 3474 1043 3506 tur.
1101 3470 1307 3506 Consentit
1325 3469 1385 3506 ed.
1414 3481 1473 3518 pr.
1523 3472 1629 3509 ERN.
1678 3470 1777 3506 Bud.
1798 3472 1852 3507 ut.

964 3522 1082 3570 vulgo
1101 3523 1343 3561 dilaberetur.
