2190 3880
749 136 1192 188 ADDENDA.

131 280 176 331 1,
201 272 280 334 69.
316 274 564 321 inmodicus
589 272 775 318 soevitia.
825 269 937 334 (Sed

130 349 178 385 et
199 341 316 402 Agr.
337 343 418 386 40.
446 340 569 384 cultu
592 335 831 394 modicus).

63 419 107 452 c.
131 410 211 452 32.
251 405 444 450 deari
476 408 614 456 metu,
640 402 771 447 modo
806 403 931 462 cupi-

133 470 236 515 dine
279 471 390 526 etc.]
434 466 591 534 Facile
625 465 746 511 elabi
779 467 933 528 potuit

131 533 327 580 alterum
359 534 510 587 modo,
535 533 573 577 si
603 532 818 577 credatur
838 531 934 576 Ta-

127 599 250 645 citus
272 599 341 644 ita
363 598 610 660 scripsisse,
638 599 812 643 tardari
845 612 935 641 me-

135 669 188 709 tu
223 665 373 717 modo,
406 663 539 708 modo
573 664 792 722 cupidine.
860 661 936 707 Sic

128 735 181 774 et
213 743 351 791 supra
382 728 509 790 prius
543 729 761 771 omissum
785 731 833 780 4,
859 732 936 773 50.

133 801 182 839 et
227 791 347 856 apud
381 791 484 837 Liv.
520 791 600 844 26,
642 798 713 836 15.
759 791 936 837 Victor.

136 857 250 905 Caes.
283 862 366 912 42,
391 863 470 903 20.
506 858 617 902 item
646 858 794 917 primo
831 865 937 901 ante

136 937 240 985 mox
281 928 324 976 1,
361 921 441 978 67.
485 932 534 968 et
578 930 686 966 ante
722 923 822 967 dein
861 928 936 975 12,

126 986 215 1034 64·
246 993 322 1041 13,
346 986 424 1033 56.

205 1051 419 1097 Instituta
465 1051 521 1097 P.
566 1048 773 1112 resumit]
814 1050 939 1112 Lege

136 1118 287 1171 sumit,
314 1124 367 1161 ut
389 1116 511 1179 apud
536 1115 756 1161 Senecam
782 1116 837 1160 de
872 1118 941 1161 ira

136 1187 186 1235 3,
222 1187 266 1228 8.
312 1179 498 1226 Livium
529 1186 579 1236 3,
615 1180 691 1227 68.
743 1179 861 1226 Vide
894 1192 940 1225 et

140 1245 199 1291 ad
228 1251 303 1299 14,
326 1249 406 1293 44.

71 1325 118 1358 c.
140 1316 219 1358 33.
264 1311 452 1371 Datque
474 1310 750 1356 Parthorum
769 1313 941 1373 copias,

139 1377 284 1421 mittit
305 1375 415 1436 etc]
452 1375 608 1420 Acuta
629 1384 700 1421 est
726 1374 943 1422 Ernestia

137 1437 420 1502 conjectura„
465 1439 643 1485 Forsan
674 1440 767 1501 legi
788 1447 944 1504 posset

141 1506 203 1556 ad
226 1504 587 1566 Parthorumque
609 1507 760 1566 copias
781 1509 940 1560 mittit,

134 1569 354 1631 qui—vel
377 1571 460 1616 dat
474 1571 534 1616 P.
553 1573 703 1632 copias
714 1573 944 1632 mittitque

141 1650 233 1697 qui.

205 1700 420 1762 Accipere
463 1700 720 1759 Sarmatas]
758 1699 943 1762 Legen-

139 1763 252 1810 dum
283 1780 380 1810 esse
417 1767 578 1820 accire,
603 1765 780 1812 dubito.
826 1768 944 1812 acci-

142 1844 248 1892 pere
279 1830 329 1875 in
362 1829 585 1876 auxilium
611 1831 677 1880 sic
699 1832 841 1877 etiam
863 1845 943 1878 oc-

134 1895 301 1950 currit,
325 1900 374 1951 2,
397 1898 477 1941 40,
514 1894 629 1941 adde
653 1911 755 1958 quae
780 1896 839 1942 ad
865 1902 943 1952 12,

72 2037 120 2070 c.
153 1993 233 2072 3⁶4.
278 2023 563 2087 Disserebat]
614 2024 756 2073 Bene.
790 2025 946 2087 Signi-

143 2087 252 2134 ficat
305 2087 566 2145 dictitabat,
606 2105 946 2138 commemora-

143 2153 242 2207 bat,
290 2161 344 2198 ut
392 2161 436 2209 1,
469 2158 516 2203 4.
562 2155 762 2202 Consule
805 2157 949 2203 etiam

144 2233 254 2264 mox
278 2217 338 2263 ad
353 2233 400 2264 c.
425 2222 505 2277 49.

75 2296 122 2328 c.
145 2289 224 2330 35.
257 2284 433 2330 Frontis
465 2290 510 2329 et
543 2288 657 2347 tergi
688 2289 821 2345 vices]
855 2285 947 2332 Le-

143 2347 346 2409 gendum
367 2348 510 2394 videri
534 2358 688 2413 posset
710 2367 795 2413 per
806 2351 879 2414 fr.
903 2359 948 2398 et

146 2419 178 2460 t.
201 2415 333 2467 vices,
355 2414 406 2459 ni
428 2415 581 2476 potius
600 2431 712 2462 cum
734 2416 947 2463 Acidalio

145 2476 510 2524 subaudiendum
530 2489 648 2527 esset
671 2484 778 2544 ipsis
792 2489 947 2529 essent.

146 2542 252 2588 talis
275 2541 446 2605 ellipsis
469 2545 678 2609 exempla
707 2548 948 2610 asperioris

142 2615 311 2653 extant
333 2607 455 2670 apud
475 2608 706 2658 Tacitum.
747 2612 863 2658 Vide
888 2612 947 2658 ad

148 2679 196 2726 1,
236 2671 318 2718 64.
355 2678 404 2727 2,
443 2680 516 2720 15.
574 2675 640 2724 Η.
683 2684 726 2731 1,
763 2683 847 2737 se.¹
897 2684 945 2734 2,

150 2743 224 2795 19.
268 2744 315 2782 et
338 2752 449 2783 mox
472 2738 531 2784 ad
547 2755 592 2788 e.
614 2747 695 2788 43.

71 2816 119 2847 c.
148 2799 228 2850 36.
281 2802 396 2852 Tota
418 2804 534 2854 mole
554 2809 699 2868 regni]
744 2807 819 2855 Ita
841 2806 951 2854 Flo-

157 3603 292 3639 vol..
324 3605 392 3642 11.
422 3606 476 3642 Ρ.
506 3604 551 3641 1·
620 3645 621 3648 ,

1785 142 1876 190 xiii

1055 284 1131 315 rus
1155 276 1203 324 3,
1230 275 1278 323 5,
1310 274 1383 316 14.

988 349 1029 382 c.
1052 339 1133 379 43.
1185 336 1405 396 oppressa
1440 341 1585 381 cunct.
1612 336 1858 397 dubitatio]

1055 398 1258 444 Subaudi
1304 406 1415 446 erat.
1462 400 1506 444 id
1553 400 1708 446 Taciti
1754 402 1862 447 stilo

1053 472 1343 510 consuetum.
1388 464 1506 509 Vide
1539 480 1580 510 c.
1608 472 1686 512 35.
1720 475 1766 512 et
1794 466 1860 512 HV.

1056 535 1103 583 2,
1138 535 1208 584 17.

989 608 1030 640 c.
1054 598 1131 641 45.
1163 595 1434 640 Inmittendo
1458 598 1625 652 amore]
1661 595 1736 639 Sic
1761 595 1860 640 haec

1048 657 1306 720 jungenda.
1374 658 1492 705 Vide
1548 660 1770 706 Senecam
1814 662 1864 705 in

1059 723 1201 770 Herc.
1226 725 1385 770 OEtaeo
1409 730 1519 770 554.

989 803 1032 834 c.
1067 789 1146 835 46.
1200 790 1471 852 inpatientia
1502 791 1859 852 firmitudinem]

1059 855 1087 899 i.
1112 870 1151 901 e.
1175 855 1411 908 simulans,
1438 871 1484 899 se
1520 855 1791 902 obduruisse
1819 858 1865 901 in

1056 921 1299 980 patientia,
1335 929 1383 964 ut
1424 921 1519 966 Cic.
1554 922 1604 964 in
1642 920 1771 967 Verr.
1813 929 1861 974 5,

1066 991 1136 1030 13.
1184 984 1309 1030 Idem
1346 1001 1430 1046 pro
1453 984 1604 1030 Balbo
1628 1000 1668 1032 c.
1692 990 1769 1042 27.
1817 989 1865 1031 in

1058 1054 1277 1096 sententia
1285 1052 1527 1113 firmiores.

994 1127 1035 1159 c.
1059 1118 1138 1160 23.
1175 1115 1231 1161 Id
1251 1117 1431 1176 quidem
1455 1131 1483 1160 a
1511 1115 1779 1171 laetantibus]
1816 1113 1865 1158 Si

1061 1178 1209 1224 deleas
1244 1197 1289 1234 a,
1315 1180 1558 1224 dicendum
1593 1187 1692 1225 erat
1722 1182 1865 1224 omni-

1061 1244 1140 1289 bus
1179 1246 1443 1291 laetantibus.
1490 1245 1667 1289 Forsan
1708 1244 1865 1304 legen-

1060 1307 1171 1354 dum
1195 1317 1239 1356 et
1257 1312 1433 1371 quidem
1452 1310 1519 1355 vel
1539 1312 1671 1370 idque
1688 1311 1866 1370 quidem

1064 1390 1093 1418 a
1117 1375 1204 1422 laet.
1245 1375 1332 1420 Sed
1359 1377 1407 1420 id
1430 1381 1623 1429 tantum,
1649 1377 1699 1420 id
1723 1377 1868 1435 ipsum

1063 1441 1262 1486 occurrit
1286 1441 1428 1486 etiam
1456 1446 1531 1493 14,
1551 1440 1595 1486 6.
1631 1438 1696 1486 Η.
1721 1446 1769 1493 3,
1788 1439 1866 1486 63.

1065 1505 1183 1565 apud
1208 1506 1305 1552 Cic.
1334 1505 1388 1550 de
1413 1504 1570 1551 Divin.
1602 1512 1643 1558 l,
1674 1504 1747 1550 16.
1782 1519 1867 1566 pro

1061 1567 1276 1616 Cluentio
1300 1578 1345 1617 5.
1382 1570 1456 1617 Cf.
1483 1570 1539 1614 ad
1573 1570 1644 1623 16,
1671 1576 1749 1615 20.

993 1647 1037 1679 c.
1060 1638 1139 1691 49.
1182 1637 1336 1682 Genua
1360 1635 1692 1695 advolveretur]
1721 1634 1797 1680 Sic
1820 1641 1869 1679 et

1067 1706 1111 1754 1,
1141 1707 1215 1747 13.
1262 1708 1337 1755 15,
1363 1703 1442 1755 71.
1485 1699 1550 1747 H.
1574 1706 1624 1753 4,
1652 1706 1728 1746 81.

1125 1766 1228 1812 Diu
1259 1765 1429 1827 ferret]
1476 1765 1638 1810 Potius
1687 1766 1870 1811 dissere-

1061 1836 1147 1886 ret,
1173 1839 1225 1876 ut
1248 1836 1298 1886 4,
1325 1838 1403 1878 50.
1439 1837 1487 1885 5,
1511 1836 1558 1877 4.
1600 1835 1676 1884 12,
1702 1836 1747 1875 2.
1790 1835 1867 1884 14,

998 1977 1044 2010 c.
1068 1968 1147 2007 51.
1188 1958 1458 2022 Transierit]
1497 1959 1574 2006 Sic
1599 1975 1871 2021 quamquam

1063 2041 1172 2072 cum
1204 2023 1495 2088 subjunctivo
1537 2034 1578 2079 1,
1607 2030 1685 2071 24.
1718 2030 1766 2079 4,
1793 2030 1871 2073 24.

1068 2092 1165 2137 Cic.
1190 2091 1323 2137 Fam.
1349 2106 1420 2152 ep.
1443 2095 1493 2145 4,
1525 2095 1597 2136 14.
1628 2097 1702 2144 13,
1728 2090 1806 2137 68.

1139 2157 1358 2217 Tempora
1402 2156 1476 2201 illi
1532 2158 1707 2201 diversa
1762 2159 1871 2214 etc]

1068 2222 1327 2285 improprie
1351 2220 1406 2266 de
1433 2227 1645 2282 tempore,-
1673 2221 1762 2274 die,
1787 2236 1871 2267 an-

1065 2303 1142 2341 no,
1163 2292 1317 2333 aestate
1332 2285 1424 2331 dici
1457 2285 1623 2340 solent,
1643 2302 1742 2348 quae
1759 2299 1871 2332 con-

1067 2353 1257 2398 veniunt
1300 2351 1564 2396 hominibus
1613 2351 1758 2413 ipsis,
1790 2360 1872 2396 aut

1064 2419 1200 2463 rebus
1237 2424 1349 2462 tunc
1385 2417 1779 2477 contingentibuS,
1821 2424 1874 2461 ut

1073 2490 1115 2537 1,
1153 2488 1230 2528 28.
1276 2487 1325 2536 2,
1358 2482 1437 2530 40.
1477 2488 1525 2536 3,
1560 2486 1607 2527 4.
1653 2481 1751 2528 Cic.
1786 2497 1871 2544 pro

1066 2546 1262 2609 Ligario
1304 2561 1346 2593 c.
1394 2553 1440 2594 2.
1507 2545 1686 2592 Durior
1730 2548 1872 2592 etiam

1064 2613 1164 2658 haec
1187 2611 1362 2657 locutio
1386 2612 1431 2658 h.
1456 2610 1486 2656 l.
1511 2611 1632 2656 unde
1656 2611 1869 2658 Pichenae

1066 2676 1327 2723 emendatio
1382 2676 1496 2721 mihi
1552 2675 1769 2739 placeret,
1821 2677 1872 2722 ni

1068 2755 1285 2788 constans
1318 2748 1435 2787 esset
1469 2742 1697 2804 scriptura
1729 2741 1872 2788 libro,

1069 2823 1186 2854 rum.
1211 2806 1343 2870 plura
1367 2806 1424 2852 ad
1447 2805 1477 2852 J
1480 2807 1616 2854 nstin.
1639 2812 1719 2863 23,
1743 2812 1790 2855 4.
