2190 3880
657 139 934 191 mli-111.—
987 141 1151 192 c-AP.
1182 146 1264 195 3‘7.
1318 181 1320 183 μ
1815 149 1910 206 198

19 272 28 283 ’·
97 273 156 318 et
200 273 563 328 marcentem,
601 263 1081 334 proditio-Lucilii
1127 263 1303 329 Bassi,
1340 281 1404 316 ac
1446 264 1683 318 defectio
1721 267 1905 322 classis
1921 287 2042 329 ΑΛ),

100 335 438 389 Ravennatis
478 333 726 404 perculit.
802 334 921 387 Nec
965 334 1139 388 multo
1166 344 1292 404 post
1315 334 1385 387 de
1415 334 1640 387 Caecina
1665 337 1906 392 adfertur
1935 343 2027 380 823·

96 404 303 459 mixtus
330 405 538 477 gaudio
559 404 743 457 dolor:
781 415 841 456 et
862 405 1171 475 descivisse,
1192 414 1248 456 et
1271 405 1339 456 ab
1366 405 1611 457 exercitu
1640 407 1903 462 vinctum.
1921 396 2044 435 ²³⁸⁶·

94 475 216 546 plus
248 476 414 546 apud
462 475 1033 528 socordemssanimum
1076 475 1288 539 laetitia,
1327 493 1491 543 quam
1535 493 1667 528 cura
1715 478 1902 532 valuit.
1947 454 2012 493 ω’

93 545 267 597 multa
290 562 417 598 cum
448 545 820 598 ,exsultatione
847 545 902 597 in
942 546 1130 607 urbem
1160 557 1426 610 revectuS,
1461 545 1732 615 frequenti
1771 565 1903 600 con-

94 615 272 679 cione,
310 616 552 696 pietatem
595 614 816 668 militum
876 615 1128 667 laudibus
1179 616 1444 668 cumulat.
1515 615 1588 668 P.
1630 615 1902 682 Sabinum,

95 685 348 738 Proetomi
370 684 698 758 Praefictum,
718 685 776 736 ob
803 685 1082 737 amic-itiam
1117 685 1340 748 Caecinae,
1366 685 1554 738 vinciri
1569 686 1752 756 jubet,
1772 688 1900 740 sub-

91 757 288 808 stituto
311 756 366 808 in
393 756 570 808 locum
600 756 718 824 ejus
744 754 998 824 Alpheno
1026 755 1190 806 Varo.
1266 755 1410 808 Mox
1440 757 1720 821 Senatum,
1746 776 1896 810 com·
1913 771 1980 825 37

87 827 272 896 posita
295 827 351 878 in
379 825 842 896 magnificentiam
871 824 1455 891 oratione‚adlocutuS,
1478 827 1768 896 exquisitis
1791 828 1899 890 Pa-

89 907 233 948 trum
263 895 665 948 adulationibus
692 895 987 947 adtollitur.
1046 895 1276 948 Initium
1305 897 1503 949 atrocis
1527 898 1583 950 in
1613 898 1899 952 Caecinarn

88 966 372 1019 sententiae
401 983 434 1017 a
460 965 522 1017 L.
550 965 772 1018 Vitellio
799 965 1024 1018 factum.
1062 965 1188 1018 dein
1214 967 1400 1030 ceteri,
1422 969 1729 1038 composita
1755 969 1897 1021 indi-

87 1035 531 1107 gnationesquod
559 1034 752 1088 Consul
776 1034 1186 1104 Remqmblicam,
1213 1036 1343 1089 Dux·
1367 1037 1749 1106 Imperatorem,
1776 1047 1895 1091 tan-

87 1107 156 1159 tis
178 1107 375 1176 opibus,
403 1114 479 1158 tot
515 1105 790 1158 honoribus
814 1105 1116 1169 cumulatus,
1142 1105 1360 1159 amicum
1390 1105 1718 1175 prodidisset,
1746 1109 1894 1163 velut

128 1195 187 1230 ro
214 1176 431 1228 Vitellio
457 1187 867 1246 conquerentes,
889 1194 1046 1228 suum
1066 1176 1306 1228 dolorem
1331 1177 1699 1247 proferebant.
1753 1179 1807 1230 N
1815 1181 1895 1231 ul-

7 1292 14 1302 Ι
108 1265 140 1299 a
172 1248 226 1301 in
263 1247 509 1300 oratione
551 1247 874 1317 cujusquam
906 1263 1038 1316 erga
1077 1245 1363 1300 Flavianos
1399 1246 1583 1300 Duces
1619 1250 1893 1301 obtrecta-

83 1318 182 1370 tio.
227 1326 444 1370 errorem
465 1317 966 1387 ·-inprudentiamque
1006 1316 1314 1369 exercituum
1350 1317 1649 1388 culpantes,
1684 1319 1911 1389 Vespa-,

84 1388 222 1440 siani
263 1404 462 1441 nomen
509 1388 854 1458 suspensiet
882 1387 1166 1440 vitabundi
1191 1388 1573 1440 circumibant.
1649 1389 1769 1441 Nec
1796 1391 1890 1442 de·

80 1458 206 1523 fuit,
232 1459 326 1528 qui
350 1474 516 1510 unum
547 1457 875 1510 Consulatus
901 1458 1044 1509 diem
1072 1458 1141 1524 (is
1178 1458 1323 1510 enim
1352 1458 1407 1509 in
1435 1459 1616 1511 locum
1646 1458 1888 1512 Caecinae

82 1545 143 1581 su
186 1531 383 1593 eret-at)
433 1545 634 1599 magno
686 1546 810 1580 cum
867 1528 1036 1580 inrisu
1089 1528 1378 1580 tribuentis
1441 1530 1888 1599 accipientisque,

80 1600 150 1651 eb
172 1597 467 1651 audiretur.
506 1598 680 1670 pridie
710 1598 833 1650 Kal.
873 1598 1202 1651 Novembris
1231 1598 1431 1651 Rosius
1470 1598 1715 1669 Regulus
1743 1601 1888 1664 iniit,

14 1736 20 1741 ἱ
78 1669 439 1741 ejuravitque.
511 1668 870 1721 Adnotabant
905 1668 1084 1739 periti,
1109 1686 1387 1740 numquam
1412 1678 1581 1735 antea,
1608 1689 1709 1722 non
1734 1670 1888 1724 abro-

1010 1800 1101 1836 dine
1119 1811 1194 1838 scr.
1209 1803 1250 1838 et
1267 1801 1352 1838 edd.
1369 1805 1462 1839 ante
1479 1802 1607 1839 Rhen.
1624 1813 1759 1839 omnes
1779 1803 1889 1840 exhi-

74 1801 143 1840 vix
171 1803 264 1839 ante
289 1800 484 1848 dubitavi,
520 1801 563 1838 in
596 1805 712 1839 tanta
742 1800 956 1846 evidentia,

1012 1853 1106 1891 bent
1141 1853 1284 1891 verba:
1329 1855 1408 1892 nisi
1436 1855 1539 1903 quod
1567 1855 1670 1893 Flor.
1695 1857 1890 1894 tradentis

74 1855 282 1904 corrigere.
337 1856 372 1893 E
399 1855 582 1893 Broterio
605 1858 696 1902 post
725 1854 858 1901 didici,
872 1854 957 1892 MS.

75 1909 175 1958 Reg.
201 1907 347 1945 habere
370 1910 541 1958 percutit
555 1922 567 1944 .·
601 1908 718 1948 Quod
745 1907 877 1944 firmat
892 1919 956 1944 ra-

74 1963 225 2000 tionem
250 1964 440 2006 nostram,
457 1964 499 1998 et
523 1961 650 1998 lenior
673 1962 862 1998 correctio
880 1966 955 2006 est,

74 2026 163 2063 quoe
178 2019 220 2052 et
248 2015 430 2064 sequenti
447 2013 611 2063 affertur
634 2016 775 2052 melius
792 2021 955 2052 consen-

74 2069 148 2106 tit:
178 2068 220 2106 id
235 2068 332 2106 adeo
347 2068 491 2117 recepi.
519 2069 626 2105 ERN.
656 2069 749 2116 Bip.
768 2067 867 2104 bene
884 2079 955 2104 no-

73 2124 178 2168 tant,
194 2122 358 2160 omnino
371 2122 548 2158 homines
568 2132 726 2170 pavore,
743 2125 868 2166 metu,
886 2121 954 2157 do-

5 2192 11 2196 ·
73 2175 170 2221 lore,
189 2175 343 2212 nuntiis
370 2179 444 2212 etc.
470 2175 644 2224 percelli.
699 2175 761 2211 Sic
782 2175 865 2222 ipse
883 2185 954 2210 no-

72 2233 157 2266 ster
180 2228 232 2266 A.
252 2234 291 2275 1,
321 2233 390 2265 28.
415 2231 484 2274 42.
522 2227 656 2264 Nolim
684 2239 777 2276 ergo
798 2239 824 2263 a
841 2228 951 2275 vulg.

71 2281 265 2321 recedere.
291 2282 640 2330 restituiperculit.
669 2293 741 2329 pro
758 2292 836 2329 quo
847 2281 952 2318 Bud.

64 2335 369 2385 pertulitafflrn.
388 2338 590 2383 receperat
602 2335 786 2384 percutit.

115 2388 168 2426 P.
181 2388 372 2427 Sabinum
384 2389 571 2426 Praetorii
583 2384 837 2437 Proesectum]
858 2386 948 2424 vid.

71 2441 179 2490 Lips.
196 2442 247 2478 ad
265 2447 306 2487 2,
325 2447 391 2481 92.
417 2442 525 2479 Eun.

123 2497 252 2533 Suum
265 2495 430 2533 dolorem
437 2491 699 2544 proferebant]
723 2493 762 2530 h.
779 2504 813 2530 e.
831 2504 947 2541 quem

70 2559 120 2586 ex
139 2548 295 2595 injuriis
314 2549 476 2586 caecinae
497 2547 683 2595 privatim
713 2546 947 2594 publiceque

70 2604 270 2650 ceperant.
313 2602 419 2638 Eum
447 2612 539 2637 cum
567 2601 665 2637 alias
696 2600 946 2648 pressissent,

69 2665 193 2700 nuno,
217 2653 292 2692 sub
321 2654 392 2691 illa
423 2654 567 2702 specie,
598 2651 779 2689 edebant.
818 2652 948 2700 Igitur

67 2708 243 2756 graviter
257 2707 402 2744 invecti
414 2707 456 2743 in
477 2706 692 2743 Caecinam:
726 2716 805 2741 non
822 2705 947 2742 Vitel-

66 2761 132 2806 lii,
147 2761 215 2798 sed
232 2761 314 2798 suis
330 2759 487 2808 injuriis
510 2759 676 2796 incensi.
729 2759 792 2796 Sic
812 2759 947 2796 Livius

70 2819 112 2860 7,
126 2819 193 2852 21.
211 2825 317 2852 σανα
332 2815 499 2863 privata?
511 2814 555 2849 in
575 2812 848 2850 certaminibus
869 2824 946 2860 pu·

67 2865 183 2905 uicis
200 2866 446 2917 erumpebamt
460 2880 472 2902 .-
505 2865 608 2914 quod
636 2866 802 2902 fortasse
828 2864 866 2902 T
867 2866 947 2902 aci-

67 2922 135 2958 tus
154 2921 334 2957 imitatus
351 2922 423 2956 est.
466 2920 574 2957 Ean.
602 2919 663 2956 Cf.
681 2919 731 2955 Α.
756 2919 820 2962 15,
842 2923 908 2957 73.

121 2975 167 3012 Ie
182 2975 285 3011 enim
310 2974 352 3010 in
380 2975 506 3010 locum
535 2973 697 3008 Coecs’noe
723 2970 940 3020 supererat]

66 3027 227 3076 Proprie
245 3027 327 3064 dies
348 3025 415 3062 ille
440 3036 519 3062 non
536 3028 740 3073 supererat
758 3026 798 3060 in
818 3024 946 3061 locum

66 3081 245 3125 cecina,
263 3080 330 3116 sed
347 3090 370 3115 e
388 3079 608 3117 Consulatu
624 3079 800 3115 Caecinae.
832 3078 946 3115 Unde

64 3142 236 3183 pronum
251 3133 458 3181 suspicari,
484 3131 606 3169 verba
622 3133 666 3168 in
681 3132 807 3168 locum
827 3129 946 3168 Coeci-

28 3194 35 3199 ·’
65 3182 142 3233 nae',
158 3196 242 3223 esse
259 3186 344 3223 loco
371 3189 493 3232 mota,
512 3189 554 3222 et
570 3188 661 3234 post
678 3185 779 3221 diem
796 3195 944 3231 ponen-

66 3239 130 3286 dt,
143 3239 242 3286 sive,
257 3242 348 3288 post
361 3245 570 3289 supererat.
612 3238 744 3275 Placet
762 3238 945 3275 Mullero.

66 3290 285 3341 Vulgstum
319 3294 393 3330 sic‘
414 3292 686 3342 explicandum
701 3303 710 3326 τ
758 3292 790 3327 is
838 3292 943 3327 enim

66 3345 149 3382 dies
162 3350 367 3395 supererat
378 3346 526 3383 volenti
542 3345 746 3382 succedere
761 3345 801 3380 in
813 3343 942 3382 locum

68 3400 168 3436 Caec.
186 3408 219 3437 s.
233 3399 267 3436 si
283 3400 373 3448 quis
386 3397 634 3437 sufficientius
650 3398 811 3435 Caecinae
828 3398 943 3436 foret.

65 3451 176 3491 Ean.

123 3505 222 3542 Cum
246 3504 369 3542 irrisu
396 3506 606 3543 tribuentis
629 3503 729 3555 aea]
762 3504 851 3544 Hoc
880 3514 942 3542 or·

144 3572 282 3609 vol..
313 3573 383 3609 11.
414 3573 466 3609 P.
496 3574 538 3609 1.

1008 1906 1141 1956 babet.
1168 1908 1384 1945 Rhenanus
1414 1921 1494 1946 acc.
1526 1910 1804 1958 tribuentisque
1826 1913 1887 1946 ta-

1008 1961 1086 1997 cite
1109 1960 1147 2010 (e
1163 1959 1283 2010 Bud.)
1313 1962 1449 2007 edidit,
1477 1962 1581 2009 quod
1604 1973 1738 1998 omnes
1756 1974 1887 1999 serva-

1006 2016 1118 2051 runt.
1175 2014 1280 2051 Illud
1306 2018 1441 2051 autem
1467 2014 1581 2058 bene,
1597 2016 1700 2063 quod
1715 2015 1889 2053 eblandi-

1005 2073 1112 2104 retur
1129 2067 1250 2112 dedit,
1279 2079 1517 2117 quamquam
1542 2070 1769 2115 conjectura
1796 2073 1887 2106 tan-

1005 2123 1108 2165 tum,
1138 2131 1211 2168 pro
1244 2121 1496 2159 blandiretur.
1524 2123 1694 2158 Primam
1729 2122 1884 2160 literam

1006 2172 1202 2221 absorpsit
1217 2174 1347 2211 finalis
1375 2174 1443 2211 vob*
1457 2187 1542 2224 que,
1562 2179 1609 2212 ut
1626 2186 1726 2223 saepe
1753 2176 1793 2211 in
1811 2175 1885 2212 hoc

1005 2229 1046 2262 et
1072 2226 1268 2264 similibus
1296 2226 1440 2264 verbis.
1476 2228 1586 2266 ERN.
1627 2229 1719 2277 Bip.
1738 2239 1760 2264 e
1779 2229 1885 2267 Flor-

1003 2275 1265 2329 tradentisque
1282 2282 1593 2330 accipientisque.
1629 2282 1705 2318 Sed
1724 2282 1800 2318 ista
1815 2294 1885 2329 ge-

1003 2333 1170 2369 minatio
1200 2333 1487 2381 conjunctionis
1519 2335 1581 2371 vix
1610 2339 1745 2372 nostro
1762 2336 1883 2372 estin

1003 2397 1094 2424 usu.
1140 2387 1343 2433 tradentur,
1363 2388 1582 2434 tribuentis,
1608 2389 1769 2436 perinde
1804 2393 1882 2427 est.

1001 2439 1097 2476 Mox
1114 2439 1217 2477 Eud.
1234 2440 1542 2488 imitamur-avit.

1055 2492 1218 2542 Rosius]
1253 2494 1318 2531 Sic
1347 2494 1459 2531 MSS.
1487 2495 1590 2530 Flor.
1618 2493 1720 2531 Bud.
1744 2494 1879 2533 Guelf.

1001 2545 1086 2582 edd.
1107 2558 1166 2594 pr.
1197 2547 1347 2584 Puteol.
1371 2547 1477 2585 unde
1500 2547 1670 2584 restitui.
1725 2548 1880 2584 Primus

999 2599 1216 2636 Beroaldus
1251 2601 1374 2636 edidit
1405 2601 1582 2645 Ros-rius,
1613 2611 1692 2635 non
1719 2612 1739 2635 e
1766 2601 1879 2636 libris

1000 2653 1171 2700 scriptis,
1192 2651 1299 2702 (nam
1319 2653 1387 2689 hos
1405 2653 1527 2689 libros
1539 2665 1616 2689 non
1635 2666 1654 2688 e
1670 2653 1781 2690 MSS.
1798 2654 1880 2699 edi-

999 2705 1073 2754 dit)
1095 2706 1162 2742 sed
1180 2717 1273 2742 casu
1290 2718 1335 2742 ac
1351 2706 1448 2742 vitio
1465 2718 1688 2754 operarum,
1705 2707 1809 2754 quod
1826 2706 1877 2743 ab

998 2759 1156 2795 Alciato
1167 2762 1208 2795 et
1225 2760 1418 2801 Rhenano
1432 2764 1630 2796 servatum
1644 2764 1703 2805 est
1716 2763 1878 2798 temere.

999 2812 1113 2848 Rosii
1149 2815 1190 2847 et
1222 2812 1357 2849 Ros-sii
1389 2818 1601 2849 occurrunt
1635 2813 1677 2848 in
1701 2813 1876 2860 antiquis

997 2865 1286 2902 monumentis:
1317 2866 1383 2901 sed
1411 2865 1502 2902 libri
1521 2866 1719 2908 audiendi.
1772 2867 1876 2915 Illud
1910 2867 1912 2869 ’

996 2924 1130 2954 autem
1147 2917 1288 2954 nollem
1305 2918 1453 2958 facturn
1471 2919 1669 2967 aRyckio,
1684 2923 1731 2956 ut
1749 2930 1770 2955 e
1789 2920 1877 2957 MS.

996 2970 1092 3019 Agr.
1106 2971 1240 3008 ederet
1252 2972 1432 3017 Roscius,
1444 2984 1529 3020 quae
1546 2973 1744 3020 scriptura
1755 2972 1876 3010 libra-

998 3025 1059 3061 rio
1077 3024 1257 3069 debetur,
1277 3025 1338 3060 vel
1365 3037 1508 3067 nomen
1526 3026 1657 3062 minus
1676 3030 1812 3063 notum
1833 3027 1876 3064 in

993 3078 1130 3114 ‘notius
1148 3082 1415 3122 convertente,
1429 3079 1491 3115 vel
1507 3080 1875 3127 pronunciationem

997 3142 1076 3166 suae
1095 3131 1222 3167 aetatis
1252 3136 1453 3178 sequente,
1471 3136 1518 3168 ut
1535 3133 1576 3168 in
1602 3145 1763 3178 ‚sca-vus,
1782 3144 1876 3179 soce-5

996 3184 1092 3228 vire,
1106 3187 1146 3220 et
1162 3184 1250 3220 aliis
1264 3184 1333 3225 alii
1346 3196 1420 3232 pro,
1431 3195 1570 3230 servus,
1584 3186 1731 3222 soevire.
1751 3187 1875 3223 Glan-

995 3237 1155 3284 dorpius
1173 3237 1308 3273 laudat
1326 3238 1393 3274 ille
1412 3238 1569 3285 quidem
1597 3239 1687 3275 hinc
1706 3239 1875 3276 Roscius

996 3291 1190 3338 Regulus,
1209 3291 1276 3327 sed
1294 3302 1373 3327 non
1390 3302 1412 3326 e
1431 3291 1557 3338 libris,
1577 3303 1712 3342 verum
1731 3303 1752 3328 e
1781 3304 1872 3329 con-

991 3344 1161 3391 jectura,
1188 3348 1236 3381 ut
1262 3344 1304 3380 in
1333 3344 1436 3382 aliisi
1468 3346 1558 3384 Vid.
1587 3345 1637 3381 ad
1662 3346 1772 3382 Anu.
1808 3349 1871 3390 11,

995 3402 1061 3434 35.
1088 3398 1198 3435 Em«.
1804 3440 1807 3443 ,

1050 3450 1267 3500 Nunquam
1284 3448 1420 3499 antea]
1451 3448 1685 3486 Vetti-anius
1703 3449 1871 3495 corrige·

995 3502 1065 3541 bat
1091 3516 1391 3555 nonnunquam:
1430 3503 1534 3551 quod
1567 3502 1745 3552 subjecta
1771 3501 1872 3540 ratio

1046 3572 1079 3605 O
