2190 3880
474 168 571 217 DE
601 159 910 215 MORIBUS
943 163 1332 218 GERMANIAE
1366 169 1507 219 CAP.
1530 174 1577 220 5.
1831 178 1927 224 3³55

115 311 359 365 procera.
399 311 468 346 ne
493 297 752 348 armentis
771 295 990 367 quidem
1015 313 1141 348 suus
1168 295 1362 361 honor,
1386 288 1677 370 a-utssglorisa
1709 288 1928 354 fron-tie.

115 382 354 418 numero*
389 366 648 436 gaudent.
698 385 886 437 eaeque
938 365 1081 419 solae-⁴·
1118 377 1175 418 et
1222 369 1548 437 gratissimae
1597 388 1733 442 opes
1780 383 1927 424 sunt.

115 435 423 508 Argentum
466 447 523 487 et
562 456 751 489 aurum
793 437 1018 509 propitii
1064 455 1131 489 an
1170 437 1293 489 irati
1334 437 1430 489 Dii
1463 442 1927 508 negaverint,'du-

115 506 253 559 bito.
330 505 450 560 Nee
494 519 674 560 tamen
717 507 1363 572 adfirmaverirn,·null'am
1393 508 1704 563 Germaniae
1734 530 1929 565 venam

113 586 401 647 argentum
429 596 688 631 aurumve
728 581 971 651 gignere.
1015 579 1136 648 quis
1175 580 1627 636 enimscrutatus
1647 585 1763 634 est?
1805 601 1931 652 pos-·

114 649 352 700 sessione
369 661 425 700 et
454 665 552 701 usu
582 649 728 702 haud
768 651 990 720 perinde
1026 649 1374 701 adficiuntur.
1450 649 1550 702 Est
1579 651 1764 703 videre
1782 655 1928 722 apud

113 717 233 770 illos
273 730 533 790 argentea
573 739 718 784 vasa,
762 721 956 791 legatis
998 730 1055 770 et
1095 719 1454 790 Principibus
1489 739 1676 773 eorum
1715 721 1929 775 muneri

111 788 258 854 data,
309 806 416 841 non
465 790 522 841 in
575 791 679 842 alia
733 791 959 856 vilitate,
1005 808 1169 858 quam
1221 809 1344 859 quae
1388 791 1558 843 -b-urno
1613 792 1924 863 finguntur:

111 877 439 930 quamquam
482 861 738 930 proximi,
767 863 838 913 ob
866 878 1022 914 usum
1046 862 1518 926 commerciorum,
1545 880 1735 915 aurum
1760 875 1815 916 et
1842 882 1924 916 ar·-

111 939 336 999 gentum
370 930 427 982 in
455 932 632 1000 pretio
659 931 881 997 habent,
908 932 1218 1000 formasque
1244 933 1505 1000 quasdam
1535 943 1734 986 nostrae
1758 951 1928 1006 pecu-

111 1000 217 1052 niae
246 1013 553 1072 agnoscunt
579 1014 742 1072 atque
764 1003 1006 1074 eligunt:
1047 1002 1330 1054 interiores
1369 1002 1670 1073 simplicius
1701 1006 1928 1057 etant-i-

110 1071 270 1140 quius
302 1074 703 1142 permutatione
731 1075 990 1126 mercium
1030 1084 1276 1124 utuntur.
1353 1073 1652 1126 Pecuniam
1692 1077 1929 1144 probant

111 1153 348 1195 veterem
401 1152 457 1194 et
503 1144 593 1195 diu
645 1153 851 1209 notam,
901 1153 1151 1206 serratOS,
1198 1143 1540 1214 bigatosque.
1616 1144 1927 1215 Argentum

111 1230 330 1285 quoque
380 1215 556 1285 magis
598 1233 762 1285 quam
815 1233 1005 1267 aurum
1059 1222 1375 1284 sequuntur,
1421 1214 1569 1266 nulla
1617 1215 1928 1269 adfectione

105 1368 188 1407 que.
243 1357 306 1395 De
322 1358 454 1405 reipsa
469 1361 620 1402 autem,
638 1357 696 1394 ita
714 1358 828 1395 hodie
851 1361 989 1395 contra

107 1413 182 1456 est,
218 1416 266 1448 ut
299 1414 480 1448 armenta
521 1416 657 1448 nostra.
700 1411 877 1448 Bataviae
916 1417 988 1450 aut

107 1463 243 1501 Frisiae
268 1464 439 1514 palmam
467 1476 627 1513 poscere
655 1466 834 1502 audeant:
851 1470 990 1503 contra.

107 1517 239 1554 omnia.
288 1519 470 1568 Eutopoe.
524 1520 639 1556 Lu’s.
708 1519 782 1556 Sed
831 1520 880 1556 ad
927 1531 991 1557 ar-

106 1574 242 1608 menta
265 1563 347 1609 noii
374 1572 531 1610 videtur
559 1572 773 1620 pertinere,
791 1585 878 1621 quae
896 1575 990 1611 satis

105 1625 209 1662 clare
226 1625 376 1674 excipit
399 1627 585 1664 Tacitus:
616 1639 663 1663 ne
691 1630 877 1665 armentis
905 1630 991 1677 qui-

108 1679 214 1716 dem:
243 1680 287 1717 in
316 1679 461 1728 quibus
495 1681 621 1717 solum
650 1680 818 1718 nitorem
840 1683 887 1717 ret
907 1693 990 1718 cor-

105 1731 231 1770 nuum
247 1733 559 1782 magnitudinem
577 1733 784 1771 desiderat.
840 1733 950 1772 Ean.

160 1787 267 1824 Suus
284 1786 402 1824 lzonor
419 1793 491 1826 aue
512 1789 647 1836 gloria
650 1787 821 1837 frontis]
854 1789 992 1826 Horwr

102 1843 168 1877 est
198 1840 451 1889 pulchritudo
477 1853 499 1877 e
526 1841 766 1891 pinguedine
793 1846 833 1878 et
850 1842 991 1879 nitore.

110 1895 284 1932 Gloriam
289 1895 444 1943 fremis
467 1896 622 1943 poetice
647 1906 796 1932 cornua
822 1897 990 1934 vocavit.

107 1948 216 1985 Ean.

161 2001 330 2040 Nullam
349 2002 475 2041 Germ.
490 2000 643 2053 venam]
674 2003 839 2052 Respice
858 2007 992 2041 tamen

108 2054 157 2098 A,
177 2061 241 2102 ιι,
262 2060 328 2094 20.

116 2136 120 2140 -
161 2109 403 2147 Posses-sim
421 2116 458 2146 et
471 2123 545 2147 usu
562 2111 670 2148 haud
677 2111 839 2160 perinde
858 2111 993 2159 affici-

107 2163 243 2214 antur]
301 2163 578 2200 Subaudienda
625 2164 834 2214 particula,
880 2164 993 2212 quasi

108 2221 229 2254 esset:
248 2218 317 2254 sed
323 2218 559 2265 possessione
571 2218 680 2255 haud
688 2219 864 2267 perinde,
878 2223 991 2265 puta,

107 2282 153 2306 ac
171 2282 241 2307 nos
259 2271 444 2317 Romani,
462 2274 503 2307 et
520 2283 654 2308 omnes
682 2272 764 2309 fere
784 2272 870 2308 aliae
888 2272 993 2307 nati·

107 2335 214 2362 ones.
259 2325 398 2362 GnoN.
444 2325 630 2362 Ceterum
656 2329 806 2362 veteres
833 2326 991 2373 quidam

107 2377 199 2415 libri
217 2383 265 2415 ut
282 2377 367 2415 Ms.
385 2378 486 2415 Tur.
505 2378 590 2415 cod.
610 2379 739 2428 Kapp.
761 2377 808 2429 (s.
833 2378 992 2415 ed.·N0-

106 2431 241 2481 rimb.)
275 2435 350 2469 etc.
374 2432 562 2480 proinde.-
601 2432 714 2479 cujus
751 2432 990 2469 confusionis

101 2485 185 2533 jam
203 2496 324 2534 supra
341 2485 521 2532 exempla
539 2486 719 2523 vidimus.
746 2487 854 2524 ERN.
883 2487 990 2523 Edit.

106 2541 221 2577 Rom.
245 2539 418 2588 perinde.
449 2539 579 2575 Rhen.
604 2541 766 2588 perinde
790 2552 811 2575 e
830 2539 991 2578 Beroal-

105 2593 211 2630 dina.
267 2592 340 2630 Sed
359 2593 447 2630 Put.
459 2593 640 2641 proinde.

159 2647 254 2683 Non
282 2647 323 2682 in
350 2646 435 2683 alia
463 2645 630 2694 vilitate]
664 2646 692 2682 i.
719 2657 753 2684 e.
781 2645 885 2694 pari,
911 2657 991 2682 non

106 2699 263 2737 minori.
282 2700 410 2736 Rhen.
436 2703 552 2738 1519.
580 2700 701 2735 edidit
717 2701 904 2746 utilitate,
924 2700 992 2736 sed

106 2761 197 2802 post
231 2755 397 2791 vilitate.
460 2753 640 2790 Utilitate
680 2757 814 2789 tamen
852 2758 893 2790 et
926 2754 990 2790 Li-

107 2808 216 2857 psius
245 2807 380 2844 edidit.
434 2807 475 2844 Si
501 2807 654 2843 utititas
681 2817 754 2854 pro
781 2818 857 2843 usu
888 2807 990 2843 dice-

106 2865 232 2906 retur,
245 2865 286 2897 et
299 2859 391 2896 libri
405 2860 597 2905 faverent,
618 2861 840 2907 praeferrem
855 2874 864 2896 x
884 2860 990 2909 apud

107 2925 182 2952 nos
207 2915 249 2951 in
276 2914 355 2950 alio
376 2925 450 2950 usu
471 2923 562 2949 vasa
579 2919 781 2961 argentea,
796 2915 835 2951 h.
856 2926 890 2951 e.
910 2914 991 2950 die·

106 2968 180 3006 bus
198 2968 325 3012 festis,
344 2967 385 3003 in
409 2967 536 3016 epulis
563 2968 728 3011 utimur,
748 2979 828 3004 non
847 2967 989 3016 vulgoz

106 3028 149 3059 at
167 3021 226 3059 illi
244 3032 322 3058 non
342 3021 411 3058 ita.
456 3020 564 3058 Ean.
610 3021 789 3058 Perizon.
814 3022 989 3069 particu-

105 3076 184 3113 lam
218 3087 336 3125 quam
370 3075 668 3122 expungendam
703 3074 886 3121 putabat.
941 3075 987 3111 In

107 3130 167 3166 ed.
185 3131 299 3167 Rom.
317 3130 534 3176 com-uptus
551 3131 610 3163 est
628 3127 750 3165 locus.
794 3128 870 3165 Ed.
890 3127 987 3165 Nor.

109 3184 269 3221 vilitate.
305 3181 368 3219 Sic
384 3185 425 3218 et
440 3180 637 3218 Beroaldi.

162 3237 353 3282 Senatvs,
373 3233 616 3284 bigatosque]
639 3234 720 3271 Diu
738 3234 807 3270 hos
823 3240 989 3271 serratos

108 3300 247 3327 numos
275 3301 420 3338 quaerm
441 3289 556 3325 homo
571 3288 670 3325 alias
689 3299 768 3325 non
795 3292 987 3335 appetens

108 3343 221 3379 valde
249 3353 426 3381 numum.
471 3342 575 3379 Nam
609 3342 726 3390 vulgo
754 3341 895 3378 leviter
925 3341 991 3378 de-

106 3397 343 3444 funguntur.
400 3397 455 3434 Et
470 3396 625 3441 serrati,
641 3395 843 3443 inquiunt,
862 3396 989 3441 numi,

108 3449 251 3499 quibus
278 3459 393 3486 serrae
415 3449 540 3486 forma
568 3449 758 3496 impressa
778 3449 860 3485 sive
880 3450 991 3486 incu-

108 3515 166 3549 sa,
185 3506 231 3540 ut
246 3501 386 3550 bigati,
403 3501 546 3551 quibus
569 3502 764 3550 bigarum.
791 3507 834 3539 et
858 3502 906 3539 de
930 3503 992 3539 his

108 3556 264 3607 quidem
282 3556 432 3600 clarum
449 3555 640 3598 est.‚0culi
657 3566 720 3593 me
745 3554 886 3600 docent
902 3560 983 3593 cot-

1040 1356 1149 1393 tidie.
1165 1360 1208 1394 at
1225 1357 1271 1393 de
1289 1356 1462 1402 serratis,
1481 1356 1569 1406 quis
1585 1357 1761 1406 obsecro,
1780 1358 1822 1396 in
1839 1362 1929 1397 tan·

1039 1414 1084 1447 ta
1111 1411 1188 1447 ista
1213 1411 1326 1459 copia
1353 1423 1564 1449 numorum
1590 1416 1785 1459 veterum,
1803 1424 1931 1451 unum

1042 1464 1213 1512 aliquem
1241 1465 1423 1514 protulit,
1440 1469 1511 1502 aut
1538 1466 1710 1513 proferet
1729 1479 1818 1504 cum
1847 1479 1930 1504 ser—

1044 1517 1114 1554 ra?
1145 1519 1236 1555 Non
1265 1519 1359 1562 vidi,
1385 1530 1466 1556 non
1495 1518 1587 1567 legi.
1641 1520 1804 1558 Fulvius
1837 1531 1930 1557 sane

1044 1572 1228 1617 Ursinus,
1259 1573 1302 1609 in
1333 1577 1452 1620 gente
1488 1572 1641 1610 Manlia
1670 1585 1835 1612 numum
1868 1586 1934 1611 re-

1045 1629 1271 1673 praesentat,
1309 1626 1422 1673 cujus
1456 1626 1498 1662 in
1533 1627 1686 1674 postica
1720 1631 1835 1676 parte
1867 1639 1934 1665 ca-

1044 1683 1118 1727 put
1150 1679 1275 1725 urbis,
1309 1684 1350 1716 et
1384 1681 1617 1727 inscriptum
1663 1691 1795 1719 Roma.
1841 1692 1934 1720 sna.

1045 1733 1149 1781 quod
1185 1733 1283 1782 ipse.
1302 1734 1589 1781 interpretatur
1620 1741 1826 1774 serratum.
1865 1736 1942 1772 sed.

1046 1798 1124 1834 quo
1157 1786 1419 1835 argumento?
1465 1787 1578 1824 Mille
1605 1789 1716 1825 numi
1743 1799 1836 1826 cum
1863 1789 1933 1826 illo

1046 1840 1189 1888 capite,
1205 1841 1250 1877 in
1267 1841 1354 1890 quis
1368 1841 1468 1877 nihil
1482 1841 1575 1878 tale.
1605 1846 1646 1878 et
1662 1843 1795 1890 potius
1813 1843 1854 1879 id
1870 1854 1932 1879 ree

1045 1894 1252 1931 ferendum
1267 1895 1318 1931 ad
1337 1895 1493 1932 Serrani
1511 1906 1743 1943 cognomen,
1761 1897 1862 1944 quod
1883 1908 1933 1934 ex

1046 1948 1126 1985 alia
1150 1952 1271 1996 gente
1298 1949 1443 1985 haerere
1470 1948 1564 1985 huic
1595 1950 1727 1997 potuit
1754 1961 1824 1997 per
1840 1951 1935 1986 ado-

1046 2002 1234 2050 ptionem.
1288 2002 1355 2038 An
1384 2002 1502 2039 lectio
1530 2001 1761 2039 solicitanda
1789 2003 1830 2039 in
1854 2003 1934 2041 Ta·-

1046 2053 1151 2092 cito?
1181 2066 1234 2092 an
1250 2061 1405 2101 aeratos,
1424 2060 1497 2093 aut
1514 2056 1670 2101 ratitos,
1688 2060 1760 2093 aut
1776 2057 1934 2096 Servia-

1045 2121 1115 2145 nos
1144 2108 1381 2156 legendum?
1412 2110 1474 2146 De
1501 2109 1700 2157 prioribus
1728 2111 1934 2158 quidffue-

1045 2163 1142 2208 rint,
1157 2163 1307 2199 clarum
1322 2175 1332 2198 ε
1363 2163 1572 2200 Servianos
1588 2167 1722 2200 autem
1739 2165 1935 2212 interpre-

1045 2220 1108 2252 ter
1126 2219 1277 2253 veteres
1295 2217 1454 2264 Regios,
1470 2228 1567 2264 quos
1588 2216 1630 2253 in
1647 2218 1776 2265 pretio
1795 2218 1932 2261 fuisse,
1998 2251 2000 2253 .

1046 2273 1158 2306 notat
1194 2269 1405 2307 Suetonius
1441 2270 1626 2318 Augusto
1659 2275 1726 2310 75.
1772 2271 1931 2309 Servius
2001 2312 2004 2314 ,

1045 2327 1151 2360 certe
1169 2324 1318 2370 primus
1346 2323 1499 2372 Regum
1517 2335 1568 2360 aes
1585 2324 1770 2372 signavit.
1803 2325 1932 2371 Adde,

1045 2377 1148 2424 quod
1184 2377 1226 2412 in
1266 2377 1396 2412 codice
1431 2377 1716 2425 Bambergensi
1749 2378 1932 2427 servatos.

1044 2431 1111 2467 An
1130 2442 1329 2467 servamus
1348 2430 1573 2474 lectionem,
1595 2435 1636 2466 et
1656 2431 1832 2479 capimus
1851 2443 1934 2469 ser-

1046 2488 1152 2520 ratos
1179 2495 1260 2528 eoS,
1278 2495 1443 2531 quorum
1470 2482 1643 2520 ambitus
1668 2484 1853 2523 dentatus
1864 2488 1934 2522 at-

1045 2549 1121 2585 que
1140 2548 1257 2585 asper
1275 2537 1326 2574 sit
1345 2537 1386 2573 in
1405 2537 1564 2574 modum
1583 2536 1704 2573 serae?
1735 2548 1823 2586 quoe
1837 2549 1933 2587 ‹pro-

1046 2591 1099 2627 ba
1116 2595 1224 2636 nota,
1243 2594 1284 2627 et
1302 2591 1402 2626 nihil
1431 2591 1593 2639 periisse
1620 2591 1747 2639 longo‘
1765 2603 1841 2629 usu
1860 2597 1933 2630 aut

1046 2645 1274 2681 resectione.
1320 2645 1471 2681 Numos
1491 2655 1563 2692 ego
1581 2645 1767 2692 quosdam
1791 2657 1933 2694 argeni-

1045 2704 1128 2735 teos
1157 2699 1214 2735 ita
1241 2698 1427 2734 formatos
1464 2702 1673 2746 usurpasse
1701 2698 1762 2735 his
1792 2700 1933 2746 oculis,

1046 2763 1131 2788 sum
1151 2754 1297 2788 certus.
1355 2752 1558 2799 Spectasse
1588 2755 1721 2789 autem
1749 2753 1788 2789 id
1805 2764 1870 2789 eos
1889 2754 1932 2790 in

1045 2805 1175 2842 numis
1210 2805 1343 2852 vulgo,
1372 2805 1474 2841 ratio
1503 2809 1544 2841 et
1573 2805 1847 2844 Tertullianus
1881 2807 1932 2844 de

1043 2858 1189 2896 Poenit.
1209 2862 1249 2896 6.
1273 2859 1482 2895 addocent:
1519 2859 1599 2904 Qui
1617 2860 1832 2906 venditant,
1842 2862 1932 2910 pri-

1044 2926 1092 2950 us
1109 2925 1283 2957 numum,
1302 2924 1378 2961 quo
1397 2913 1665 2962 paciscantur,
1685 2914 1930 2960 eaeaminane,

1044 2979 1092 3004 ne
1119 2967 1306 3014 scalptus,
1334 2977 1423 3003 neve
1451 2978 1579 3010 ναειιε,
1604 2979 1651 3003 ne
1681 2967 1835 3004 adulter
1861 2969 1929 3006 sit.

1043 3020 1116 3057 Sed
1146 3022 1206 3064 tu,
1236 3019 1388 3056 erudite
1415 3020 1555 3064 lector,
1582 3020 1726 3068 cogita.
1757 3032 1849 3058 nam
1880 3022 1929 3058 de

1043 3084 1104 3110 me
1121 3073 1352 3110 Tullianum
1373 3072 1472 3110 illud
1488 3072 1604 3118 habe,
1630 3074 1744 3119 Cedo,
1762 3074 1826 3122 eja
1842 3087 1928 3112 ma-

1041 3139 1134 3164 num
1153 3127 1259 3163 tollo.
1316 3127 1428 3164 vas.
1486 3127 1667 3164 Sem-atos
1684 3139 1823 3164 numos
1842 3140 1927 3165 esse

1041 3180 1235 3225 denarios,
1254 3191 1420 3227 quorum
1448 3181 1620 3217 exterior
1645 3192 1715 3217 ora
1742 3181 1795 3218 in*
1812 3193 1928 3218 serrae

1042 3234 1199 3270 modum
1243 3237 1303 3270 est
1333 3234 1470 3279 incisa,
1501 3234 1614 3271 docet
1641 3235 1746 3271 clare
1777 3235 1927 3273 Eckhel

1042 3287 1084 3324 in
1121 3287 1172 3324 D.
1205 3287 1296 3324 NN.
1328 3291 1408 3325 vet.
1442 3287 1485 3323 in
1512 3288 1724 3338 prolegom.
1759 3288 1807 3324 ad
1835 3287 1926 3324 NN.

1046 3341 1139 3379 fam.
1169 3341 1207 3385 §-
1233 3343 1294 3377 16.

1055 3413 1059 3415 -
1098 3394 1227 3432 Nulla
1257 3393 1473 3442 affectione]
1507 3394 1602 3431 Cod.
1631 3393 1763 3443 Kapp.
1792 3391 1839 3443 (s.
1865 3393 1927 3432 ed.

1043 3446 1200 3497 Nor-ib.)
1235 3448 1320 3484 edd.
1339 3448 1467 3484 Rhea.
1494 3459 1574 3496 sqq.
1594 3451 1687 3483 ante
1707 3448 1814 3494 Lips.
1831 3446 1926 3495 (Μὶ-

1046 3504 1227 3541 eratione.
1274 3502 1383 3539 ERN.
1427 3499 1494 3538 Sic
1511 3504 1552 3538 et
1568 3501 1631 3539 ed.
1652 3501 1766 3538 Rom.

1124 3613 1281 3666 Aass
