2190 3880
667 96 821 156 LIB.
869 98 910 146 I.
958 97 1126 149 CAP.
1161 101 1238 146 31.
1273 102 1350 146 82.
1772 104 1836 152 75

60 223 323 294 pessimus
342 222 567 293 quisque
593 222 650 274 in
676 221 1013 274 occasionem
1035 221 1366 292 praedarumi
1406 220 1615 291 vulguS,
1642 231 1703 276 ut
1725 241 1839 276 mos
1853 243 1902 283 A.
1921 243 1972 283 U.

62 305 164 362 est,
186 292 553 364 cujuscunque
580 303 758 345 motus
801 294 927 345 novi
961 293 1236 364 cupidum.
1275 304 1329 343 et
1357 292 1616 361 obsequia
1653 296 1839 348 melio·
1870 301 1960 337 823·

60 375 179 433 rum
214 382 325 431 noge,
350 364 660 417 abstulerat.
699 364 1031 417 resistentem
1063 363 1316 415 seditioni
1353 361 1649 414 Tribunum
1679 378 1733 416 et
1761 385 1841 431 se·
1855 352 1972 449 Affoc·

63 435 364 488 verissimos
411 434 801 488 Centurionurn
850 436 1196 488 obtruncant.
1248 447 1403 504 rapta
1450 452 1616 498 arma,
1656 437 1839 488 nudati
1937 433 1947 445 ”

62 505 247 577 gladii,
288 506 574 560 insidentes
621 507 772 576 equis
811 508 995 561 urbem
1033 524 1096 558 ac
1135 504 1393 576 palatium
1431 518 1640 575 petunt.
1715 505 1843 558 Erat
1860 513 1919 560 81

61 577 271 631 Othoni
318 578 525 631 celebre
569 578 896 642 convivium,
939 577 1263 648 primoribus
1315 575 1530 628 feminis
1575 575 1843 645 virisque:

61 649 154 719 qui
185 648 398 720 trepidi,
421 649 744 702 fortuitusne
771 648 1001 702 militum
1029 649 1194 713 furor,
1209 666 1277 699 an
1300 647 1453 700 dolus
1478 646 1845 718 Imperatori5‚

60 738 276 773 manere
311 739 374 773 ac
413 719 758 792 deprehendi,
790 739 855 772 an
889 719 1075 791 fugere
1107 730 1162 771 et
1201 719 1457 789 dispergi,
1497 718 1844 789 periculosius

63 790 233 859 foret,
273 791 432 844 modo
458 791 818 844 constantiam
845 791 1109 856 simulare,
1136 789 1296 842 modo
1332 789 1620 842 formidine
1643 791 1845 861 detegi,

65 862 220 927 simul
264 862 498 925 Othonis
534 862 739 915 vultum
775 863 989 915 intueri.
1027 874 1192 931 utque
1232 862 1432 926 evenit,
1466 861 1734 913 inclinatis
1776 863 1844 916 ad

67 933 428 1003 suspicionem
453 935 742 1000 mentibuS,
769 953 889 987 cum
920 934 1132 986 timeret
1163 932 1334 997 Otho,
1357 933 1663 984 timebatur.
1740 933 1846 987 Sed

64 1003 209 1072 haud
237 1022 389 1071 secus
415 1004 724 1058 discrimine
762 1005 1007 1070 SenatuS,
1033 1022 1193 1074 quam
1222 1022 1318 1056 suo
1353 1005 1586 1068 territuS,
1615 1016 1668 1056 et
1697 1003 1846 1057 Prae-

66 1075 238 1141 sectos
276 1075 520 1129 Praetorii
549 1077 615 1129 ad
641 1077 964 1148 mitigandas
985 1076 1217 1128 militum
1254 1076 1357 1128 iras
1395 1076 1575 1126 statim
1613 1075 1846 1141 miserat,

67 1161 124 1200 et
158 1145 299 1210 abire
327 1166 540 1218 propere
575 1165 742 1201 omnes
763 1166 788 1199 e
813 1146 1040 1201 convivio
1069 1145 1252 1216 jussit.
1326 1144 1464 1199 Tum
1494 1163 1618 1198 vero
1649 1147 1847 1216 passim

64 1217 440 1290 MagistrawS,
461 1219 716 1291 projectis
739 1219 1059 1289 insignibus,
1099 1218 1266 1270 vitata
1304 1218 1562 1269 comitum
1589 1229 1643 1269 et
1668 1236 1846 1270 servo-

62 1308 184 1358 rum
237 1289 554 1361 frequentia,
602 1306 750 1342 senes
800 1290 1141 1359 feminaeque,
1180 1305 1274 1358 per
1321 1289 1585 1352 tenebraS,
1637 1289 1847 1342 diversa
1915 1343 1920 1346 ,

67 1362 216 1415 urbis
243 1363 450 1428 itinera,
476 1362 576 1414 rari
597 1362 803 1426 domOS,
827 1357 1037 1432 plurimi
1062 1360 1355 1412 amicorum
1378 1372 1536 1425 tecta,
1557 1372 1629 1424 et,
1652 1373 1711 1412 ut
1731 1360 1846 1413 cui-

67 1450 179 1502 que.
198 1431 526 1485 humillimus
550 1432 732 1497 clienS,
763 1434 988 1485 incertas
1014 1432 1242 1484 latebras
1269 1432 1523 1501 petivere.
1599 1431 1841 1484 Militum
1859 1446 1928 1493 3⁶2.

64 1504 282 1574 inpetus
310 1522 374 1556 ne
401 1503 605 1557 foribus
633 1505 847 1574 quidem
879 1504 1059 1574 palatii
1087 1502 1368 1567 coercitu3‚
1386 1521 1492 1572 quo
1516 1503 1688 1554 minus
1715 1522 1845 1556 con-

66 1575 266 1628 vivium
306 1575 689 1647 inrumperent,
728 1575 917 1628 ostendi
962 1574 1059 1626 sibi
1108 1572 1356 1627 Othonem
1407 1573 1843 1644 expostulantes:

68 1646 345 1699 vulnerato
384 1647 533 1701 Julio
587 1645 1155 1711 Martiale,'Tribun0,
1192 1657 1246 1695 et
1283 1645 1499 1696 Vitellio
1539 1645 1847 1710 Saturnium

70 1717 341 1784 Praefecto
367 1719 613 1790 legioniS,
636 1718 762 1770 dum
790 1719 1066 1771 ruentibus
1091 1716 1382 1769 obsistunt.
1422 1716 1674 1787 Undique
1703 1736 1850 1770 arma

58 1883 202 1932 jusque
218 1895 238 1927 e
256 1883 359 1920 Flor.
376 1882 470 1931 Agr.
487 1883 577 1920 edd.
595 1888 686 1923 ante
702 1882 828 1919 Rhen.
849 1880 931 1932 (qui
985 1894 1107 1919 unum
1134 1882 1269 1933 locum!
1288 1892 1370 1917 esse
1397 1881 1438 1917 in
1465 1880 1765 1930 antiquioribus,
1781 1881 1851 1920 ubi

69 1937 250 1986 cujusque
276 1949 298 1972 e
325 1937 443 1988 Bud.)
491 1937 694 1976 consentit
721 1937 851 1974 Guelf.
871 1937 931 1972 ed.
986 1938 1026 1973 id
1042 1948 1181 1973 nomen
1198 1940 1387 1973 occurrat.
1415 1935 1527 1978 Sunt,
1548 1937 1612 1984 qui
1630 1935 1851 1974 Tribunum

71 1987 130 2040 pr.
175 1991 280 2028 ERN.
988 1990 1221 2038 intelligant.
1239 1990 1350 2027 male.
1365 2000 1454 2025 nam
1468 1989 1610 2026 diserte
1624 1990 1663 2026 h.
1680 1990 1708 2027 1.
1723 2002 1747 2026 a
1763 1991 1851 2028 Tri-

70 2043 75 2050 ‘
128 2045 228 2082 Vino
243 2043 397 2094 graves]
457 2043 615 2093 Quippe
644 2045 685 2081 in
710 2055 815 2082 caena
835 2045 934 2091 jam,
986 2045 1094 2081 buno
1113 2045 1379 2093 distinguitur.
1406 2044 1439 2080 E
1458 2043 1609 2092 Vegetii
1627 2044 1708 2080 loco
1726 2047 1851 2093 patet,

69 2102 137 2144 aut
165 2100 294 2147 potius
311 2111 336 2135 a
352 2109 469 2135 caena.
523 2098 601 2139 Ubi
629 2103 761 2137 autem
787 2111 843 2143 es,
872 2109 936 2135 ve-

69 2158 134 2189 tus
175 2151 405 2200 disciplina?
465 2152 534 2189 Sed
573 2165 664 2190 vero
698 2155 777 2189 haec
811 2156 936 2189 castra

70 2206 221 2249 urbana
237 2211 277 2243 et
293 2219 381 2244 cum
399 2206 507 2243 urbis
523 2207 642 2246 vitiis.
697 2208 808 2247 Llrs.

123 2262 409 2300 Severissimum
424 2260 710 2311 Centurionum]
741 2261 866 2301 Vatic.
879 2273 936 2297 se-

68 2316 292 2359 verissime.
309 2319 348 2352 et
357 2315 462 2352 Plut.
476 2327 509 2368 ς.
522 2321 560 2352 3.
576 2313 859 2367 {emove-dex&
871 2310 934 2351 δύο

70 2369 291 2406 interfectos
305 2369 450 2406 scribit.
509 2369 652 2406 Noster
667 2373 799 2406 tamen
816 2369 933 2407 etiam

72 2424 175 2463 infra
190 2435 228 2461 c.v
239 2429 302 2460 83.
319 2423 366 2460 de
381 2435 459 2460 uno
469 2426 644 2463 tantum:
678 2424 783 2460 Unus
796 2424 935 2462 alterve

66 2479 242 2527 perditus·
275 2491 322 2515 ac
354 2479 595 2524 temulentus,
625 2478 870 2518 ‚Centurionis
892 2489 938 2517 ac

76 2532 238 2568 Tribuni
244 2534 434 2580 sanguine
447 2544 585 2568 manus
595 2532 735 2569 imbuet
752 2531 772 2568 ?
800 2532 937 2578 Itaque

71 2585 221 2634 placeat
247 2586 370 2633 magis
386 2586 449 2623 hic
474 2586 568 2633 legi,
595 2591 636 2622 et
662 2587 938 2623 severissimum

73 2639 350 2684 centurionem,
363 2644 409 2676 ut
421 2639 619 2687 proprium
632 2635 771 2676 nomen
783 2650 935 2688 expres-

72 2693 168 2731 serit
186 2693 391 2730 interfecti.
415 2698 486 2729 aut
498 2697 602 2730 certe
614 2695 655 2730 in
669 2694 791 2732 altero
808 2693 936 2731 Taciti

71 2746 167 2784 loco
185 2746 451 2788 Centurivmcm
483 2760 530 2783 ac
562 2748 738 2796 Tribuni,
768 2747 937 2784 scriben-

71 2802 164 2839 dum
181 2801 269 2839 erit.
298 2802 409 2839 ers.
459 2801 721 2842 &verissimos
739 2802 938 2841 Centurio-

71 2868 164 2893 nura
181 2855 300 2892 etiam
314 2855 414 2891 Flor.
427 2854 555 2904 Guelf.
569 2855 627 2892 ed.
641 2866 700 2904 pr.
725 2859 937 2904 ceteraeque

71 2914 163 2948 ante
187 2910 312 2947 Rhen.
335 2907 417 2959 (qui
434 2910 488 2947 sic
504 2909 622 2950 etiam
640 2920 661 2944 e
678 2907 794 2958 Bud.)
822 2910 937 2958 idque

71 2964 247 3002 restituit
264 2964 443 3001 Pichena.
494 2963 880 3014 ‚Consentiuntfiuen
898 2966 938 3000 et

72 3019 177 3062 Plut.
205 3019 310 3056 ERN.

125 3073 244 3110 Modo
258 3073 512 3112 constantiam
528 3069 615 3120 etc.]
648 3071 766 3118 Modo
784 3068 894 3107 abest
909 3081 935 3107 a

73 3127 158 3165 MS.
176 3128 304 3165 Oxon.
350 3126 440 3165 Vid.
461 3126 510 3162 ad
526 3132 567 3171 3,
587 3130 654 3162 83.
681 3131 721 3164 et
737 3127 858 3177 Gron.
879 3123 933 3165 fil.

73 3182 122 3220 ad
138 3182 177 3218 h.
194 3181 222 3217 l.
244 3215 246 3219 ,
276 3181 383 3219 ERN.
422 3180 524 3218 Bud.
543 3178 674 3218 habet.

126 3234 314 3283 Proefecto
331 3233 508 3283 legionis]
534 3233 650 3281 Apud
665 3231 849 3276 Tacitum
863 3243 936 3269 nu-

73 3291 199 3337 spiam
242 3288 442 3325 Praefectos
480 3288 558 3336 leg.
599 3297 812 3332 occurrere,
848 3298 936 3324 vere

74 3347 207 3380 monet
231 3342 409 3380 savinus.
461 3342 517 3379 At
543 3352 642 3389 saepe
668 3345 877 3377 occurrunt
896 3341 938 3379 in

75 3396 389 3444 inscriptionibus
417 3396 587 3443 antiquis
606 3395 710 3443 apud
726 3395 938 3432 Gruterum

74 3452 116 3495 et
132 3451 262 3486 alioszs
280 3454 413 3499 estque
438 3450 485 3486 de
510 3450 558 3486 iis
583 3452 702 3497 caput
726 3459 789 3496 ap.
816 3449 939 3496 Vege-

74 3505 176 3557 tium
208 3509 248 3553 2,
277 3509 318 3544 9.
372 3504 428 3542 At
460 3514 539 3542 non
569 3502 802 3554 negandum,
836 3503 939 3545 hunc

985 2099 1106 2136 fuisse
1131 2099 1310 2144 eundem,
1329 2097 1396 2146 qui
1417 2098 1513 2134 alias
1536 2099 1712 2146 Legatus
1732 2100 1853 2147 legio-

987 2155 1049 2190 nis
1071 2157 1228 2190 vocatur
1246 2166 1270 2190 a
1288 2153 1425 2190 Tacito
1451 2158 1491 2188 et
1509 2152 1709 2188 Suetonio,
1748 2154 1852 2190 Nam

988 2207 1136 2243 medius
1169 2211 1228 2243 est
1254 2209 1358 2245 inter
1390 2203 1559 2255 Legatos
1590 2207 1854 2255 Imperatoris,

988 2261 1056 2309 qui
1072 2261 1250 2310 pluribus
1266 2261 1484 2309 legionibus
1506 2264 1691 2308 praesunt,
1710 2264 1750 2297 et
1765 2261 1800 2297 T
1802 2261 1854 2296 ri-

985 2314 1124 2359 bunos,
1142 2316 1209 2363 qui
1225 2316 1261 2351 ei
1278 2327 1365 2352 cum
1383 2314 1687 2353 Centurionibus
1698 2315 1855 2351 ceteris-

987 2381 1061 2417 que
1085 2369 1275 2408 militibus
1295 2369 1451 2407 subesse
1473 2369 1656 2406 dicuntur
1681 2381 1706 2405 a
1733 2369 1855 2417 Vege-

985 2424 1056 2460 tio.
1095 2424 1162 2469 Et,
1182 2435 1266 2472 quae
1284 2425 1428 2472 Legato
1444 2424 1607 2472 legionis
1623 2422 1855 2460 tribuuntur

990 2477 1094 2526 apud
1111 2482 1286 2515 nostrum
1302 2479 1351 2516 A.
1375 2484 1390 2514 1
1398 2504 1411 2524 ,
1431 2483 1496 2515 44.
1525 2480 1571 2514 ut
1581 2477 1771 2524 judicium
1788 2489 1855 2514 ex-

991 2535 1120 2570 erceat
1139 2535 1180 2570 et
1203 2543 1339 2580 poenas
1366 2543 1521 2568 reorum
1547 2531 1730 2576 militum,
1753 2531 1854 2568 idem

990 2584 1180 2622 tribuitur
1196 2586 1379 2623 Praefecto
1394 2586 1555 2634 legionis
1570 2598 1634 2633 ap.
1650 2585 1684 2619 V
1686 2585 1854 2632 egetium

989 2639 1016 2676 l.
1042 2651 1076 2677 c.
1130 2641 1203 2677 Sed
1229 2651 1318 2676 oum
1336 2640 1465 2678 Taciti
1490 2643 1619 2684 aetate,
1644 2642 1760 2686 atque
1783 2638 1854 2674 ali-

991 2694 1160 2741 quandiu
1204 2697 1291 2741 post
1329 2694 1476 2741 Legati
1517 2694 1681 2741 legionis
1714 2704 1855 2730 nomen

990 2749 1191 2793 manserit,
1218 2750 1265 2784 ut
1292 2751 1403 2795 patet
1424 2758 1445 2782 e
1471 2746 1656 2783 Suetonio
1684 2751 1724 2783 et
1751 2746 1854 2795 aliis,

991 2801 1158 2850 suspicio
1174 2812 1257 2837 esse
1280 2804 1423 2850 potest,
1443 2800 1675 2848 Proesectum
1690 2801 1855 2848 legionis

990 2855 1120 2891 deberi
1141 2854 1312 2905 librario,
1337 2855 1404 2903 qui
1430 2866 1571 2897 nomen
1595 2855 1788 2891 recentius
1811 2858 1852 2891 et

990 2909 1121 2946 notius
1163 2908 1382 2955 substituit,
1417 2909 1514 2955 sive,
1545 2920 1634 2944 cum
1675 2911 1852 2946 notatum

990 2966 1090 3000 esset
1108 2963 1349 3000 interlineari
1371 2962 1512 3011 glossa,
1531 2967 1601 3012 aut
1618 2962 1660 2998 in
1678 2963 1853 3010 margine

990 3017 1154 3067 eundem
1172 3029 1269 3063 esse,
1288 3017 1356 3065 qui
1385 3017 1590 3054 Praefectus
1616 3016 1778 3065 legionis
1796 3017 1853 3053 di-

977 3076 1111 3117 catur,
1129 3072 1169 3108 id
1185 3071 1347 3113 verbum
1374 3071 1416 3107 in
1442 3075 1593 3108 textum
1622 3071 1760 3107 deinde
1787 3083 1854 3107 ve-

987 3125 1105 3165 nisse.
1167 3125 1491 3174 Antiquissimam
1530 3125 1647 3172 hujus
1697 3125 1853 3161 honoris

987 3179 1224 3218 mentionem
1241 3192 1322 3228 ego
1346 3180 1499 3227 quidem
1529 3179 1654 3228 reperi
1675 3179 1717 3215 in
1733 3179 1852 3216 inser.

987 3245 1051 3282 ap.
1068 3235 1224 3271 Gruter.
1242 3247 1279 3283 p.
1293 3237 1383 3271 465.
1403 3239 1439 3271 Ξ.
1457 3245 1542 3281 quae
1560 3234 1608 3269 ad
1626 3233 1682 3270 M.
1700 3233 1852 3270 Aurelii

988 3286 1177 3325 Antonini
1194 3292 1370 3335 tempora
1393 3289 1577 3336 pertinet.
1630 3288 1691 3323 De
1715 3287 1853 3324 Praefe-

987 3341 1062 3393 ctis
1084 3341 1280 3389 legionum
1306 3343 1386 3389 egit
1409 3341 1645 3378 Pancirollus
1663 3341 1712 3376 ad
1728 3341 1854 3377 Notit.

989 3395 1108 3442 Dign.
1128 3396 1225 3444 Imp.
1243 3408 1274 3432 c.
1295 3400 1361 3433 36.
1381 3407 1418 3444 p.
1437 3407 1489 3432 m.
1506 3398 1571 3432 64.
1625 3395 1697 3431 Sed
1715 3404 1852 3442 parum

991 3454 1186 3495 accurate,
1196 3455 1241 3486 ut
1257 3453 1296 3486 et
1314 3449 1546 3486 stewechius
1564 3449 1611 3484 ad
1624 3449 1760 3494 Veget.
1777 3446 1804 3483 l.
1816 3458 1851 3482 c.

992 3503 1169 3553 Fortasse
1187 3515 1320 3554 verum
1338 3507 1397 3541 est.
1413 3503 1536 3553 Progf'.
1553 3502 1713 3551 legioni,
1732 3503 1778 3537 ut
1790 3510 1852 3550 ap.
