2190 3880
320 167 413 218 174
924 155 1523 213 HISTO'RIARUM

185 295 234 335 A.
251 299 306 335 U.
322 287 412 358 pia
440 293 617 339 vocat.
670 283 756 338 Ibi
789 277 1091 356 Vespasiani
1115 287 1350 339 virtutem
1372 288 1852 358 viresque-partium
1879 282 2130 341 extollite

188 353 291 440 22}
320 356 652 428 transfugisse
677 357 913 409 classem.-
952 358 1008 409 in
1046 367 1187 410 arcto
1228 366 1584 419 commeatum.-
1622 361 1868 421 aduersas
1911 358 2126 411 Gallias

216 427 732 499 230‚‘Hispaniasque:
770 427 905 479 nihil
929 428 985 479 in
1010 428 1134 479 urbe
1153 427 1360 496 fidum.-
1394 439 1557 497 atque
1593 430 1778 482 omnia
1812 431 1879 483 de
1906 429 2130 482 Vitellio

318 500 374 552 in
404 499 657 551 deteriuS.
736 498 879 549 Mox
921 498 1328 567 incipientibuS,
1352 499 1445 566 qui
1473 500 1677 551 conscii
1716 501 1958 565 aderant,
1984 512 2130 552 cete-

315 588 423 636 r03‚
452 588 506 622 re
547 587 689 621 nova
721 568 1016 632 adtonitOS,
1059 569 1116 619 in
1155 569 1320 619 verba
1357 569 1672 638 Vespasiani
1722 570 1914 641 adigit.
1968 568 2128 622 simul

314 641 520 693 Vitellii
553 640 816 709 imagines
845 639 1102 708 dereptae,
1130 650 1185 690 et
1213 638 1382 702 missi,
1405 641 1498 707 qui
1525 639 1770 694 Antonio
1798 640 2127 698 nuntiarent.

315 712 440 774 Sed,
461 711 552 762 ubi
576 712 703 761 totis
732 709 920 760 castris
944 710 999 760 in
1025 708 1170 760 fama
1192 710 1448 779 proditiO,
1476 726 1752 762 recurrens
1779 710 1835 762 in
1860 710 2131 781 principia

310 783 484 845 mileS,
531 779 910 850 praescriptum
961 779 1280 849 Vespasiani
1339 798 1556 845 nomen,
1595 781 1866 851 projectas
1921 781 2129 833 Vitellii

310 853 520 923 effigies
545 850 816 920 adspexit,
839 860 1048 901 vastum
1075 851 1252 919 primo
1276 850 1568 914 silentium,
1592 870 1720 903 mox
1743 863 1942 905 cuncta
1961 851 2124 914 simul

311 941 459 976 erum
470 932 636 992 punt:
675 919 799 972 Huc
822 919 1047 971 cecidisse
1078 918 1378 972 Germanici
1405 923 1648 974 exercitas
1674 921 1918 992 gloriam,
1941 930 2001 976 ut
2024 922 2132 974 sine

298 992 506 1064 proelia,
546 992 652 1042 sine
685 990 909 1054 vulnere,
936 990 1132 1041 vinctas
1167 1008 1348 1042 manus
1380 999 1427 1042 et
1460 1001 1614 1061 capta
1650 993 1907 1046 traderent
1936 991 2135 1044 *arma-‘3'

309 1059 484 1130 (Quas
511 1062 642 1114 enim
667 1079 727 1113 ex
754 1060 949 1118 diverso
973 1059 1227 1131 legiones?
1251 1079 1424 1131 nempe
1449 1061 1630 1114 victas·
1661 1071 1709 1114 et
1733 1062 1896 1115 abesse
1921 1063 2129 1116 unicum

312 1133 598 1187 Othoniani
623 1131 863 1184 exercitus
891 1131 1063 1196 robur,
1089 1131 1351 1202 primanos
1376 1132 1974 1205 quartadecimanos'qne:
2008 1151 2135 1204 quos

302 1250 636 1298 frequentissima,
650 1253 690 1287 et
707 1249 763 1286 ibi
781 1249 983 1286 ambulare
1000 1253 1042 1285 et
1056 1249 1193 1286 obver-

304 1305 382 1341 sari
412 1305 567 1340 assidue
605 1303 723 1341 soliti.
778 1304 888 1340 Facit
926 1303 1060 1349 etiam,
1090 1304 1192 1352 quod

305 1358 394 1395 illos
419 1359 592 1407 reliquos
620 1358 664 1393 in
690 1356 888 1405 principia
907 1357 1082 1394 vocavit:
1111 1368 1193 1393 non

304 1411 381 1448 loci
407 1412 532 1460 igitur
555 1411 662 1448 illius
687 1414 881 1447 secretum
907 1410 1108 1456 affectans,
1126 1411 1194 1447 sed

306 1469 538 1503 castrorum.
593 1464 696 1502 Flor.
719 1463 776 1515 (et
792 1462 912 1514 Bud.)
937 1465 1059 1501 etiam
1074 1476 1194 1500 secre-

305 1525 436 1557 torum
462 1519 602 1555 habet:
624 1529 696 1558 -.„ex
737 1529 818 1566 quo
854 1518 955 1554 bene
992 1523 1192 1555 secretum.

305 1575 420 1611 L1Ps.
448 1573 511 1610 Sic
527 1572 706 1610 Pichenae
725 1572 856 1620 placet
872 1574 912 1608 et
931 1583 953 1607 e
966 1571 1070 1608 Bud.
1086 1571 1191 1608 Rhe-

304 1638 432 1664 nano:
464 1627 520 1663 sic
551 1626 634 1663 MS.
667 1625 761 1674 Agr.
792 1626 896 1662 unde
925 1626 1076 1673 recepit
1091 1626 1192 1673 Ryc-

283 1681 422 1719 kius..
463 1681 680 1728 Vulgatum
710 1691 863 1728 quoque
904 1683 1056 1716 rectum
1105 1681 1188 1715 est:

305 1739 346 1772 et
373 1738 504 1784 potest
533 1745 644 1771 orum
668 1737 808 1770 natum
834 1744 934 1779 esse,
962 1737 1010 1770 ut
1037 1732 1148 1778 alibi,
1168 1744 1189 1767 e

302 1784 585 1826 terminatione
639 1788 744 1823 vocis
798 1787 1011 1835 sequentis.
1082 1787 1189 1824 ERN.

301 1843 414 1879 Bene
449 1842 619 1879 Pichena
653 1844 694 1877 et
723 1840 816 1888 Bip.
853 1841 1072 1885 secretiora,
1107 1839 1190 1877 scil.

302 1895 480 1933 consilia.
512 1895 666 1932 Bahrdt
674 1898 780 1931 recte
793 1893 921 1930 reddit
934 1893 1190 1942 Lagerlzeim-

301 1950 517 1987 lickkeiten.
566 1949 629 1986 Sic
655 1960 676 1985 e
702 1948 869 1998 praeced.
887 1948 963 1985 soli
988 1947 1192 1996 defectores

301 2005 345 2040 in
358 2009 488 2040 castra
505 2004 638 2040 coiere.

355 2059 498 2095 Arcem
520 2054 817 2106 commeatuum]
847 2055 959 2092 Bene
985 2054 1191 2091 emendavi

298 2111 382 2158 jam
401 2111 496 2147 olim
514 2111 555 2147 in
569 2110 758 2158 Antiquis
774 2116 815 2155 2,
839 2112 902 2148 16.
957 2109 1104 2146 Praeter
1123 2119 1190 2145 ex-

301 2164 432 2213 empla
458 2165 544 2212 ejus
572 2164 778 2209 sermonis,
797 2175 883 2211 quae
906 2166 1004 2199 tunc
1026 2162 1187 2209 adduxi,

299 2219 420 2257 velim
437 2218 528 2255 addi
545 2217 738 2255 novitium
767 2228 796 2252 a
820 2216 930 2253 Livio
957 2222 999 2262 3,
1018 2221 1082 2255 57.
1118 2217 1189 2264 qui

299 2271 504 2309 castellum
522 2271 642 2308 etiam
656 2271 698 2307 in
715 2271 789 2307 hac
805 2270 1039 2317 metaphora
1051 2270 1184 2317 ponit:

300 2326 550 2374 Respicerent
575 2324 750 2362 tribunal
774 2325 958 2368 homines,
984 2324 1187 2360 castellum

299 2380 472 2416 omnium
502 2379 698 2416 scelerum.
754 2378 865 2414 Ln’s.
921 2378 1045 2414 Immo
1072 2377 1187 2413 male.

297 2433 401 2470 Nam
441 2433 575 2469 classis
612 2432 681 2468 illa
717 2432 926 2469 Ravennas
970 2443 1046 2467 arx
1088 2443 1188 2467 com-

297 2492 500 2524 meatuum
542 2487 619 2523 dici
662 2497 743 2522 non
797 2487 943 2533 potest,
990 2488 1037 2520 ut
1085 2483 1186 2521 bene

298 2545 434 2578 monet
475 2539 515 2578 J.
561 2541 685 2578 Gron.
729 2551 779 2575 ne
824 2538 1061 2580 Misenensis
1099 2539 1187 2586 qui-

297 2595 404 2632 dem.
448 2593 556 2632 Tum
585 2593 669 2631 MS.
701 2592 805 2631 Flor.
828 2594 870 2630 in
895 2603 984 2629 arce
1001 2604 1187 2629 commea-

297 2654 399 2694 tum,
432 2650 480 2684 ut
513 2647 577 2684 ed.
616 2659 678 2695 pr.
715 2645 847 2684 Guelf.
881 2649 1030 2691 autem,
1068 2645 1186 2684 Harl.

298 2703 428 2740 Oxon.
459 2701 558 2749 edd„
581 2701 735 2739 Puteol.
765 2700 860 2739 Ber.
894 2698 982 2736 Alc.
1009 2701 1052 2736 in
1079 2706 1186 2737 arcto

298 2762 565 2793 commeatum.
621 2755 760 2804 Itaque
790 2755 844 2791 sic
876 2754 980 2790 edidi
1012 2756 1052 2790 et
1073 2753 1186 2790 'vete-

297 2803 382 2846 rem
399 2809 606 2846 lectionem
623 2809 795 2846 restitui.
829 2808 994 2845 Secutus
1011 2810 1071 2843 est
1088 2807 1188 2844 Bro-

296 2864 423 2901 terius
444 2862 499 2913 (et
518 2861 635 2912 Lan.)
656 2862 873 2900 Rhenanus
891 2860 928 2912 (e
944 2859 1066 2911 Bud.)
1083 2861 1185 2897 male

297 2916 423 2954 edidit
438 2918 572 2966 inopia
590 2921 872 2954 commeatuum
884 2919 925 2951 et
942 2926 1046 2963 seqq.
1060 2926 1184 2963 usque

297 2970 349 3006 ad
369 2970 474 3018 Lips.
520 2970 630 3007 Ean.
676 2969 799 3017 Lipsii
824 2970 1050 3019 conjectura
1078 2969 1184 3014 inde,

297 3024 403 3071 quod
419 3023 510 3059 Vat.
526 3027 568 3060 et
582 3025 699 3061 Fam.
717 3035 896 3060 marc-em.
951 3022 1014 3059 Sic
1029 3025 1070 3058 et
1088 3023 1184 3070 Agr.

298 3089 344 3114 tn
361 3088 503 3114 arcem.

353 3130 558 3178 Imagines
586 3129 765 3179 dereptae]
798 3130 862 3167 Sic
890 3129 1008 3174 edidi,
1033 3129 1185 3166 Latini-

295 3186 382 3220 tate
402 3183 644 3232 postulante,
663 3195 733 3231 pro
760 3183 932 3232 direptae.
989 3184 1184 3231 Imagines

297 3236 503 3273 detraxere
524 3237 571 3272 de
603 3237 740 3284 signis,
759 3249 845 3284 quae
873 3247 964 3273 mox
991 3237 1183 3284 repositae.

298 3290 346 3328 ld
381 3297 514 3327 autem
553 3294 615 3326 est
657 3290 840 3338 deripere,
878 3301 959 3327 non
1002 3291 1181 3338 diripere.

299 3341 486 3389 Imitatus
505 3348 564 3379 est
581 3343 798 3381 Broterius.
846 3343 954 3379 ERN.

356 3399 408 3436 In
420 3399 541 3446 sama
560 3396 749 3446 proditio]
785 3395 867 3433 Alii
897 3396 988 3432 libri
1017 3393 1186 3444 infamia

295 3443 469 3503 prodita.
496 3450 567 3502 (sic
584 3444 696 3499 Agr.)
719 3461 791 3486 nec
819 3460 972 3497 sperno.
1007 3449 1069 3484 Ita
1097 3460 1185 3485 nar-

303 3509 382 3551 rat,
402 3510 449 3543 ut
474 3504 607 3542 statim
625 3504 790 3541 movisse
807 3503 918 3540 miles
939 3514 979 3538 se
997 3502 1188 3539 videatur.

302 3559 358 3599 At
383 3557 603 3611 Egesippus
635 3558 767 3611 (quem
794 3557 937 3597 suadeo
956 3556 997 3596 in
1011 3560 1098 3596 tota
1118 3557 1188 3594 hac

1247 1249 1412 1286 historia
1428 1247 1550 1300 legas)
1572 1255 1613 1296 4,
1631 1252 1696 1288 30.
1725 1254 1879 1287 noctem
1891 1250 2129 1301 interponit:

1248 1307 1289 1339 et
1330 1315 1446 1340 mane
1479 1304 1634 1341 demum
1670 1310 1872 1353 surgentes
1906 1307 2132 1354 evaginatis

1245 1357 1398 1404 gladiis
1427 1359 1623 1395 insiluisse
1652 1370 1768 1407 super
1797 1359 1990 1395 Goecinam
2021 1359 2131 1404 facit.

1247 1411 1362 1448 Llrs.
1418 1411 1619 1447 Firmatur
1636 1412 1678 1448 in
1683 1411 1805 1459 fama
1820 1412 1995 1460 proditio
2014 1413 2129 1452 MSS.

1246 1463 1353 1503 Flor.
1375 1463 1511 1516 (Eud.)
1525 1465 1663 1511 >Guelf.
1678 1465 1764 1501 edd.
1782 1466 1932 1502 Puteol.
1945 1465 2127 1503 Beroald-

1248 1528 1330 1565 sqq.
1364 1518 1515 1566 Estque
1534 1518 1598 1555 hic
1614 1518 1751 1555 modus
1777 1517 1964 1567 loquendi·
1989 1520 2130 1558 Tacito

1243 1571 1414 1608 usitatus
1435 1570 1512 1621 (cf.
1533 1572 1588 1609 Η.
1607 1578 1648 1617 2,
1662 1577 1728 1612 73.
1755 1570 1848 1620 Agr.
1865 1571 1948 1622 46.)
1980 1576 2020 1610 et
2038 1583 2129 1610 con-

1242 1625 1375 1662 textui
1393 1625 1642 1663 conveniens.
1676 1625 1798 1676 Fama
1814 1625 1871 1662 rei
1891 1627 2009 1663 exciti
2026 1627 2130 1664 mili-

1245 1681 1304 1714 tes
1324 1678 1468 1726 integri
1485 1679 1528 1715 in
1546 1679 1740 1727 principia
1756 1684 1936 1729 currunt.
1973 1681 2047 1718 Ed.
2064 1692 2128 1730 pr.

1243 1731 1411 1780 infamia
1429 1733 1604 1781 prodidit
1630 1733 1714 1770 MS.
1741 1726 2044 1781 Mirandula'nus
2072 1737 2131 1772 rei

1231 1785 1353 1837 sama
1373 1786 1515 1831 didita,
1535 1786 1638 1835 quod
1656 1787 1813 1836 elegans
1829 1789 1904 1833 est,
1922 1786 1990 1824 sed
2005 1788 2129 1825 inter-

1244 1838 1430 1888 polatoris
1465 1851 1628 1877 manum
1660 1841 1778 1890 sapit.
1794 1855 1795 1858 ¹
1833 1841 2019 1878 Ceterum
2048 1853 2127 1879 non

1243 1904 1400 1941 negem,
1418 1893 1590 1942 aliquam
1618 1893 1848 1942 corruptelae
1874 1894 2043 1942 alicuius
2061 1906 2130 1932 su-

1245 1947 1459 1994 spicionem
1479 1959 1563 1984 esse
1587 1959 1634 1985 ex
1653 1959 1715 1994 eo,
1734 1948 1836 1997 quod
1855 1959 1935 1985 non
1953 1948 2048 1985 satis
2066 1961 2130 1986 co-

1244 2001 1395 2037 haerent
1411 2001 1600 2039 membra.
1645 2001 1750 2039 Nam
1767 2005 1969 2039 structura
1985 2002 2130 2040 oratio·

1243 2054 1306 2091 nis
1317 2054 1526 2100 desiderat,
1540 2058 1588 2092 ut
1597 2059 1669 2092 aut
1684 2061 1722 2092 et
1739 2056 1792 2092 sit
1805 2059 1897 2092 ante
1914 2066 2127 2101 recurrens,

1243 2111 1315 2145 aut
1328 2108 1490 2145 ablativi
1502 2107 1788 2158 'consequentiae
1799 2108 1850 2146 ab
1864 2110 1993 2149 initio.
2019 2110 2129 2148 Enn-

1243 2163 1413 2199 Grutero
1432 2161 1611 2211 placebat
1631 2162 1798 2213 infamia
1809 2162 1972 2213 prodita
1989 2163 2052 2202 vel
2069 2163 2129 2201 di-

1243 2216 1340 2253 dita·
1839 2252 1841 2256 .
1928 2239 1936 2255 ‘s

1294 2269 1583 2318 Proeseriptum
1613 2271 1728 2320 Ve-sp.
1756 2269 1908 2322 nomen]
1942 2270 1991 2308 V.
2020 2271 2130 2320 Lips.

1242 2322 1290 2358 ad
1311 2333 1344 2360 c.
1365 2327 1432 2359 31.
1465 2324 1573 2360 ERN.

1300 2377 1450 2412 Cuncta
1495 2377 1622 2413 simul
1650 2375 1878 2427 erumpunt]
1922 2377 2126 2416 Acidalius

1242 2429 1442 2478 eleganter
1458 2430 1618 2477 conjicit
1633 2432 1778 2477 cuncti,
1797 2431 1894 2468 adde
1907 2442 1942 2468 c.
1959 2437 1974 2468 1
1984 2438 2022 2471 4.
2038 2433 2129 2470 init.

1241 2484 1337 2519 Mox
1355 2495 1426 2532 pro
1443 2484 1621 2521 cecidisse
1651 2483 1841 2522 Heinsius
1868 2482 2041 2523 malebat
2066 2498 2127 2523 re-

1240 2537 1391 2583 cidisse,
1411 2537 1457 2573 de
1487 2549 1564 2585 quo
1595 2536 1672 2575 vid.
1684 2549 1687 2553 ·
1700 2538 1750 2575 ad
1778 2539 1830 2581 A.
1861 2544 1904 2585 3,
1929 2536 1998 2580 59.
2052 2539 2128 2578 Sed

1240 2591 1339 2627 illud
1375 2602 1530 2639 quoque
1562 2591 1710 2628 bonum
1750 2596 1865 2640 puto,
1903 2596 2039 2642 estque
2082 2593 2125 2630 in

1239 2644 1351 2681 libris
1381 2645 1577 2683 omnibus.
1633 2646 1728 2683 Mox
1753 2658 1827 2695 pro
1854 2649 2007 2685 vinctas
2033 2650 2128 2684 ante

1240 2698 1368 2735 Rhen.
1395 2698 1492 2735 editi
1509 2699 1657 2736 habent
1664 2699 1844 2748 junctas,
1864 2700 2028 2738 inversis
2046 2701 2127 2749 pri-

1240 2752 1316 2789 mis
1333 2752 1474 2799 literiS,
1492 2757 1539 2789 ut
1558 2765 1674 2801 saepe.
1722 2754 1831 2791 ERN.
1878 2754 2021 2792 Cuncti
2034 2765 2126 2802 pro·

1242 2806 1311 2843 bat
1336 2807 1540 2843 Broterius
1564 2807 1656 2856 Bip.
1689 2813 1830 2844 cuncta
1858 2807 2000 2856 quarto
2031 2818 2125 2845 casu

1240 2860 1413 2908 positum
1427 2863 1584 2909 putant,
1603 2866 1648 2898 ut
1663 2861 1768 2909 apud
1780 2860 1862 2899 Cic.
1880 2861 1929 2898 ad
1947 2862 2034 2899 Att.
2057 2863 2123 2906 16,

1240 2919 1279 2952 3.
1311 2913 1374 2950 Ne
1403 2915 1447 2951 in
1477 2927 1537 2951 me
1567 2915 1805 2952 stomachum
1832 2920 2051 2964 erumpant.
2085 2919 2127 2951 et

1240 2978 1304 3015 ap.
1330 2967 1491 3005 Terent.
1520 2969 1625 3005 Eun.
1641 2975 1682 3015 3,
1703 2974 1743 3014 5,
1763 2973 1802 3005 2.
1838 2967 1983 3006 Jmnne
2000 2979 2128 3005 erum-

1233 3033 1327 3070 pere
1343 3021 1412 3057 Izoc
1425 3023 1513 3059 licet
1526 3021 1626 3059 milti
1631 3020 1832 3072 gaudium
1844 3021 1866 3059 ?
1900 3022 1995 3059 Mox
2012 3021 2126 3059 Brut.

1241 3086 1394 3123 quoque
1413 3076 1549 3111 mallet
1572 3077 1761 3113 recidisse.

1297 3130 1517 3165 Germanioi
1533 3127 1740 3178 eam-citus]
1764 3128 1826 3165 Sic
1836 3127 1966 3165 Rhea.
1981 3139 2004 3164 e
2019 3128 2124 3166 Bud.

1239 3182 1349 3231 prius
1368 3180 1572 3229 legebatur
1594 3182 1789 3219 Germani.

1297 3234 1723 3284 Othoniani'eoeercitas]
1746 3234 1830 3271 MS.
1843 3234 1946 3271 Rud.
1965 3233 2124 3273 Germa-

1238 3289 1330 3325 nic-i.
1387 3288 1459 3325 Ed.
1491 3299 1550 3335 pr.
1581 3293 1790 3336 utramque
1816 3287 2022 3325 lectionem
2051 3290 2124 3326 mi·

1239 3345 1341 3378 scet:
1378 3342 1632 3379 Othomanici.
1654 3342 1700 3379 V.
1727 3341 1776 3378 ad
1805 3346 1846 3386 5,
1866 3347 1931 3379 93.
1973 3338 2126 3391 ‘Vulga-

1238 3399 1326 3431 tum
1345 3405 1480 3431 verum
1498 3401 1574 3432 est.
1621 3396 1717 3432 Mox
1737 3402 1866 3432 tamen
1884 3397 2023 3433 iisdem
2040 3397 2124 3434 ictis

1239 3448 1387 3496 campis
1406 3449 1518 3486 MSS.
1537 3452 1577 3484 et
1595 3450 1679 3485 edd.
1698 3452 1790 3485 ante
1819 3450 1945 3485 Rhen.
1970 3449 2039 3498 qui
2057 3451 2124 3487 de—

1241 3503 1299 3538 dit
1316 3502 1353 3551 (e
1367 3500 1491 3551 Bud.)
1509 3509 1591 3540 tum
1608 3504 1744 3540 iisdem
1759 3505 1906 3552 campis
1924 3504 2017 3541 illis.
2046 3503 2122 3539 Ve-

1239 3560 1305 3598 tus
1323 3556 1492 3595 reddidit
1509 3557 1692 3607 Ryckius.
1747 3558 1857 3597 Eas.
1914 3558 2041 3597 Rhen.
2060 3567 2122 3595 re-
