2190 3880
256 134 356 184 282
865 127 1474 185 HISTORIARUM

124 283 175 322 A.
191 278 247 319 υ.
263 273 369 328 que
394 253 684 337 mandatis,
707 251 979 315 discordia
1004 259 1251 330 quaesita,
1273 273 1539 333 auctaque
1557 251 1728 335 pravo
1752 262 2067 319 certamine.

142 338 235 405 ‚8245
268 331 597 399 Legatorum
625 346 706 380 vas
732 329 969 384 adolevit
995 332 1353 386 diuturnitate
1395 335 1584 401 officii,
1617 336 1701 389 vel
1734 337 1864 407 quia
1894 336 2070 394 mino-

129 391 245 487 ᾖξ’·
266 402 413 454 ribus
441 400 616 470 major
641 400 932 454 aemulandi
970 422 1130 467 cura;
1157 403 1565 463 ,proconsulum
1607 409 2070 478 splendidissimus

177 471 248 557 4⁴9
265 472 493 544 quisque
518 473 795 525 securitati
825 473 1016 543 magiS‚
1042 493 1202 543 quam
1228 476 1490 546 potentiae
1517 479 1889 536 consulebant.
1963 479 2072 534 Sed

266 559 380 598 tum
404 544 676 616 legionem
704 544 759 595 in
779 543 969 596 Africa
992 545 1214 616 regebat
1239 545 1483 600 Valerius
1508 547 1715 614 FestuS,
1738 563 2070 622 sumptuosae

263 616 661 680 adolescentiae,
699 633 874 684 neque
912 615 1127 668 modica
1167 611 1410 688 cupiens,
1449 630 1505 672 et
1548 621 1829 684 adfinitate
1871 623 2072 679 Vitellii

263 690 479 743 anxi-usi.
557 686 611 739 Is
652 686 854 739 crebris
903 687 1240 740 sermonibus
1297 692 1654 745 tentaveritne
1696 692 1974 753 Pisonem.
2004 695 2074 749 ad

264 780 348 816 res
375 778 561 824 novaS,
581 776 648 810 an
677 758 909 810 tentanti
939 759 1215 826 restiterit,
1242 760 1540 830 incertum3
1582 765 1849 835 quoniam„
1867 777 2074 820 secreto

265 851 452 887 eorum
488 848 649 883 nemo
687 829 882 895 adfuit,
909 843 982 895 et,
1009 832 1191 884 occiso
1223 832 1441 900 Pisone,
1471 835 1709 908 plerique
1745 837 1812 890 ad
1841 838 2076 919 gratiam

266 902 631 961 interfectoris
679 902 1024 958 inclinavere.
1100 903 1220 957 Nec
1270 907 1586 978 ambigitur,
1632 910 1968 979 provinciam
2018 921 2078 964 et

266 977 499 1030 militem
537 975 774 1026 alienato
813 993 944 1046 erga
971 974 1364 1046 Vespasianum
1408 979 1591 1032 animo
1629 980 1823 1035 fuisse:
1860 993 1918 1034 et
1953 982 2076 1052 qui-

267 1050 393 1102 dam
415 1066 450 1100 e
478 1046 802 1112 VitellianiS,
829 1050 962 1099 urbe
990 1047 1229 1119 profugi,
1252 1051 1602 1120 ostentabant
1633 1051 1820 1107 Pisoni
1843 1061 2078 1106 nutantes

271 1120 501 1185 Gallias,
533 1128 774 1190 paratam
820 1117 1172 1185 Germaniam,
1197 1120 1441 1192 Ῥενὶοαία
1483 1123 1639 1193 ipsias
1668 1133 1716 1177 et
1749 1125 1806 1178 ‘in
1832 1144 1961 1197 pace
1993 1143 2077 1178 su-

183 1205 189 1215 ’
267 1201 435 1265 specta
472 1193 630 1245 tatius
669 1191 873 1244 bellum.
950 1190 1100 1244 Inter
1135 1211 1258 1262 quae
1295 1192 1555 1247 Claudius
1599 1196 1831 1267 Sagitta,
1875 1196 2078 1258 Praefe-

270 1278 398 1328 ctus·
418 1264 516 1317 alae
545 1263 801 1329 Petrinae,
825 1282 1081 1334 prospera
1109 1266 1459 1338 navigatione
1489 1269 1752 1337 praevenit
1779 1265 2080 1340 Papirium,

270 1337 684 1401 Centurionem,
713 1355 745 1388 a
781 1335 1046 1389 Muciano
1086 1337 1328 1402 missum,
1355 1339 1799 1411 adseveravitque
1835 1339 2082 1394 mandata

269 1407 605 1479 interficiendi
637 1407 844 1461 Pisonis
884 1406 1184 1461 Centurioni
1220 1409 1362 1461 data.
1441 1409 1687 1464 Cecidisse
1720 1411 2080 1478 Galerianum,

272 1480 623 1535 consobrinum
647 1480 753 1552 ejus
773 1498 1127 1552 generumque.
1210 1478 1378 1534 Unam
1406 1480 1461 1534 in
1487 1482 1706 1537 audacia
1730 1503 1863 1556 spem
1885 1483 2080 1538 saluti&

278 1553 380 1607 Sed
413 1551 514 1606 duo
548 1553 736 1606 itinera
772 1551 1027 1619 audendi3
1073 1570 1158 1604 sea
1194 1552 1370 1605 mallet
1408 1555 1580 1607 statim
1614 1574 1777 1621 arma,
1802 1575 1887 1610 seu
1916 1556 2083 1628 petita

271 1625 490 1679 navibus
539 1624 738 1689 Gallia,
787 1623 988 1678 Ducem
1032 1642 1080 1677 se
1128 1622 1417 1678 Vitellianis
1458 1626 1751 1681 exercitibus*
1792 1620 2082 1682 ostenderet.

275 1698 430 1752 Nihil
468 1697 536 1751 ad
563 1716 627 1750 ea
663 1705 812 1750 moto
851 1697 1070 1764 Pisone,
1099 1696 1362 1750 Centurio
1405 1717 1437 1751 a
1478 1698 1743 1752 Muciano
1782 1702 1995 1768 missus,
2022 1715 2086 1754 ut

273 1846 449 1896 beneficio
468 1844 646 1884 Caesaris.
675 1855 766 1882 nam
784 1844 838 1882 ibi
858 1848 929 1882 aut
950 1844 1076 1881 addit-i
1095 1843 1154 1880 he·

269 1902 404 1950 'reficio
415 1907 483 1938 tuo
494 1912 584 1937 cum
597 1899 765 1937 casaub.
775 1899 999 1948 legendum,
1008 1901 1079 1935 aut
1088 1898 1156 1948 qui

271 1962 362 1993 sunt
375 1955 551 2004 beneficio
562 1960 643 1992 tao.
687 1955 746 1992 Ut
761 1955 810 1990 ad
823 1954 1005 1991 Tacitum
1022 1954 1156 1990 venia-

270 2022 374 2056 mus,
383 2014 560 2060 aequatus
571 2008 848 2046 beneficiorum
859 2020 1045 2046 numerus
1055 2006 1153 2044 nihil

272 2069 333 2102 est
343 2065 467 2110 aliud,
479 2075 596 2114 quam
605 2075 812 2101 numerum
824 2064 996 2100 locorum
1008 2062 1154 2100 milita-

271 2121 483 2169 rium,quae
495 2119 798 2168 adsignarentur
809 2118 975 2155 arbitrio
988 2119 1154 2156 Procon-

273 2175 385 2220 sulis,
402 2174 523 2213 fuisse
544 2174 649 2211 inter
669 2177 882 2222 utrumque
899 2173 957 2210 ita
972 2173 1156 2218 divisum,

272 2234 320 2267 ut
332 2233 502 2278 uterque
518 2228 683 2266 totidem
699 2232 864 2264 crearet.
900 2229 1011 2266 ERN.

328 2284 459 2321 Pravo
477 2283 686 2320 certamine
704 2281 941 2332 legatorum]
1001 2282 1154 2319 Distin-

273 2338 474 2388 guendum
509 2348 675 2374 censeo:
710 2343 747 2374 ee
778 2337 918 2374 mixtis
953 2337 1155 2384 utriusque

273 2394 471 2432 ‚navzdatis
513 2392 706 2430 erse-ordia
748 2391 928 2442 quaesita,
965 2396 1157 2440 auctaque

270 2460 393 2499 pravo
411 2447 631 2484 certamine.
679 2446 928 2494 Legatorum
938 2444 1012 2494 jus
1030 2445 1156 2481 adole-

276 2505 332 2540 vit
353 2502 613 2540 diuturnitate
639 2499 769 2549 officii.
824 2501 913 2538 Hoc
942 2499 1046 2536 enim
1074 2499 1154 2534 ait:

277 2557 370 2594 dum
389 2557 586 2606 imperant
610 2555 747 2592 iisdem
775 2557 942 2604 uterque
969 2565 1041 2592 suo
1064 2554 1158 2601 jure

277 2623 378 2661 saepe
405 2612 618 2656 contraria,
638 2610 831 2648 discordia
857 2613 996 2646 exorta
1021 2612 1095 2654 est,
1118 2610 1159 2644 et

277 2678 326 2703 ea
348 2678 473 2716 pravo
499 2666 722 2710 certamine,
750 2664 844 2702 dum
872 2667 1014 2701 neuter
1043 2662 1159 2700 alteri

278 2721 488 2758 concedere
507 2720 694 2765 sustinet,
711 2725 843 2757 aucta.
898 2718 973 2756 Sed
993 2719 1159 2767 Legato-

277 2788 366 2814 rum
383 2778 556 2824 potestas
580 2774 803 2823 praevaluit,
822 2773 917 2823 quia
940 2772 1159 2823 complures

279 2842 351 2879 per
365 2841 489 2875 annos
506 2841 591 2866 eam
611 2839 745 2866 curam
761 2828 976 2874 habebant,
993 2829 1162 2865 Procon-

279 2885 381 2922 sules
398 2884 610 2933 quotannis
628 2883 902 2929 mutabantur,
916 2886 994 2920 etc.
1023 2883 1161 2920 GRON.

278 2941 339 2978 Ea
358 2939 627 2987 interpunctio
643 2941 703 2975 est
719 2938 762 2975 in
780 2937 865 2975 MS.
894 2938 992 2986 Agr.
1020 2937 1081 2974 ed.
1099 2948 1160 2985 pr.

279 2994 327 3031 In
356 2994 488 3031 Guelf.
524 2992 581 3044 (et
607 2990 726 3043 Bud.)
754 2993 888 3030 omnia
916 3004 997 3030 uno
1026 2996 1164 3028 tenore

279 3048 365 3084 sine
410 3048 729 3097 interpunctione
773 3047 932 3096 scripta.
1001 3046 1166 3094 Recepit

279 3102 466 3150 Ryckius‚
511 3113 627 3149 quem
678 3101 859 3139 imitatus
913 3113 1013 3139 sum.
1070 3101 1166 3138 Mox

280 3168 354 3207 pro
377 3157 465 3206 jus,
495 3157 627 3193 Guelf.
659 3160 701 3193 et
731 3157 799 3194 alii
835 3167 899 3204 ap.
938 3155 1165 3192 Broterium

280 3213 355 3257 ute,
378 3211 482 3259 quod
511 3222 591 3247 non
618 3214 767 3248 temere
796 3211 1025 3259 spreverim.
1082 3209 1167 3247 Sal-

280 3269 362 3303 tem
381 3265 456 3314 jus
486 3265 526 3301 h.
553 3264 580 3301 1.
609 3265 666 3301 sic
696 3265 852 3302 dicitur.
895 3266 1003 3303 ERN.
1060 3264 1164 3301 Bud.

270 3320 361 3372 jus,
378 3331 457 3358 non
485 3318 620 3364 dubie,
638 3322 686 3356 ut
707 3318 817 3357 alibi.
860 3318 963 3368 Rip..
983 3329 1165 3367 recepere

281 3376 353 3412 vis.
407 3375 509 3411 Puto
526 3374 686 3410 rectius.

342 3429 525 3467 Valerius
554 3425 710 3478 Festus]
760 3425 913 3464 Plinius
946 3427 1022 3474 Ep.
1051 3431 1094 3471 3,
1127 3431 1165 3465 7.

283 3484 423 3533 Nuper
439 3483 490 3521 L.
508 3482 618 3527 Piso,
631 3489 746 3532 pater
762 3482 888 3527 illius,
907 3482 975 3531 qui
1003 3492 1027 3516 a
1050 3481 1165 3517 Vale·

282 3540 343 3576 rio
361 3539 474 3576 Festo
486 3549 559 3587 per
573 3536 944 3587 summumsaeinus
963 3536 1006 3573 in
1024 3534 1171 3584 Africa

283 3594 430 3631 occisus
443 3598 511 3631 est.
558 3593 669 3631 LIPS.

1264 1845 1398 1895 Neque
1422 1845 1574 1882 nzodica
1604 1846 1776 1894 cupiens,
1798 1847 1867 1884 sed
1897 1845 2088 1897 affinitate

1214 1900 1368 1937 Vitellii
1402 1899 1561 1949 ana-ius]
1621 1900 1796 1938 Primum
1837 1901 1949 1940 MSS.
1979 1901 2087 1939 Bud.

1209 1953 1340 1991 Guelf.
1368 1955 1519 2004 cupido.
1574 1955 1727 1991 Deinde
1762 1955 1865 1994 Bud.
1889 1957 1951 1992 si.-
1986 1955 2086 2003 Agr.

1207 2009 1267 2045 ed.
1285 2020 1343 2057 pr.
1362 2015 1399 2046 et
1413 2022 1426 2045 .·
1453 2009 1574 2047 ceteri
1591 2020 1664 2046 scr.
1691 2013 1734 2046 et
1748 2010 1834 2048 edd.
1855 2012 1935 2049 eed-
1988 2011 2089 2058 Byc-

1206 2063 1295 2100 kius
1319 2063 1469 2111 recepit
1491 2069 1543 2104 et.
1595 2063 1781 2112 Ambigo,
1797 2069 1932 2114 utrum
1953 2064 2091 2115 proefe-

1208 2118 1372 2155 rendum
1412 2120 1564 2166 putem.
1618 2118 1729 2156 Nihil
1775 2120 1882 2157 enim
1919 2119 1961 2157 in
1997 2129 2090 2155 eon-

1210 2175 1323 2210 textu
1360 2172 1525 2222 reperio,
1557 2172 1660 2209 unde
1693 2174 1797 2210 ratio
1826 2185 1916 2211 cum
1949 2173 2093 2211 fiducia

1210 2227 1343 2276 aliqua
1361 2226 1647 2277 pronunciandi
1665 2228 1768 2266 sumi
1787 2228 1923 2278 possit.
1950 2228 2092 2277 Itaque

1210 2282 1330 2319 libros
1348 2283 1482 2331 plures
1499 2285 1657 2318 secutus
1674 2294 1776 2320 sum.
1817 2283 1927 2320 ERN.
1981 2283 2092 2320 Bene

1209 2338 1326 2374 Grut.
1357 2337 1514 2384 praefert
1543 2341 1596 2381 et,
1615 2336 1708 2384 quia
1739 2337 1859 2374 etiam
1887 2338 1959 2375 hoe
1986 2338 2093 2374 inter

1209 2402 1381 2436 caussas,
1399 2402 1469 2428 cur
1485 2390 1602 2427 citius
1619 2390 1669 2427 ad
1687 2401 1749 2428 res
1775 2403 1896 2429 novas
1923 2391 2093 2429 transie-

1210 2446 1276 2483 rit.
1332 2445 1394 2482 Sic
1414 2449 1454 2482 et
1469 2445 1559 2493 Bip.

1263 2500 1447 2538 Alienato
1465 2511 1563 2548 erga
1587 2497 1721 2550 νειμ]
1769 2499 1843 2538 Ed.
1861 2511 1921 2548 pr.
1941 2500 2094 2537 aliem-

1211 2561 1305 2593 tam.
1362 2555 1455 2591 Post
1483 2555 1525 2591 in
1551 2557 1644 2591 ante
1666 2566 1766 2603 paee
1793 2554 1961 2592 deletam
1987 2553 2094 2591 vole-

1214 2609 1311 2647 bant
1345 2609 1536 2654 Faernus,
1571 2607 1771 2654 Muretus,
1811 2609 1975 2647 Grotius
2017 2611 2093 2647 etc.

1213 2675 1330 2714 quam
1350 2674 1483 2700 omnes
1503 2662 1595 2700 libri
1614 2662 1818 2701 exhibent.
1848 2664 1957 2702 ERN.
1999 2662 2093 2710 Bip.

1214 2718 1374 2765 delent;
1409 2718 1477 2755 sed
1503 2717 1598 2754 ferri
1626 2721 1773 2766 potest,
1794 2717 1929 2766 judice
1951 2717 2096 2756 Acida-

1213 2773 1282 2812 lio.
1331 2773 1496 2810 Servant
1512 2773 1632 2809 etiam
1650 2773 1762 2809 Brot.
1780 2772 1881 2810 Lan.

1271 2826 1494 2876 Proefi’ctus
1518 2827 1594 2864 alae
1615 2825 1805 2876 Petrinoe]
1864 2827 1915 2864 In
1941 2824 2098 2864 Notitia

1215 2882 1376 2932 Imperii
1400 2882 1501 2920 Sect.
1524 2885 1591 2919 63.
1637 2881 1854 2929 Proefhctns
1874 2882 1950 2919 ale
1965 2880 2096 2917 Petri-

1217 2949 1304 2975 anoe
1339 2937 1487 2985 legitur
1519 2936 1560 2972 in
1592 2935 1819 2982 Britannia,
1846 2947 1920 2985 per
1953 2935 2097 2972 lineam

1218 2993 1327 3029 valli.
1382 2990 1461 3028 Ubi
1498 2990 1604 3027 linea
1630 2989 1739 3037 valli,
1768 3001 1848 3026 non
1882 2987 1991 3027 aliud
2020 2993 2096 3033 est,

1221 3057 1338 3095 quam
1368 3048 1519 3082 tractus
1549 3044 1614 3081 ille
1648 3045 1697 3081 ad
1727 3044 1873 3081 vallum
1903 3054 1929 3080 a
1954 3043 2098 3081 severo

1219 3101 1385 3148 aliisque
1403 3103 1659 3136 exstructum.
1702 3100 1814 3137 Lxrs.
1860 3098 1922 3135 De
1939 3097 2006 3134 ala
2023 3097 2098 3134 Pe-

1219 3156 1326 3192 trina
1345 3166 1381 3192 v.
1403 3155 1509 3203 Lips.
1525 3154 1572 3190 ad
1590 3154 1640 3190 A.
1670 3158 1733 3198 11,
1753 3158 1794 3190 4.
1838 3152 1946 3190 ERN.
2002 3151 2099 3189 Mox

1219 3209 1323 3246 Bud.
1340 3210 1538 3253 mnissum,
1554 3208 1696 3244 vitium
1714 3220 1736 3243 e
1750 3206 1894 3244 vicinia
1909 3208 2055 3243 ortum.

1275 3263 1465 3300 cecidisse
1521 3259 1790 3310 Galerianum]
1848 3260 1946 3297 Cod.
1988 3259 2096 3298 Bud.

1219 3318 1366 3354 cesiese.
1420 3315 1535 3353 Unde
1552 3316 1766 3353 Rhenanus
1791 3326 1908 3352 eoesos
1924 3327 2001 3352 esse
2021 3316 2100 3353 Ga-

1220 3372 1288 3407 lar.
1316 3370 1550 3419 corrigebat.
1604 3370 1661 3407 At
1681 3369 1860 3407 cecidisse
1881 3369 2026 3407 iterum
2043 3370 2100 3406 sie

1220 3436 1309 3462 mox
1328 3436 1361 3462 c.
1380 3429 1447 3462 51.
1495 3425 1603 3462 Ean.

1274 3479 1318 3516 A
1332 3479 1521 3518 Blucium»
1538 3477 1693 3528 missus]
1750 3478 1979 3527 Praepositio
1993 3477 2102 3515 deest

1224 3532 1267 3571 in
1280 3534 1383 3572 Bud.
1439 3534 1534 3572 Mox
1551 3532 1646 3583 Agr.
1664 3538 1884 3573 ostentaret.
