2190 3880
592 96 746 144 LIB.
790 95 861 144 11.
916 94 1082 144 cAP,
1114 100 1198 144 99.
1223 102 1332 146 100.
1754 99 1849 151 157

33 225 296 290 Tandem,
319 220 635 293 inruptione
660 219 923 284 hostium,
946 219 1226 272 atrocibus
1253 221 1494 291 undique
1523 224 1728 277 nuntiis
1750 243 1847 278 ex·
1862 245 1914 285 A.
1932 246 1984 288 U.

32 298 272 360 territuS,
300 293 583 347 Caecinam
621 303 680 345 et
717 290 1004 344 Valentem
1032 290 1296 361 expedire
1333 293 1401 343 ad
1431 292 1630 346 bellum
1662 296 1842 364 jubet.
1873 301 1970 340 823·

32 367 344 439 praemissus
368 363 626 416 Caecina:
667 361 973 427 Valentem,
1000 379 1031 413 e
1058 361 1212 432 gravi
1235 363 1480 432 corpo-ris
1508 366 1702 417 morbo
1731 378 1845 419 tum
1865 355 1917 393 A.
1936 356 2008 397 α’

33 438 267 509 primnm
295 435 698 505 adsurgentem,
727 433 1012 486 infirmitas
1041 432 1306 484 tardabat.
1375 433 1566 504 Longe
1592 435 1696 487 alia
1723 455 1848 506 pro·
1863 413 1958 530 9⁷53·

32 507 328 562 fieiecentis
353 524 423 559 ex
453 507 585 564 urbe
614 503 930 558 Germanici
966 504 1240 556 exercitus
1268 505 1476 576 species
1501 526 1515 556 :
1553 523 1663 557 non
1692 509 1850 577 vigor

30 579 373 650 corporibuS,
408 595 519 630 non
558 576 719 629 ardor
758 575 986 628 animis:
1050 575 1254 627 lentum
1304 586 1361 627 et
1401 593 1582 628 rarum
1629 595 1850 646 agmen,

33 651 184 702 fluxa
211 667 379 714 arma,
396 665 587 718 segnes
615 647 772 716 equi:
804 646 1074 718 inpatiens
1103 647 1249 710 soliS,
1279 646 1532 716 pulveriS,
1556 658 1852 718 tempesta-

32 732 148 776 tum
172 741 186 773 ι
242 733 621 790 quantumque
657 718 824 770 hebes
863 717 928 768 ad
973 717 1349 769 sustinendum
1394 717 1633 770 laborem
1676 718 1849 784 miles,

31 803 188 850 tanto
241 791 307 843 ad
348 789 644 842 discordias
692 788 1018 858 promptior.
1106 787 1422 842 Accedebat
1460 788 1567 841 huc
1605 787 1848 849 Caecinae

32 862 266 915 ambitio
289 872 466 925 -vetuS,
492 872 680 929 torpor
705 877 910 922 recem,
931 859 1101 911 nimia
1129 859 1366 910 fortunae
1395 859 1737 931 indulgentia
1763 879 1851 914 so-

31 932 134 993 luti
161 934 218 984 iu
247 931 437 984 luxum
461 951 475 984 ε
515 948 605 982 seu
646 930 929 1002 perfidiam
969 930 1287 995 meditantis
1314 929 1612 1000 infringere
1639 933 1850 984 exerci-

31 1017 123 1056 tuo
166 1003 443 1064 virtutem,
470 1002 612 1054 inter
657 1014 799 1053 artes
839 1012 973 1053 erat.
1049 1000 1343 1053 Credidere
1384 1002 1645 1072 plerique,
1677 1002 1850 1059 Flavii

34 1073 496 1139 Sabini-consiliis
534 1089 858 1125 concussam
899 1071 1157 1129 Caecinae.
1184 1083 1440 1136 mentem,
1468 1073 1717 1124 ministro
1742 1091 1851 1126 ser..

32 1163 261 1205 monum
306 1143 520 1198 Rubrio
571 1142 753 1207 Gallo,
793 1150 911 1194 rata
961 1141 1104 1211 apud
1143 1139 1507 1211 Vespasianum
1533 1141 1661 1214 fore.
1690 1153 1851 1213 pacta

33 1215 370 1269 tmmitionis·
419 1214 582 1266 simul
622 1214 875 1269 odiorum
918 1212 1251 1280 invidiaeque
1295 1230 1426 1282 erga
1467 1213 1696 1265 Fabium
1739 1215 1850 1267 Va-

32 1287 236 1340 lentem
261 1285 676 1348 admonebatur,
702 1292 759 1335 ut
785 1284 940 1354 inpar
963 1282 1105 1353 apud
1135 1281 1420 1349 Vitelliam,
1438 1284 1667 1354 gratiam
1690 1286 1850 1338 vires..

34 1375 132 1428 que
151 1357 296 1429 apud
330 1373 518 1415 novum
546 1354 848 1426 Principem
870 1363 1098 1424 pararet.
1176 1354 1403 1407 Caecina
1429 1355 1722 1429 complexu
1753 1357 1849 1408 Vi-

35 1428 169 1485 tellii
198 1427 370 1482 multo
394 1444 521 1480 cum
565 1425 774 1486 honore
815 1427 1110 1496 digressuS,
1139 1437 1347 1496 partem
1384 1427 1632 1496 equitum
1661 1426 1727 1478 ad
1757 1446 1851 1481 oc-

33 1498 340 1572 cupandam
369 1497 697 1551 Cremonam
726 1497 1011 1569 praemisit.
1058 1515 1193 1552 mox
1221 1496 1422 1551 vexilla
1446 1509 1677 1568 quartae,
1704 1498 1850 1552 deci-

1872 1368 1975 1418 100

31 1666 207 1717 flabat
234 1667 526 1719 intelligebant,
554 1667 787 1723 perflabant.
839 1666 915 1704 Ed.
968 1677 991 1702 e
1019 1666 1235 1704 veteranis:
1267 1666 1335 1715 qui
1364 1665 1570 1716 stipendiis
1602 1668 1786 1718 peractis,
1811 1670 1851 1714 id

34 1733 97 1777 pr.
128 1721 328 1759 consentit
347 1721 556 1758 Vaticano.
581 1723 689 1760 ERN.
720 1721 916 1759 Emenda-
969 1726 1030 1757 est
1047 1721 1234 1769 vigesimo
1261 1719 1413 1756 militiae
1430 1731 1535 1762 anno
1563 1720 1757 1766 absoluto,
1776 1723 1851 1764 sub

32 1775 154 1813 tionis
170 1775 298 1826 gloria
322 1778 439 1812 acuto
465 1775 632 1815 debetur
651 1775 834 1815 Rhenani
854 1773 915 1810 in·
968 1774 1120 1811 vexillis
1147 1772 1412 1819 habebantur,
1428 1774 1550 1810 donec
1578 1775 1782 1823 praemium
1810 1780 1852 1817 et

29 1829 166 1883 genio,
183 1830 260 1871 etsi
277 1829 318 1866 in
333 1831 489 1868 textum
510 1829 685 1878 recipere
702 1840 782 1866 non
800 1828 918 1865 susti·
971 1828 1137 1864 emerita
1153 1828 1399 1878 acciperent:
1430 1828 1477 1864 de
1495 1828 1638 1877 quibus
1657 1829 1708 1866 A.
1733 1833 1770 1876 1,
1784 1833 1851 1869 26.

34 1883 184 1925 nuerit.
241 1885 429 1926 Ceterum
458 1892 509 1919 ex
529 1882 567 1925 h.
591 1882 620 1925 I.
638 1882 806 1931 probare
823 1882 918 1922 niti·
971 1884 1013 1918 et
1037 1881 1134 1923 alibi
1152 1882 1246 1920 dixi.
1301 1881 1502 1927 Alterum,
1521 1890 1567 1918 ex
1585 1883 1791 1930 electione,
1810 1885 1852 1923 in

34 1941 104 1976 tur
121 1937 160 1975 J.
180 1936 246 1979 Fr.
262 1935 387 1982 Gron.
403 1935 502 1974 Obs.
521 1942 563 1983 4,
581 1942 621 1974 2.
641 1948 680 1984 p.
699 1942 765 1974 30.
784 1946 918 1972 omnes
970 1937 1205 1972 necessitate
1223 1935 1357 1984 aliqua
1385 1941 1456 1972 aut
1485 1935 1610 1974 bello:
1641 1948 1730 1975 cum
1758 1937 1853 1985 ipsae

42 1990 128 2032 Ms.
161 1989 292 2032 Taciti
320 1990 470 2026 codices
502 2001 550 2027 ex
587 1989 721 2028 eodem
744 1990 917 2027 fluxisse.
972 1989 1213 2037 legioneset
1228 1989 1371 2037 aquilae
1388 1990 1430 2031 in
1447 1989 1585 2026 castris
1603 1993 1675 2027 aut
1693 1992 1854 2039 provin-

37 2042 102 2081 cf.
119 2046 161 2080 et
178 2044 274 2086 Em.
290 2043 334 2085 in
352 2043 462 2092 praef.
766 2091 770 2094 ι

90 2095 311 2149 Expedire]
354 2097 418 2143 ‚Sjc
445 2095 546 2134 bene
571 2096 685 2135 Acid.
716 2100 764 2133 ut
793 2096 851 2134 H.
878 2101 916 2142 1,

39 2155 90 2188 lo
109 2154 150 2188 et
169 2156 233 2188 88.
286 2148 484 2201 Recepere
503 2156 544 2188 et
559 2151 650 2200 Bip.
676 2162 748 2199 pro
765 2150 918 2199 vulgari

37 2205 226 2254 expediri.
281 2204 372 2244 Hoc
397 2208 536 2242 tamen
567 2204 739 2241 occurrit
766 2203 819 2242 A.
853 2208 919 2254 14,

42 2262 106 2295 lo.

91 2307 287 2360 Etfluaea
314 2309 444 2361 arma]
476 2312 668 2363 copulam
686 2312 811 2348 delevi
828 2321 916 2347 cum

37 2362 192 2414 nyckio
215 2367 258 2401 et
274 2362 489 2412 Gronov'io,
521 2377 607 2414 quae
631 2365 744 2403 abest
772 2375 797 2401 a
815 2365 919 2402 Flor-

41 2415 178 2469 (Bau.)
199 2418 333 2456 Gueif.
351 2419 447 2468 Agr.
467 2419 553 2456 edd.
574 2432 635 2469 pr.
655 2419 806 2457 Puteol.
824 2419 916 2455 Ber.

32 2472 256 2520 ‚ceterisque
272 2470 473 2510 veteribus
484 2477 578 2510 ante
592 2475 698 2522 Lips.
712 2484 809 2522 quas
826 2472 920 2510 vidi.

40 2527 138 2564 Mox
153 2524 256 2562 edidi
268 2526 474 2576 perfidiam
502 2528 702 2572 meditato,
720 2531 768 2563 ut
792 2525 920 2575 place-

38 2579 111 2616 bat
145 2579 185 2616 J.
214 2580 425 2616 Gronovio.
478 2580 582 2617 Nam
612 2581 824 2618 meditanti
863 2582 921 2616 est

38 2644 91 2670 ex
108 2632 267 2680 ingenio
285 2632 480 2670 Rhenani.
501 2634 616 2672 MSS.
640 2633 757 2684 (Bud.
783 2631 919 2683 etiam)

42 2690 84 2723 et
104 2685 190 2724 edd.
208 2689 305 2723 vett.
325 2690 419 2723 ante
442 2687 677 2724 Rhenanam
696 2698 829 2724 omnes
847 2699 922 2723 me-

43 2740 199 2777 ditatio.
230 2740 337 2778 Ean.
364 2740 463 2791 Agr.
483 2741 721 2787 meditantis,
740 2740 842 2789 quod
857 2739 924 2776 be-

42 2805 94 2831 ne
124 2793 335 2842 respondet
364 2793 418 2843 τῷ
448 2794 551 2831 inter·
575 2800 679 2831 artes
706 2791 804 2832 erat.
861 2792 923 2830 Sic

41 2847 168 2884 visum
187 2856 342 2896 quoque
359 2846 450 2895 Bip.
469 2846 651 2885 Rhenani
666 2848 838 2884 secunda
853 2847 923 2884 ha·-

41 2901 113 2938 bet
127 2906 165 2938 et
167 2902 305 2950 fluxa.

97 2954 223 3004 Apud
249 2952 349 3009 Via]
382 2953 445 2991 Sic
472 2953 580 2991 Picb.
610 2963 633 2989 e
663 2953 767 2991 Flor.
797 2953 853 2991 sic
880 2957 920 2991 et

42 3007 146 3054 nau,
180 3013 222 3046 et
253 3008 352 3055 edd..
375 3011 454 3045 vet.
488 3011 530 3044 at
560 3007 689 3045 Rhea.
726 3007 834 3059 Lips.
870 3006 924 3044 ad

48 3061 184 3100 ritca.
912 3070 913 3075 ’

97 3115 201 3153 Μαι·
228 3115 432 3152 mutarit·
456 3109 820 3164 quanoedecimae‘ee
835 3125 922 3150 sex-

40 3167 271 3218 soedect'mae]
307 3167 416 3204 Libri
433 3167 585 3215 scripti,
602 3168 747 3204 vexilla
765 3167 923 3204 XIIII.

45 3225 88 3258 et
107 3221 239 3260 XIII.
260 3221 470 3270 legionum.
505 3220 580 3258 Sed
596 3222 726 3257 verius
743 3224 819 3266 eet,
839 3221 930 3258 XV

49 3275 121 3324 (sie
152 3273 339 3324 savinus)
375 3279 462 3320 aut,
493 3274 597 3323 quod
649 3275 828 3311 Mercero
866 3273 923 3323 (et

45 3326 175 3378 Brot.)
194 3329 338 3378 placet,
351 3334 500 3380 quarta·
513 3342 525 3365 .·
553 3339 643 3365 nam
659 3328 707 3364 de
719 3328 924 3365 Britanni-

41 3382 102 3418 cis
121 3393 210 3419 mox
227 3382 420 3431 seqnitur,
439 3382 544 3418 inter
571 3392 668 3430 quas
689 3382 770 3418 hoec
799 3383 922 3420 XIV.

23 3431 34 3436 ”
45 3436 136 3473 fuit.
192 3436 392 3482 Ceterum,
408 3435 526 3472 semei
542 3435 742 3472 sciendum
761 3441 837 3481 est,
850 3437 922 3474 du·

40 3489 164 3544 fficio.
178 3488 320 3528 vexffla
333 3489 459 3536 videri
470 3489 539 3531 illo
548 3501 631 3528 aevo
642 3489 775 3530 fuisse.
791 3490 921 3539 Prius,

971 2043 1042 2079 ciis
1066 2042 1409 2092 relinquebantur,
1437 2046 1545 2080 certa
1573 2054 1694 2081 manu
1722 2045 1853 2082 decer-

970 2099 1055 2144 pta,
1091 2095 1158 2152 qui
1190 2095 1263 2132 sub
1291 2096 1434 2133 vexillo
1461 2096 1737 2138 mittebantur.
1793 2098 1853 2137 Hi

971 2151 1087 2197 tales,
1113 2149 1304 2187 vexillarii
1321 2154 1363 2187 et
1389 2161 1410 2187 e
1426 2150 1499 2186 tali
1527 2151 1697 2199 legione,
1716 2151 1855 2189 dIcun·

971 2207 1041 2240 tur
1055 2205 1070 2240 ι’
1094 2215 1141 2245 ac
1170 2203 1406 2253 nimisquam
1433 2203 1615 2241 crebrum
1642 2208 1702 2242 est
1729 2205 1771 2242 in
1790 2205 1853 2244 his

972 2257 1100 2295 libris.
1151 2257 1189 2295 T
1192 2258 1408 2295 estimoniis
1426 2258 1508 2294 haec
1518 2259 1674 2295 firmare
1690 2258 1827 2296 liceret
1842 2274 1851 2296 :

973 2312 1085 2357 alias,
1115 2315 1186 2353 aut
1204 2311 1253 2348 ab
1282 2312 1360 2353 alio
1385 2313 1476 2351 fiet:
1508 2323 1613 2349 nunc
1639 2313 1733 2350 satis
1754 2314 1855 2351 indi-

974 2377 1096 2403 casse.
1127 2367 1238 2403 ers.
1266 2365 1396 2410 Falso,
1415 2369 1461 2402 ut
1486 2366 1724 2404 docebimus.
1779 2367 1855 2406 Sed

975 2419 1060 2456 MS.
1082 2419 1186 2456 Flor.
1202 2421 1345 2457 vexilla
1360 2421 1401 2456 in
1415 2420 1704 2470 quatuordecim
1719 2421 1854 2460 XIII.

972 2474 1183 2521 legionum.
1237 2474 1378 2521 sicque
1407 2477 1448 2510 ct
1484 2474 1544 2510 ed.
1582 2485 1640 2523 pr.
1678 2474 1781 2511 unde
1813 2476 1853 2515 J,

973 2528 1095 2564 Gron.
1125 2527 1286 2574 corrigit
1303 2528 1448 2564 vexilla
1467 2528 1605 2572 tertioe,
1622 2534 1771 2578 quartoe
1790 2529 1854 2566 de-

974 2582 1084 2617 cimoe
1101 2584 1142 2621 et
1157 2594 1190 2618 s.
1211 2582 1420 2629 legionum.
1448 2581 1608 2621 tertiam
1630 2581 1792 2618 latuisse
1811 2583 1852 2619 in

973 2634 1317 2682 praepositionem,
1332 2637 1370 2671 et
1383 2634 1662 2670 terminatione
1678 2636 1718 2670 in
1733 2636 1854 2673 aemil,

976 2687 1083 2724 larii.
1113 2687 1178 2723 sed
1198 2688 1255 2723 ita
1281 2691 1415 2724 tamen
1436 2699 1513 2724 non
1544 2688 1731 2725 eximitur
1746 2700 1856 2727 seru,

977 2740 1110 2789 pulus,
1131 2741 1178 2777 de
1207 2739 1514 2789 quartadecima,
1532 2752 1618 2790 quae
1634 2742 1712 2781 fuit
1729 2742 1855 2779 otho.

977 2794 1109 2831 niana.
1154 2794 1239 2832 MS.
1283 2794 1415 2831 Guelf.
1462 2806 1532 2842 pro
1578 2794 1687 2834 XVI.
1733 2795 1855 2835 habet

976 2848 1126 2884 XVIII.
1154 2849 1261 2884 ERN.
1288 2847 1380 2896 Bip.
1402 2860 1422 2883 e
1442 2848 1544 2887 Flor.
1564 2854 1712 2889 eruunt
1730 2849 1850 2886 hanc:

976 2902 1121 2938 vexilla
1149 2908 1312 2951 quartoe,
1331 2902 1485 2939 decimae
1511 2908 1548 2939 et
1576 2903 1853 2941 sextaedecimoe

975 2955 1051 3002 leg.
1071 2955 1154 2992 scil.
1173 2954 1245 2993 sub
1275 2957 1317 2992 in
1337 2955 1457 2992 latere
1489 2960 1632 3004 putant
1661 2957 1731 3002 IV,
1750 2959 1854 3006 quod

975 3009 1153 3045 notarius
1189 3009 1461 3057 interpolando
1504 3010 1742 3057 expresserit
1782 3023 1855 3060 per

975 3068 1154 3111 quatuor,
1177 3066 1216 3100 et
1245 3062 1317 3100 sub
1348 3064 1447 3100 XIII
1467 3063 1590 3105 latere
1613 3065 1724 3110 XVI,
1749 3066 1853 3114 quod

975 3117 1015 3151 in
1061 3116 1222 3164 vulgata
1250 3120 1370 3153 extat.
1404 3117 1507 3154 Bud.
1546 3117 1663 3155 habet
1707 3116 1854 3156 ved-illa

975 3171 1017 3206 iu
1036 3170 1154 3207 XIIII
1174 3176 1210 3206 et
1224 3171 1372 3208 XVIII.
1387 3171 1467 3219 leg.
1497 3171 1613 3208 Hanc
1631 3172 1765 3214 XVIII
1796 3173 1854 3220 le-

974 3223 1129 3270 gionem
1164 3234 1244 3260 non
1278 3223 1477 3262 admiserit
1521 3225 1742 3271 Brotcrius,
1784 3227 1854 3276 qui

975 3276 1146 3313 Variana
1170 3277 1484 3326 clade'periisse‚
1515 3290 1641 3326 neque
1669 3280 1852 3327 deinceps

975 3332 1181 3372 memorari
1211 3331 1378 3380 amplius
1404 3333 1529 3377 docet,
1551 3334 1655 3373 unde
1679 3336 1719 3369 et
1747 3333 1851 3381 apud

978 3389 1154 3421 nostrum
1172 3384 1228 3423 H.
1254 3391 1289 3430 ι,
1306 3391 1350 3421 18
1370 3388 1410 3422 et
1428 3392 1491 3423 55.
1510 3391 1551 3422 et
1569 3393 1609 3432 4,
1629 3392 1693 3423 24.
1722 3387 1796 3422 dno
1815 3394 1848 3421 «ιι

975 3439 1194 3475 cloes-imam
1212 3440 1381 3488 reponit.
1436 3439 1523 3485 Ast,
1543 3451 1637 3488 pace
1656 3440 1728 3476 viri
1750 3438 1852 3483 docti

974 3491 1122 3529 dictum
1143 3493 1208 3538 sit,
1227 3493 1527 3531 tlztodevicesima.
1547 3494 1730 3531 restituta
1751 3490 1851 3529 vide*-
