2190 3880
452 142 551 192 DE
580 125 887 191 Momssus
921 139 1307 190 GERMANIAE
1340 142 1481 191 CAP.
1503 146 1583 193 46.
1812 152 1906 197 401

107 265 240 330 saress
299 271 486 328 Securi
530 270 783 331 adversus
825 269 1090 336 homineS,
1116 270 1288 323 securi
1325 271 1578 325 adversus
1607 270 1774 340 Deos,
1797 292 1910 328 rem

108 346 485 402 difficillimam
537 342 776 396 adsecuti
823 353 967 406 sunt,
1007 353 1069 394 ut
1108 341 1212 394 illis
1249 360 1316 394 ne
1343 354 1471 395 voto
1515 343 1734 413 quidem
1777 365 1912 417 opus

117 430 275 479 esset.
330 411 526 468 Cetera
543 416 663 485 jam
696 412 942 466 fabulosa
965 433 978 466 ε
1027 411 1287 464 Hellusios
1309 422 1356 464 et
1387 411 1614 466 Oxionas
1637 433 1728 466 ora
1752 416 1912 470 home-

108 503 231 541 uum
255 487 544 556 vultusque,
560 503 772 556 corpora
792 492 942 554 atque
966 492 1109 536 artus
1119 483 1381 554 ferarum,
1402 500 1591 555 gerere.
1619 487 1763 556 quod
1790 506 1913 560 ege,

111 570 175 613 ut
199 559 621 628 incompertum,
649 558 703 608 in
731 555 968 608 medium
996 555 1313 626 relinquam.

167 678 307 743 semri
331 703 514 742 adversus
543 701 667 752 Deos]
698 702 788 740 Non
810 713 887 750 quo
903 700 994 740 nul·
1046 701 1137 749 bus,
1165 702 1198 738 si
1230 714 1313 740 rem
1339 702 1548 740 vernaculo
1576 706 1709 741 nostro
1735 702 1918 752 loquendi

111 757 175 796 *los
204 759 382 804 credant,
399 757 465 793 sed
501 756 604 804 quod
631 755 732 792 nihil
758 754 995 793 habentibus
1047 758 1177 802 modo,
1194 760 1266 793 aut
1297 757 1482 793 hodierna
1502 758 1642 794 Latine
1666 757 1919 794 scribentium

117 812 290 850 adimere
319 811 387 849 Dii
405 809 506 848 nihil
535 813 712 858 possunt.
766 809 838 846 Sed
857 813 917 847 est
934 810 997 846 vel
1050 810 1331 847 consuetudine
1354 811 1522 858 judiees,
1544 823 1713 860 praesens
1741 811 1924 862 imperfe-

119 867 177 904 sic
195 877 335 915 parum
349 864 488 902 decora
504 864 702 912 majestati
720 862 894 901 Deorum
912 874 1000 900 sen·
1051 868 1116 901 cto
1148 863 1467 901 substituendum
1508 865 1572 902 sit.
1626 865 1765 914 Itaque
1808 868 1921 902 vetus

119 920 260 960 tentia.
315 917 424 956 ERN.
1045 919 1134 967 jure
1158 917 1417 956 restituimus.
1456 919 1565 956 ERN.
1591 919 1719 956 Rhen.
1736 918 1919 966 conjicitz

180 973 234 1011 Ut
248 973 331 1011 illis
347 985 387 1010 n.
405 985 443 1010 v.
463 984 499 1021 q.
517 983 611 1020 opus
628 968 741 1019 esset]
772 970 835 1010 Sic
863 981 996 1007 omnes
1049 978 1093 1009 ut
1111 973 1193 1009 illis
1209 984 1256 1008 ne
1271 979 1356 1009 voto
1372 972 1525 1022 quidem
1541 986 1646 1022 opus.
1673 973 1763 1010 Sed.
1777 999 1788 1010 .
1805 999 1816 1011 .

122 1026 209 1064 edd.
255 1029 349 1064 ante
389 1026 638 1071 Rhenanum,
684 1025 766 1074 qui,
804 1025 996 1073 judicium
1105 1026 1303 1063 Hellusios
1319 1032 1354 1063 et
1377 1026 1566 1076 Oxionas]
1598 1026 1807 1064 Turnebus
1824 1026 1926 1065 Adv.

123 1091 240 1119 suum
272 1085 445 1124 secutus,
476 1079 598 1115 edidit
631 1092 725 1128 opus
757 1081 811 1117 sit
823 1093 842 1126 ,-
887 1079 999 1127 quasi
1052 1082 1094 1125 6,
1116 1085 1178 1119 19.
1195 1079 1354 1126 conjicit
1382 1080 1569 1118 Panotios
1585 1080 1646 1117 vel
1666 1081 1859 1125 Hollotios
1886 1087 1925 1117 et

89 1129 92 1136 ’
125 1146 207 1172 nou
224 1138 266 1172 et
285 1134 382 1172 illud
399 1138 550 1170 rectum
568 1137 682 1170 esset.
736 1133 774 1170 Si
794 1133 925 1181 potuit
942 1132 1002 1169 di·
1057 1133 1204 1171 Oobios.
1232 1133 1415 1170 Schlbzer
1431 1134 1475 1171 in
1501 1135 1620 1171 Anm.
1639 1146 1691 1171 zu
1708 1135 1924 1182 Schi‘mings

126 1198 215 1225 cere
244 1188 411 1226 assecuti
435 1193 525 1224 sunt
552 1198 623 1235 pro
646 1193 914 1236 assequuntur,
932 1197 1002 1222 cur
1054 1187 1123 1224 alt.
1142 1187 1263 1224 Nord.
1292 1188 1433 1224 Gesch.
1453 1200 1494 1236 p.
1518 1193 1606 1228 127.
1625 1188 1791 1238 intelligi
1808 1192 1927 1237 putat

128 1253 209 1279 non
244 1246 286 1279 et
316 1253 411 1291 opus
443 1239 572 1278 esset?
612 1241 759 1288 Atque,
790 1239 1002 1277 secundum
1059 1240 1236 1287 Ooeouas,
1262 1241 1530 1291 Hippopodas,
1560 1242 1742 1281 Pauotos.
1783 1244 1927 1282 Provo-

127 1292 312 1348 a’age'ssuav
333 1294 640 1344 grammaticam,
659 1295 874 1342 perfeetum
901 1295 1005 1331 exci-
1056 1299 1147 1331 cant
1166 1295 1214 1331 ad
1234 1294 1380 1332 Melam
1411 1301 1451 1341 3,
1470 1299 1509 1333 6.
1551 1296 1653 1334 Plin.
1673 1297 1729 1335 H.
1746 1296 1798 1334 N.
1816 1302 1855 1342 4,
1878 1300 1925 1333 13

126 1359 219 1399 pere
235 1348 353 1386 debet
361 1348 643 1397 imperfectum,
655 1359 735 1385 non
750 1359 931 1396 praesens.
949 1349 1003 1386 Et
1059 1348 1159 1400 (27).
1191 1344 1326 1390 Isidor.
1343 1350 1477 1399 Etym.
1498 1355 1562 1397 ιι,
1581 1355 1622 1388 3.

130 1405 226 1441 nunt
251 1403 378 1441 multa
404 1402 503 1440 talia
531 1402 638 1453 apud
667 1406 831 1449 veteres,
852 1403 892 1440 'm
916 1402 1004 1451 qui-

250 3577 388 3614 vo1„
421 3578 491 3615 11.
518 3579 567 3615 P.
598 3580 637 3615 1.
1000 3565 1033 3599 ²*
1058 3582 1093 3618 n
1123 3565 1155 3617 d
