<?xml version="1.0" encoding="UTF-8"?>
<!DOCTYPE html PUBLIC "-//W3C//DTD XHTML 1.0 Transitional//EN"
    "http://www.w3.org/TR/xhtml1/DTD/xhtml1-transitional.dtd">
<html xmlns="http://www.w3.org/1999/xhtml" xml:lang="en" lang="en">
 <head>
  <title>
</title>
<meta http-equiv="Content-Type" content="text/html;charset=utf-8" />
  <meta name='ocr-system' content='tesseract 3.04.00' />
  <meta name='ocr-capabilities' content='ocr_page ocr_carea ocr_par ocr_line ocrx_word'/>
</head>
<body>
  <div class='ocr_page' id='page_1' title='image "./p1operaexrecensi02taciuoft_0152.png"; bbox 0 0 2190 3880; ppageno 0'>
   <div class='ocr_carea' id='block_1_1' title="bbox 178 109 2169 1802">
    <p class='ocr_par' dir='ltr' id='par_1_1' title="bbox 178 109 2169 1802">
     <span class='ocr_line' id='line_1_1' title="bbox 310 109 1541 164; baseline 0.006 -7"><span class='ocrx_word' id='word_1_1' title='bbox 310 115 409 160; x_wconf 79' lang='lat'><strong>130</strong></span> <span class='ocrx_word' id='word_1_2' title='bbox 899 109 1541 164; x_wconf 65' lang='lat' dir='ltr'><strong>⁴HISTORIARUM</strong></span> 
     </span>
     <span class='ocr_line' id='line_1_2' title="bbox 178 233 2131 298; baseline 0.005 -10"><span class='ocrx_word' id='word_1_3' title='bbox 178 250 231 288; x_wconf 78' lang='lat' dir='ltr'><strong>A.</strong></span> <span class='ocrx_word' id='word_1_4' title='bbox 249 247 302 285; x_wconf 76' lang='lat' dir='ltr'><strong>u.</strong></span> <span class='ocrx_word' id='word_1_5' title='bbox 317 244 490 287; x_wconf 86' lang='lat' dir='ltr'><strong>estate</strong></span> <span class='ocrx_word' id='word_1_6' title='bbox 515 235 651 289; x_wconf 85' lang='lat' dir='ltr'><strong>nihil</strong></span> <span class='ocrx_word' id='word_1_7' title='bbox 679 235 1004 293; x_wconf 86' lang='lat' dir='ltr'><strong>detraheret.</strong></span> <span class='ocrx_word' id='word_1_8' title='bbox 1061 240 1211 294; x_wconf 86' lang='lat' dir='ltr'><strong>Pulsi</strong></span> <span class='ocrx_word' id='word_1_9' title='bbox 1247 241 1412 296; x_wconf 88' lang='lat' dir='ltr'><strong>Italia</strong></span> <span class='ocrx_word' id='word_1_10' title='bbox 1438 242 1832 296; x_wconf 81' lang='lat' dir='ltr'><strong>mathematici.</strong></span> <span class='ocrx_word' id='word_1_11' title='bbox 1890 233 2131 298; x_wconf 79' lang='lat' dir='ltr'><strong>Cautum</strong></span> 
     </span>
     <span class='ocr_line' id='line_1_3' title="bbox 191 303 2129 391; baseline 0.005 -34"><span class='ocrx_word' id='word_1_12' title='bbox 191 303 290 391; x_wconf 44' lang='lat'><strong>{2353</strong></span> <span class='ocrx_word' id='word_1_13' title='bbox 319 323 522 373; x_wconf 84' lang='lat' dir='ltr'><strong>severe,</strong></span> <span class='ocrx_word' id='word_1_14' title='bbox 547 326 608 360; x_wconf 91' lang='lat' dir='ltr'><strong>ne</strong></span> <span class='ocrx_word' id='word_1_15' title='bbox 639 306 858 379; x_wconf 82' lang='lat' dir='ltr'><strong><em>Equites</em></strong></span> <span class='ocrx_word' id='word_1_16' title='bbox 888 309 1046 363; x_wconf 88' lang='lat' dir='ltr'><strong>Rom.</strong></span> <span class='ocrx_word' id='word_1_17' title='bbox 1077 311 1196 366; x_wconf 80' lang='lat' dir='ltr'><strong>ludo</strong></span> <span class='ocrx_word' id='word_1_18' title='bbox 1232 322 1279 365; x_wconf 88' lang='lat' dir='ltr'><strong>et</strong></span> <span class='ocrx_word' id='word_1_19' title='bbox 1317 331 1474 366; x_wconf 83' lang='lat' dir='ltr'><strong>arena</strong></span> <span class='ocrx_word' id='word_1_20' title='bbox 1499 313 1869 383; x_wconf 75' lang='lat' dir='ltr'><em>polluerentur.</em></span> <span class='ocrx_word' id='word_1_21' title='bbox 1923 315 2129 385; x_wconf 81' lang='lat' dir='ltr'>priores</span> 
     </span>
     <span class='ocr_line' id='line_1_4' title="bbox 209 377 2132 456; baseline 0.004 -28"><span class='ocrx_word' id='word_1_22' title='bbox 209 381 276 449; x_wconf 59' lang='lat'><strong>7‘0.</strong></span> <span class='ocrx_word' id='word_1_23' title='bbox 294 377 375 429; x_wconf 87' lang='lat' dir='ltr'><strong>&#39;id</strong></span> <span class='ocrx_word' id='word_1_24' title='bbox 406 377 689 450; x_wconf 75' lang='lat' dir='ltr'><strong>Principes</strong></span> <span class='ocrx_word' id='word_1_25' title='bbox 715 382 946 451; x_wconf 90' lang='lat' dir='ltr'><strong>pecunia</strong></span> <span class='ocrx_word' id='word_1_26' title='bbox 971 393 1028 434; x_wconf 88' lang='lat' dir='ltr'><strong>et</strong></span> <span class='ocrx_word' id='word_1_27' title='bbox 1054 384 1254 452; x_wconf 87' lang='lat' dir='ltr'><strong>saepius</strong></span> <span class='ocrx_word' id='word_1_28' title='bbox 1283 385 1334 435; x_wconf 88' lang='lat' dir='ltr'><strong>vi</strong></span> <span class='ocrx_word' id='word_1_29' title='bbox 1365 384 1745 455; x_wconf 85' lang='lat' dir='ltr'>perpulerant:</span> <span class='ocrx_word' id='word_1_30' title='bbox 1785 405 1848 438; x_wconf 89' lang='lat' dir='ltr'><strong>ac</strong></span> <span class='ocrx_word' id='word_1_31' title='bbox 1876 386 2132 456; x_wconf 83' lang='lat' dir='ltr'><strong>pleraque</strong></span> 
     </span>
     <span class='ocr_line' id='line_1_5' title="bbox 201 450 2131 526; baseline 0.005 -27"><span class='ocrx_word' id='word_1_32' title='bbox 201 455 203 457; x_wconf 83' lang='grc'><strong>’</strong></span> <span class='ocrx_word' id='word_1_33' title='bbox 319 450 619 522; x_wconf 87' lang='lat' dir='ltr'><strong>municipia</strong></span> <span class='ocrx_word' id='word_1_34' title='bbox 649 463 706 502; x_wconf 91' lang='lat' dir='ltr'><strong>et</strong></span> <span class='ocrx_word' id='word_1_35' title='bbox 735 451 967 504; x_wconf 85' lang='lat' dir='ltr'><strong>coloniae</strong></span> <span class='ocrx_word' id='word_1_36' title='bbox 995 454 1412 520; x_wconf 78' lang='lat' dir='ltr'><strong>aemulabantur,</strong></span> <span class='ocrx_word' id='word_1_37' title='bbox 1437 457 1916 526; x_wconf 87' lang='lat' dir='ltr'><strong>conruptissimum</strong></span> <span class='ocrx_word' id='word_1_38' title='bbox 1941 473 2131 526; x_wconf 88' lang='lat' dir='ltr'><strong>quem·</strong></span> 
     </span>
     <span class='ocr_line' id='line_1_6' title="bbox 231 511 2133 592; baseline 0.004 -21"><span class='ocrx_word' id='word_1_39' title='bbox 231 511 302 564; x_wconf 79' lang='grc'><strong>63</strong></span> <span class='ocrx_word' id='word_1_40' title='bbox 318 537 425 589; x_wconf 89' lang='lat' dir='ltr'><strong>que</strong></span> <span class='ocrx_word' id='word_1_41' title='bbox 464 522 890 575; x_wconf 84' lang='lat' dir='ltr'><strong>adolescentium</strong></span> <span class='ocrx_word' id='word_1_42' title='bbox 931 524 1108 592; x_wconf 86' lang='lat' dir='ltr'><strong>pretio</strong></span> <span class='ocrx_word' id='word_1_43' title='bbox 1150 524 1387 576; x_wconf 85' lang='lat' dir='ltr'><strong>inlicere.</strong></span> <span class='ocrx_word' id='word_1_44' title='bbox 1465 525 1571 578; x_wconf 85' lang='lat' dir='ltr'><strong>Sed</strong></span> <span class='ocrx_word' id='word_1_45' title='bbox 1600 524 1872 591; x_wconf 80' lang='lat' dir='ltr'><strong>Vitellius,</strong></span> <span class='ocrx_word' id='word_1_46' title='bbox 1893 527 2133 579; x_wconf 84' lang='lat' dir='ltr'><strong>adventu</strong></span> 
     </span>
     <span class='ocr_line' id='line_1_7' title="bbox 313 591 2135 667; baseline 0.003 -24"><span class='ocrx_word' id='word_1_47' title='bbox 313 591 518 658; x_wconf 55' lang='lat' dir='ltr'><strong>statne,</strong></span> <span class='ocrx_word' id='word_1_48' title='bbox 541 604 597 645; x_wconf 85' lang='lat' dir='ltr'><strong>et</strong></span> <span class='ocrx_word' id='word_1_49' title='bbox 626 593 1000 662; x_wconf 82' lang='lat' dir='ltr'><strong>inrepentibus</strong></span> <span class='ocrx_word' id='word_1_50' title='bbox 1026 593 1416 647; x_wconf 88' lang='lat' dir='ltr'><strong>dominationis</strong></span> <span class='ocrx_word' id='word_1_51' title='bbox 1445 596 1738 666; x_wconf 79' lang='lat' dir='ltr'><strong>magistriS,</strong></span> <span class='ocrx_word' id='word_1_52' title='bbox 1768 597 2053 667; x_wconf 82' lang='lat' dir='ltr'><strong>superbior</strong></span> <span class='ocrx_word' id='word_1_53' title='bbox 2078 607 2135 648; x_wconf 88' lang='lat' dir='ltr'><strong>et</strong></span> 
     </span>
     <span class='ocr_line' id='line_1_8' title="bbox 313 663 2134 737; baseline 0.002 -23"><span class='ocrx_word' id='word_1_54' title='bbox 313 663 571 728; x_wconf 72' lang='lat' dir='ltr'><strong>atrocior,</strong></span> <span class='ocrx_word' id='word_1_55' title='bbox 599 664 776 715; x_wconf 88' lang='lat' dir='ltr'><strong>occidi</strong></span> <span class='ocrx_word' id='word_1_56' title='bbox 808 663 1154 716; x_wconf 78' lang='lat' dir='ltr'><strong>Dolabellam</strong></span> <span class='ocrx_word' id='word_1_57' title='bbox 1170 665 1358 735; x_wconf 86' lang='lat' dir='ltr'><strong>jussit,</strong></span> <span class='ocrx_word' id='word_1_58' title='bbox 1385 684 1546 736; x_wconf 84' lang='lat' dir='ltr'><strong>quem</strong></span> <span class='ocrx_word' id='word_1_59' title='bbox 1575 667 1634 720; x_wconf 92' lang='lat' dir='ltr'><strong>in</strong></span> <span class='ocrx_word' id='word_1_60' title='bbox 1660 666 1931 720; x_wconf 89' lang='lat' dir='ltr'><strong>coloniam</strong></span> <span class='ocrx_word' id='word_1_61' title='bbox 1958 666 2134 737; x_wconf 90' lang='lat' dir='ltr'><strong>Aqui-</strong></span> 
     </span>
     <span class='ocr_line' id='line_1_9' title="bbox 302 733 2134 804; baseline 0.003 -19"><span class='ocrx_word' id='word_1_62' title='bbox 302 745 498 786; x_wconf 71' lang='lat' dir='ltr'><strong>natem</strong></span> <span class='ocrx_word' id='word_1_63' title='bbox 526 734 827 804; x_wconf 86' lang='lat' dir='ltr'><strong>sepositum</strong></span> <span class='ocrx_word' id='word_1_64' title='bbox 866 735 936 786; x_wconf 87' lang='lat' dir='ltr'><strong>ab</strong></span> <span class='ocrx_word' id='word_1_65' title='bbox 979 733 1220 801; x_wconf 87' lang='lat' dir='ltr'><strong>Othone,</strong></span> <span class='ocrx_word' id='word_1_66' title='bbox 1248 737 1550 789; x_wconf 77' lang='lat' dir='ltr'><strong>retulimus·</strong></span> <span class='ocrx_word' id='word_1_67' title='bbox 1610 737 1916 803; x_wconf 84' lang='lat' dir='ltr'><strong>Dolabella,</strong></span> <span class='ocrx_word' id='word_1_68' title='bbox 1945 738 2134 790; x_wconf 86' lang='lat' dir='ltr'><strong>audita</strong></span> 
     </span>
     <span class='ocr_line' id='line_1_10' title="bbox 309 804 2132 874; baseline 0.002 -18"><span class='ocrx_word' id='word_1_69' title='bbox 309 816 490 856; x_wconf 84' lang='lat' dir='ltr'><strong>morte</strong></span> <span class='ocrx_word' id='word_1_70' title='bbox 540 804 801 870; x_wconf 75' lang='lat' dir='ltr'><strong>OthoniS‚</strong></span> <span class='ocrx_word' id='word_1_71' title='bbox 849 806 1039 857; x_wconf 85' lang='lat' dir='ltr'><strong>urbem</strong></span> <span class='ocrx_word' id='word_1_72' title='bbox 1091 806 1391 860; x_wconf 81' lang='lat' dir='ltr'><strong>introierat.</strong></span> <span class='ocrx_word' id='word_1_73' title='bbox 1441 809 1494 861; x_wconf 85' lang='lat' dir='ltr'><strong>id</strong></span> <span class='ocrx_word' id='word_1_74' title='bbox 1539 810 1588 861; x_wconf 87' lang='lat' dir='ltr'><strong>ei</strong></span> <span class='ocrx_word' id='word_1_75' title='bbox 1634 809 1888 867; x_wconf 81' lang='lat' dir='ltr'><strong>Plancius</strong></span> <span class='ocrx_word' id='word_1_76' title='bbox 1935 807 2132 874; x_wconf 86' lang='lat' dir='ltr'><strong>Varus,</strong></span> 
     </span>
     <span class='ocr_line' id='line_1_11' title="bbox 314 874 2134 951; baseline 0.003 -24"><span class='ocrx_word' id='word_1_77' title='bbox 314 874 566 927; x_wconf 85' lang='lat' dir='ltr'><strong>Praetura</strong></span> <span class='ocrx_word' id='word_1_78' title='bbox 607 874 849 940; x_wconf 76' lang='lat' dir='ltr'><strong>functuS,</strong></span> <span class='ocrx_word' id='word_1_79' title='bbox 872 893 941 927; x_wconf 84' lang='lat' dir='ltr'><strong>ex</strong></span> <span class='ocrx_word' id='word_1_80' title='bbox 984 875 1192 928; x_wconf 87' lang='lat' dir='ltr'><strong>intimis</strong></span> <span class='ocrx_word' id='word_1_81' title='bbox 1240 878 1543 933; x_wconf 74' lang='lat' dir='ltr'><strong>Dolabellae</strong></span> <span class='ocrx_word' id='word_1_82' title='bbox 1579 880 1790 945; x_wconf 78' lang='lat' dir='ltr'><strong>amiciS,</strong></span> <span class='ocrx_word' id='word_1_83' title='bbox 1820 878 1967 951; x_wconf 87' lang='lat' dir='ltr'><strong>apud</strong></span> <span class='ocrx_word' id='word_1_84' title='bbox 2011 879 2134 932; x_wconf 81' lang='lat' dir='ltr'><strong>Fla-</strong></span> 
     </span>
     <span class='ocr_line' id='line_1_12' title="bbox 311 945 2134 1022; baseline 0.003 -24"><span class='ocrx_word' id='word_1_85' title='bbox 311 945 465 998; x_wconf 73' lang='lat' dir='ltr'><strong>vium</strong></span> <span class='ocrx_word' id='word_1_86' title='bbox 515 946 802 1011; x_wconf 88' lang='lat' dir='ltr'><strong>Sabinum,</strong></span> <span class='ocrx_word' id='word_1_87' title='bbox 844 945 1178 999; x_wconf 77' lang='lat' dir='ltr'><strong>Praesectum</strong></span> <span class='ocrx_word' id='word_1_88' title='bbox 1220 949 1396 1014; x_wconf 78' lang='lat' dir='ltr'><strong>urbiS,</strong></span> <span class='ocrx_word' id='word_1_89' title='bbox 1426 951 1656 1020; x_wconf 85' lang='lat' dir='ltr'><strong>objecit,</strong></span> <span class='ocrx_word' id='word_1_90' title='bbox 1689 958 1953 1022; x_wconf 78' lang='lat' dir='ltr'><strong>tamquam</strong></span> <span class='ocrx_word' id='word_1_91' title='bbox 1978 958 2134 1020; x_wconf 79' lang='lat' dir='ltr'><strong>rupta</strong></span> 
     </span>
     <span class='ocr_line' id='line_1_13' title="bbox 314 1015 2132 1087; baseline 0.003 -20"><span class='ocrx_word' id='word_1_92' title='bbox 314 1015 562 1081; x_wconf 76' lang='lat' dir='ltr'><strong>custodia,</strong></span> <span class='ocrx_word' id='word_1_93' title='bbox 601 1015 804 1070; x_wconf 84' lang='lat' dir='ltr'><strong>Ducem</strong></span> <span class='ocrx_word' id='word_1_94' title='bbox 844 1036 893 1069; x_wconf 84' lang='lat' dir='ltr'><strong>se</strong></span> <span class='ocrx_word' id='word_1_95' title='bbox 928 1017 1074 1069; x_wconf 78' lang='lat' dir='ltr'><strong>victis</strong></span> <span class='ocrx_word' id='word_1_96' title='bbox 1089 1019 1333 1087; x_wconf 79' lang='lat' dir='ltr'><strong>partibus</strong></span> <span class='ocrx_word' id='word_1_97' title='bbox 1363 1029 1668 1076; x_wconf 78' lang='lat' dir='ltr'><strong>ostentasset.</strong></span> <span class='ocrx_word' id='word_1_98' title='bbox 1707 1021 1939 1085; x_wconf 80' lang='lat' dir='ltr'><strong>addidit,</strong></span> <span class='ocrx_word' id='word_1_99' title='bbox 1966 1029 2132 1074; x_wconf 87' lang='lat' dir='ltr'><strong>tenta-</strong></span> 
     </span>
     <span class='ocr_line' id='line_1_14' title="bbox 313 1086 2134 1159; baseline 0.002 -20"><span class='ocrx_word' id='word_1_100' title='bbox 313 1095 421 1139; x_wconf 79' lang='lat' dir='ltr'><strong>tam</strong></span> <span class='ocrx_word' id='word_1_101' title='bbox 448 1088 718 1154; x_wconf 69' lang='lat' dir='ltr'><strong>cohortem,</strong></span> <span class='ocrx_word' id='word_1_102' title='bbox 741 1106 851 1159; x_wconf 78' lang='lat' dir='ltr'><strong>qua:</strong></span> <span class='ocrx_word' id='word_1_103' title='bbox 879 1086 1037 1140; x_wconf 80' lang='lat' dir='ltr'><strong>Ostice</strong></span> <span class='ocrx_word' id='word_1_104' title='bbox 1073 1098 1278 1159; x_wconf 83' lang='lat' dir='ltr'><strong>ageret:</strong></span> <span class='ocrx_word' id='word_1_105' title='bbox 1320 1109 1420 1144; x_wconf 92' lang='lat' dir='ltr'><strong>nec</strong></span> <span class='ocrx_word' id='word_1_106' title='bbox 1466 1091 1585 1145; x_wconf 90' lang='lat' dir='ltr'><strong>ullis</strong></span> <span class='ocrx_word' id='word_1_107' title='bbox 1632 1104 1908 1145; x_wconf 85' lang='lat' dir='ltr'><strong>tantorum</strong></span> <span class='ocrx_word' id='word_1_108' title='bbox 1948 1091 2134 1144; x_wconf 87' lang='lat' dir='ltr'><strong>crimi-</strong></span> 
     </span>
     <span class='ocr_line' id='line_1_15' title="bbox 312 1158 2134 1229; baseline 0.003 -20"><span class='ocrx_word' id='word_1_109' title='bbox 312 1176 445 1209; x_wconf 89' lang='lat' dir='ltr'><strong>num</strong></span> <span class='ocrx_word' id='word_1_110' title='bbox 485 1160 922 1229; x_wconf 74' lang='lat' dir='ltr'><strong>probationibuS.</strong></span> <span class='ocrx_word' id='word_1_111' title='bbox 961 1158 1016 1211; x_wconf 90' lang='lat' dir='ltr'><strong>in</strong></span> <span class='ocrx_word' id='word_1_112' title='bbox 1063 1161 1451 1229; x_wconf 85' lang='lat' dir='ltr'><strong>poenitentiam</strong></span> <span class='ocrx_word' id='word_1_113' title='bbox 1493 1180 1676 1221; x_wconf 86' lang='lat' dir='ltr'><strong>versus</strong></span> <span class='ocrx_word' id='word_1_114' title='bbox 1705 1163 2134 1227; x_wconf 84' lang='lat' dir='ltr'><strong>seram,veniam</strong></span> 
     </span>
     <span class='ocr_line' id='line_1_16' title="bbox 311 1230 2133 1304; baseline 0.003 -24"><span class='ocrx_word' id='word_1_115' title='bbox 311 1241 442 1298; x_wconf 87' lang='lat' dir='ltr'><strong>post</strong></span> <span class='ocrx_word' id='word_1_116' title='bbox 468 1230 640 1283; x_wconf 87' lang='lat' dir='ltr'><strong>scelus</strong></span> <span class='ocrx_word' id='word_1_117' title='bbox 666 1233 965 1301; x_wconf 82' lang='lat' dir='ltr'><strong>quaerebat.</strong></span> <span class='ocrx_word' id='word_1_118' title='bbox 1044 1231 1413 1292; x_wconf 83' lang='lat' dir='ltr'><strong>Cunctantem</strong></span> <span class='ocrx_word' id='word_1_119' title='bbox 1442 1252 1601 1304; x_wconf 88' lang='lat' dir='ltr'><strong>super</strong></span> <span class='ocrx_word' id='word_1_120' title='bbox 1627 1245 1779 1286; x_wconf 85' lang='lat' dir='ltr'><strong>tanta</strong></span> <span class='ocrx_word' id='word_1_121' title='bbox 1798 1250 1856 1286; x_wconf 85' lang='lat' dir='ltr'><strong>re</strong></span> <span class='ocrx_word' id='word_1_122' title='bbox 1883 1232 2133 1286; x_wconf 86' lang='lat' dir='ltr'><strong>Flavium</strong></span> 
     </span>
     <span class='ocr_line' id='line_1_17' title="bbox 311 1301 2135 1369; baseline 0.003 -17"><span class='ocrx_word' id='word_1_123' title='bbox 311 1301 601 1365; x_wconf 83' lang='lat' dir='ltr'><strong>Sabinum,</strong></span> <span class='ocrx_word' id='word_1_124' title='bbox 638 1301 868 1366; x_wconf 83' lang='lat' dir='ltr'><strong>Triaria,</strong></span> <span class='ocrx_word' id='word_1_125' title='bbox 912 1302 974 1353; x_wconf 94' lang='lat' dir='ltr'><strong>L.</strong></span> <span class='ocrx_word' id='word_1_126' title='bbox 1019 1301 1227 1355; x_wconf 88' lang='lat' dir='ltr'><strong>Vitellii</strong></span> <span class='ocrx_word' id='word_1_127' title='bbox 1266 1322 1424 1369; x_wconf 84' lang='lat' dir='ltr'><strong>uxor,</strong></span> <span class='ocrx_word' id='word_1_128' title='bbox 1471 1306 1612 1357; x_wconf 86' lang='lat' dir='ltr'><strong>ultra</strong></span> <span class='ocrx_word' id='word_1_129' title='bbox 1655 1304 1914 1358; x_wconf 85' lang='lat' dir='ltr'><strong>feminam</strong></span> <span class='ocrx_word' id='word_1_130' title='bbox 1955 1302 2135 1369; x_wconf 84' lang='lat' dir='ltr'><strong>ferox,</strong></span> 
     </span>
     <span class='ocr_line' id='line_1_18' title="bbox 310 1372 2169 1446; baseline 0.003 -24"><span class='ocrx_word' id='word_1_131' title='bbox 310 1373 533 1438; x_wconf 69' lang='lat' dir='ltr'><strong>terruit,</strong></span> <span class='ocrx_word' id='word_1_132' title='bbox 556 1391 621 1424; x_wconf 88' lang='lat' dir='ltr'><strong>ne</strong></span> <span class='ocrx_word' id='word_1_133' title='bbox 639 1372 1378 1444; x_wconf 15' lang='lat' dir='ltr'><strong>periculo*Principisfamam</strong></span> <span class='ocrx_word' id='word_1_134' title='bbox 1405 1375 1676 1429; x_wconf 78' lang='lat' dir='ltr'><strong>clementiae</strong></span> <span class='ocrx_word' id='word_1_135' title='bbox 1695 1374 1995 1446; x_wconf 60' lang='lat' dir='ltr'><strong>adfectaret.</strong></span> <span class='ocrx_word' id='word_1_136' title='bbox 2035 1375 2134 1434; x_wconf 75' lang='lat' dir='ltr'><strong>Sa·</strong></span> <span class='ocrx_word' id='word_1_137' title='bbox 2168 1375 2169 1378; x_wconf 66' lang='grc'>’</span> 
     </span>
     <span class='ocr_line' id='line_1_19' title="bbox 311 1442 2135 1515; baseline 0.002 -21"><span class='ocrx_word' id='word_1_138' title='bbox 311 1442 496 1508; x_wconf 77' lang='lat' dir='ltr'><strong>binuS,</strong></span> <span class='ocrx_word' id='word_1_139' title='bbox 523 1456 718 1515; x_wconf 84' lang='lat' dir='ltr'><strong>suopte</strong></span> <span class='ocrx_word' id='word_1_140' title='bbox 761 1444 982 1514; x_wconf 82' lang='lat' dir='ltr'><strong>ingenio</strong></span> <span class='ocrx_word' id='word_1_141' title='bbox 1022 1445 1191 1510; x_wconf 82' lang='lat' dir='ltr'><strong>mitis,</strong></span> <span class='ocrx_word' id='word_1_142' title='bbox 1219 1447 1312 1498; x_wconf 91' lang='lat' dir='ltr'><strong>ubi</strong></span> <span class='ocrx_word' id='word_1_143' title='bbox 1345 1445 1582 1499; x_wconf 86' lang='lat' dir='ltr'><strong>formido</strong></span> <span class='ocrx_word' id='word_1_144' title='bbox 1609 1447 1935 1510; x_wconf 88' lang='lat' dir='ltr'><strong>incessisset,</strong></span> <span class='ocrx_word' id='word_1_145' title='bbox 1957 1444 2135 1499; x_wconf 84' lang='lat' dir='ltr'><strong>facilis</strong></span> 
     </span>
     <span class='ocr_line' id='line_1_20' title="bbox 308 1513 2134 1588; baseline 0.002 -24"><span class='ocrx_word' id='word_1_146' title='bbox 308 1526 550 1580; x_wconf 83' lang='lat' dir='ltr'><strong>mutatu,</strong></span> <span class='ocrx_word' id='word_1_147' title='bbox 580 1527 636 1567; x_wconf 87' lang='lat' dir='ltr'><strong>et</strong></span> <span class='ocrx_word' id='word_1_148' title='bbox 669 1517 724 1567; x_wconf 89' lang='lat' dir='ltr'><strong>in</strong></span> <span class='ocrx_word' id='word_1_149' title='bbox 753 1515 932 1568; x_wconf 84' lang='lat' dir='ltr'><strong>alieno</strong></span> <span class='ocrx_word' id='word_1_150' title='bbox 977 1513 1290 1569; x_wconf 83' lang='lat' dir='ltr'><strong>discrimine</strong></span> <span class='ocrx_word' id='word_1_151' title='bbox 1337 1518 1442 1570; x_wconf 87' lang='lat' dir='ltr'><strong>sibi</strong></span> <span class='ocrx_word' id='word_1_152' title='bbox 1488 1536 1707 1588; x_wconf 85' lang='lat' dir='ltr'><strong>pavens,</strong></span> <span class='ocrx_word' id='word_1_153' title='bbox 1755 1535 1823 1569; x_wconf 89' lang='lat' dir='ltr'><strong>ne</strong></span> <span class='ocrx_word' id='word_1_154' title='bbox 1859 1517 2134 1570; x_wconf 85' lang='lat' dir='ltr'><strong>adlevasse</strong></span> 
     </span>
     <span class='ocr_line' id='line_1_21' title="bbox 230 1584 2133 1658; baseline 0.003 -23"><span class='ocrx_word' id='word_1_155' title='bbox 230 1584 839 1655; x_wconf 80' lang='lat' dir='ltr'><strong>64.videretu1·,‘inpulit</strong></span> <span class='ocrx_word' id='word_1_156' title='bbox 868 1597 1134 1639; x_wconf 85' lang='lat' dir='ltr'><strong>ruentem.</strong></span> <span class='ocrx_word' id='word_1_157' title='bbox 1212 1587 1392 1658; x_wconf 78' lang='lat' dir='ltr'><strong>Igitur</strong></span> <span class='ocrx_word' id='word_1_158' title='bbox 1425 1589 1697 1655; x_wconf 80' lang='lat' dir='ltr'><strong>Vitellius,</strong></span> <span class='ocrx_word' id='word_1_159' title='bbox 1725 1599 1874 1641; x_wconf 90' lang='lat' dir='ltr'><strong>metu</strong></span> <span class='ocrx_word' id='word_1_160' title='bbox 1901 1598 1957 1640; x_wconf 84' lang='lat' dir='ltr'><strong>et</strong></span> <span class='ocrx_word' id='word_1_161' title='bbox 1983 1587 2133 1654; x_wconf 89' lang='lat' dir='ltr'><strong>odio,</strong></span> 
     </span>
     <span class='ocr_line' id='line_1_22' title="bbox 314 1656 2133 1727; baseline 0.001 -19"><span class='ocrx_word' id='word_1_162' title='bbox 314 1657 463 1726; x_wconf 89' lang='lat' dir='ltr'><strong>quod</strong></span> <span class='ocrx_word' id='word_1_163' title='bbox 493 1658 828 1722; x_wconf 85' lang='lat' dir='ltr'><strong>Petroniam,</strong></span> <span class='ocrx_word' id='word_1_164' title='bbox 864 1674 1091 1709; x_wconf 81' lang='lat' dir='ltr'><strong>uxorem</strong></span> <span class='ocrx_word' id='word_1_165' title='bbox 1119 1656 1257 1727; x_wconf 75' lang='lat' dir='ltr'><strong>eju3‚</strong></span> <span class='ocrx_word' id='word_1_166' title='bbox 1284 1678 1416 1712; x_wconf 85' lang='lat' dir='ltr'><strong>mox</strong></span> <span class='ocrx_word' id='word_1_167' title='bbox 1443 1659 1732 1713; x_wconf 84' lang='lat' dir='ltr'><strong>Dolabella</strong></span> <span class='ocrx_word' id='word_1_168' title='bbox 1747 1659 1812 1712; x_wconf 88' lang='lat' dir='ltr'><strong>&#39;in</strong></span> <span class='ocrx_word' id='word_1_169' title='bbox 1852 1659 2133 1712; x_wconf 84' lang='lat' dir='ltr'><strong>matrimo-</strong></span> 
     </span>
     <span class='ocr_line' id='line_1_23' title="bbox 310 1729 2134 1802; baseline -0.001 -19"><span class='ocrx_word' id='word_1_170' title='bbox 310 1729 466 1783; x_wconf 84' lang='lat' dir='ltr'><strong>nium</strong></span> <span class='ocrx_word' id='word_1_171' title='bbox 517 1729 837 1799; x_wconf 84' lang='lat' dir='ltr'><strong>accepisset,</strong></span> <span class='ocrx_word' id='word_1_172' title='bbox 879 1739 1132 1781; x_wconf 87' lang='lat' dir='ltr'><strong>vocatum</strong></span> <span class='ocrx_word' id='word_1_173' title='bbox 1183 1747 1278 1801; x_wconf 84' lang='lat' dir='ltr'><strong>per</strong></span> <span class='ocrx_word' id='word_1_174' title='bbox 1326 1731 1603 1802; x_wconf 77' lang='lat' dir='ltr'><strong>epistolaS,</strong></span> <span class='ocrx_word' id='word_1_175' title='bbox 1641 1731 1816 1783; x_wconf 75' lang='lat' dir='ltr'><strong>vitata</strong></span> <span class='ocrx_word' id='word_1_176' title='bbox 1861 1729 2134 1782; x_wconf 67' lang='lat' dir='ltr'><strong>Flaminiae</strong></span> 
     </span>
    </p>
   </div>
   <div class='ocr_carea' id='block_1_2' title="bbox 308 1798 2132 1873">
    <p class='ocr_par' dir='ltr' id='par_1_2' title="bbox 308 1798 2132 1873">
     <span class='ocr_line' id='line_1_24' title="bbox 308 1798 2132 1873; baseline 0.001 -22"><span class='ocrx_word' id='word_1_177' title='bbox 308 1799 406 1851; x_wconf 78' lang='lat' dir='ltr'><strong>vice</strong></span> <span class='ocrx_word' id='word_1_178' title='bbox 432 1799 738 1866; x_wconf 77' lang='lat' dir='ltr'><strong>celebritate,</strong></span> <span class='ocrx_word' id='word_1_179' title='bbox 766 1799 1018 1854; x_wconf 79' lang='lat' dir='ltr'><strong>devertere</strong></span> <span class='ocrx_word' id='word_1_180' title='bbox 1042 1798 1421 1856; x_wconf 80' lang='lat' dir='ltr'><strong>Interamnium</strong></span> <span class='ocrx_word' id='word_1_181' title='bbox 1442 1811 1594 1873; x_wconf 83' lang='lat' dir='ltr'><strong>atque</strong></span> <span class='ocrx_word' id='word_1_182' title='bbox 1614 1801 1691 1855; x_wconf 78' lang='lat' dir='ltr'><strong>z‘bi</strong></span> <span class='ocrx_word' id='word_1_183' title='bbox 1711 1799 1930 1871; x_wconf 71' lang='lat' dir='ltr'><strong>interfici</strong></span> <span class='ocrx_word' id='word_1_184' title='bbox 1945 1800 2132 1872; x_wconf 86' lang='lat' dir='ltr'><strong>jussit.</strong></span> 
     </span>
    </p>
   </div>
   <div class='ocr_carea' id='block_1_3' title="bbox 305 1983 2135 2199">
    <p class='ocr_par' dir='ltr' id='par_1_3' title="bbox 305 1983 2135 2199">
     <span class='ocr_line' id='line_1_25' title="bbox 362 1983 2133 2038; baseline 0.002 -17"><span class='ocrx_word' id='word_1_185' title='bbox 362 1983 478 2022; x_wconf 84' lang='lat' dir='ltr'><strong>Ludo</strong></span> <span class='ocrx_word' id='word_1_186' title='bbox 517 1991 555 2024; x_wconf 87' lang='lat' dir='ltr'><strong>et</strong></span> <span class='ocrx_word' id='word_1_187' title='bbox 589 1983 730 2036; x_wconf 80' lang='lat' dir='ltr'><strong>arena]</strong></span> <span class='ocrx_word' id='word_1_188' title='bbox 773 1985 907 2024; x_wconf 82' lang='lat' dir='ltr'><strong>Facile</strong></span> <span class='ocrx_word' id='word_1_189' title='bbox 944 1984 1199 2034; x_wconf 80' lang='lat' dir='ltr'><strong>intelligitur,</strong></span> <span class='ocrx_word' id='word_1_190' title='bbox 1311 1986 1739 2038; x_wconf 71' lang='lat' dir='ltr'><strong>Terruit—affectaret]</strong></span> <span class='ocrx_word' id='word_1_191' title='bbox 1769 1987 1986 2037; x_wconf 72' lang='lat' dir='ltr'><strong>Affectaree</strong></span> <span class='ocrx_word' id='word_1_192' title='bbox 2018 1986 2133 2026; x_wconf 84' lang='lat' dir='ltr'><strong>MSS.</strong></span> 
     </span>
     <span class='ocr_line' id='line_1_26' title="bbox 305 2037 2135 2094; baseline 0.002 -19"><span class='ocrx_word' id='word_1_193' title='bbox 305 2037 446 2075; x_wconf 85' lang='lat' dir='ltr'><strong>ludum</strong></span> <span class='ocrx_word' id='word_1_194' title='bbox 470 2039 749 2088; x_wconf 78' lang='lat' dir='ltr'><strong>gladiatorium</strong></span> <span class='ocrx_word' id='word_1_195' title='bbox 776 2041 947 2088; x_wconf 78' lang='lat' dir='ltr'><strong>intelligi</strong></span> <span class='ocrx_word' id='word_1_196' title='bbox 977 2043 1017 2076; x_wconf 84' lang='lat' dir='ltr'><strong>et</strong></span> <span class='ocrx_word' id='word_1_197' title='bbox 1043 2041 1198 2088; x_wconf 86' lang='lat' dir='ltr'><strong>amphi-</strong></span> <span class='ocrx_word' id='word_1_198' title='bbox 1251 2041 1357 2079; x_wconf 81' lang='lat' dir='ltr'><strong>Flor.</strong></span> <span class='ocrx_word' id='word_1_199' title='bbox 1383 2042 1488 2080; x_wconf 85' lang='lat' dir='ltr'><strong>Bud.</strong></span> <span class='ocrx_word' id='word_1_200' title='bbox 1516 2042 1613 2091; x_wconf 82' lang='lat' dir='ltr'><strong>Agr.</strong></span> <span class='ocrx_word' id='word_1_201' title='bbox 1650 2041 1765 2094; x_wconf 83' lang='lat' dir='ltr'><strong>(Reg.</strong></span> <span class='ocrx_word' id='word_1_202' title='bbox 1801 2039 1917 2093; x_wconf 85' lang='lat' dir='ltr'><strong>Lan.)</strong></span> <span class='ocrx_word' id='word_1_203' title='bbox 1953 2041 2040 2080; x_wconf 83' lang='lat' dir='ltr'><strong>edd.</strong></span> <span class='ocrx_word' id='word_1_204' title='bbox 2073 2053 2135 2090; x_wconf 86' lang='lat' dir='ltr'><strong>pr.</strong></span> 
     </span>
     <span class='ocr_line' id='line_1_27' title="bbox 306 2092 2134 2145; baseline 0.004 -18"><span class='ocrx_word' id='word_1_205' title='bbox 306 2092 524 2133; x_wconf 81' lang='lat' dir='ltr'><strong>theatrum.</strong></span> <span class='ocrx_word' id='word_1_206' title='bbox 581 2096 735 2132; x_wconf 85' lang='lat' dir='ltr'><strong>Tamen</strong></span> <span class='ocrx_word' id='word_1_207' title='bbox 755 2096 798 2132; x_wconf 89' lang='lat' dir='ltr'><strong>in</strong></span> <span class='ocrx_word' id='word_1_208' title='bbox 822 2095 907 2131; x_wconf 68' lang='lat' dir='ltr'><strong>MS.</strong></span> <span class='ocrx_word' id='word_1_209' title='bbox 930 2094 1063 2132; x_wconf 87' lang='lat' dir='ltr'><strong>Guelf.</strong></span> <span class='ocrx_word' id='word_1_210' title='bbox 1090 2102 1197 2133; x_wconf 86' lang='lat' dir='ltr'><strong>man.</strong></span> <span class='ocrx_word' id='word_1_211' title='bbox 1251 2094 1405 2133; x_wconf 81' lang='lat' dir='ltr'><strong>Puteol.</strong></span> <span class='ocrx_word' id='word_1_212' title='bbox 1462 2095 1518 2134; x_wconf 88' lang='lat' dir='ltr'><strong>At</strong></span> <span class='ocrx_word' id='word_1_213' title='bbox 1546 2095 1762 2133; x_wconf 70' lang='lat' dir='ltr'><strong>Beroaldus</strong></span> <span class='ocrx_word' id='word_1_214' title='bbox 1796 2095 1991 2145; x_wconf 51' lang='lat' dir='ltr'><strong>‹fin-tare,</strong></span> <span class='ocrx_word' id='word_1_215' title='bbox 2028 2094 2134 2144; x_wconf 83' lang='lat' dir='ltr'><strong>quod</strong></span> 
     </span>
     <span class='ocr_line' id='line_1_28' title="bbox 306 2144 2134 2199; baseline 0.003 -18"><span class='ocrx_word' id='word_1_216' title='bbox 306 2156 384 2184; x_wconf 74' lang='lat' dir='ltr'><strong>sec.</strong></span> <span class='ocrx_word' id='word_1_217' title='bbox 403 2147 537 2197; x_wconf 81' lang='lat' dir='ltr'><strong>inepte</strong></span> <span class='ocrx_word' id='word_1_218' title='bbox 556 2161 577 2185; x_wconf 87' lang='lat' dir='ltr'><strong>e</strong></span> <span class='ocrx_word' id='word_1_219' title='bbox 596 2144 687 2186; x_wconf 77' lang='lat' dir='ltr'><em>ludo</em></span> <span class='ocrx_word' id='word_1_220' title='bbox 713 2149 808 2186; x_wconf 80' lang='lat' dir='ltr'><strong>fecit</strong></span> <span class='ocrx_word' id='word_1_221' title='bbox 832 2150 929 2195; x_wconf 83' lang='lat' dir='ltr'><strong>lato,</strong></span> <span class='ocrx_word' id='word_1_222' title='bbox 949 2148 1054 2197; x_wconf 87' lang='lat' dir='ltr'><strong>quod</strong></span> <span class='ocrx_word' id='word_1_223' title='bbox 1070 2153 1130 2186; x_wconf 87' lang='lat' dir='ltr'><strong>est</strong></span> <span class='ocrx_word' id='word_1_224' title='bbox 1153 2149 1195 2186; x_wconf 92' lang='lat' dir='ltr'><strong>in</strong></span> <span class='ocrx_word' id='word_1_225' title='bbox 1250 2161 1385 2187; x_wconf 84' lang='lat' dir='ltr'><strong>omnes</strong></span> <span class='ocrx_word' id='word_1_226' title='bbox 1404 2150 1529 2187; x_wconf 83' lang='lat' dir='ltr'><strong>secuti</strong></span> <span class='ocrx_word' id='word_1_227' title='bbox 1547 2154 1655 2188; x_wconf 85' lang='lat' dir='ltr'><strong>sunt.</strong></span> <span class='ocrx_word' id='word_1_228' title='bbox 1708 2150 1794 2199; x_wconf 80' lang='lat' dir='ltr'><strong>Ego</strong></span> <span class='ocrx_word' id='word_1_229' title='bbox 1812 2150 1916 2186; x_wconf 84' lang='lat' dir='ltr'><strong>edidi</strong></span> <span class='ocrx_word' id='word_1_230' title='bbox 1929 2161 1975 2186; x_wconf 89' lang='lat' dir='ltr'><strong>ex</strong></span> <span class='ocrx_word' id='word_1_231' title='bbox 1992 2149 2053 2186; x_wconf 89' lang='lat' dir='ltr'><strong>ed.</strong></span> <span class='ocrx_word' id='word_1_232' title='bbox 2073 2160 2134 2198; x_wconf 81' lang='lat' dir='ltr'><strong>pr.</strong></span> 
     </span>
    </p>
   </div>
   <div class='ocr_carea' id='block_1_4' title="bbox 300 2200 1193 3534">
    <p class='ocr_par' dir='ltr' id='par_1_4' title="bbox 306 2200 839 2306">
     <span class='ocr_line' id='line_1_29' title="bbox 306 2200 579 2249; baseline 0.015 -13"><span class='ocrx_word' id='word_1_233' title='bbox 306 2200 368 2238; x_wconf 90' lang='lat' dir='ltr'><strong>ed.</strong></span> <span class='ocrx_word' id='word_1_234' title='bbox 381 2212 441 2249; x_wconf 85' lang='lat' dir='ltr'><strong>pr.</strong></span> <span class='ocrx_word' id='word_1_235' title='bbox 470 2203 579 2241; x_wconf 72' lang='lat' dir='ltr'><strong>ERN.</strong></span> 
     </span>
     <span class='ocr_line' id='line_1_30' title="bbox 314 2255 839 2306; baseline 0.006 -15"><span class='ocrx_word' id='word_1_236' title='bbox 314 2259 317 2262; x_wconf 87' lang='lat'>·</span> <span class='ocrx_word' id='word_1_237' title='bbox 361 2255 603 2306; x_wconf 73' lang='lat' dir='ltr'><strong>Retulimus]</strong></span> <span class='ocrx_word' id='word_1_238' title='bbox 636 2256 692 2293; x_wconf 87' lang='lat' dir='ltr'><strong>H.</strong></span> <span class='ocrx_word' id='word_1_239' title='bbox 715 2262 752 2302; x_wconf 84' lang='lat'><strong>1,</strong></span> <span class='ocrx_word' id='word_1_240' title='bbox 772 2262 839 2294; x_wconf 86' lang='lat'><strong>88.</strong></span> 
     </span>
    </p>

    <p class='ocr_par' dir='ltr' id='par_1_5' title="bbox 300 2308 1193 3534">
     <span class='ocr_line' id='line_1_31' title="bbox 362 2308 1191 2360; baseline 0.001 -16"><span class='ocrx_word' id='word_1_241' title='bbox 362 2308 556 2347; x_wconf 79' lang='lat' dir='ltr'><strong>Plancius</strong></span> <span class='ocrx_word' id='word_1_242' title='bbox 580 2309 727 2360; x_wconf 73' lang='lat' dir='ltr'><strong>Varus]</strong></span> <span class='ocrx_word' id='word_1_243' title='bbox 761 2310 823 2347; x_wconf 89' lang='lat' dir='ltr'><strong>Sic</strong></span> <span class='ocrx_word' id='word_1_244' title='bbox 840 2309 1091 2347; x_wconf 83' lang='lat' dir='ltr'><strong>scribendum</strong></span> <span class='ocrx_word' id='word_1_245' title='bbox 1109 2320 1191 2345; x_wconf 85' lang='lat' dir='ltr'><strong>esse</strong></span> 
     </span>
     <span class='ocr_line' id='line_1_32' title="bbox 304 2363 1191 2413; baseline 0.001 -14"><span class='ocrx_word' id='word_1_246' title='bbox 304 2368 516 2400; x_wconf 83' lang='lat' dir='ltr'><strong>monuerat</strong></span> <span class='ocrx_word' id='word_1_247' title='bbox 533 2364 792 2413; x_wconf 87' lang='lat' dir='ltr'><strong>Spanhemius</strong></span> <span class='ocrx_word' id='word_1_248' title='bbox 810 2364 857 2401; x_wconf 87' lang='lat' dir='ltr'><strong>de</strong></span> <span class='ocrx_word' id='word_1_249' title='bbox 873 2364 924 2402; x_wconf 90' lang='lat' dir='ltr'><strong>V.</strong></span> <span class='ocrx_word' id='word_1_250' title='bbox 939 2370 979 2402; x_wconf 88' lang='lat' dir='ltr'><strong>et</strong></span> <span class='ocrx_word' id='word_1_251' title='bbox 989 2366 1053 2401; x_wconf 62' lang='grc' dir='ltr'><strong>ΡΥ.</strong></span> <span class='ocrx_word' id='word_1_252' title='bbox 1070 2363 1191 2400; x_wconf 91' lang='lat' dir='ltr'><strong>Num.</strong></span> 
     </span>
     <span class='ocr_line' id='line_1_33' title="bbox 305 2412 1190 2467; baseline 0 -14"><span class='ocrx_word' id='word_1_253' title='bbox 305 2412 338 2454; x_wconf 73' lang='lat' dir='ltr'><strong>t.</strong></span> <span class='ocrx_word' id='word_1_254' title='bbox 357 2420 394 2453; x_wconf 79' lang='lat'><strong>2.</strong></span> <span class='ocrx_word' id='word_1_255' title='bbox 414 2428 455 2465; x_wconf 88' lang='lat' dir='ltr'><strong>p.</strong></span> <span class='ocrx_word' id='word_1_256' title='bbox 476 2421 568 2458; x_wconf 83' lang='lat'><strong>593.</strong></span> <span class='ocrx_word' id='word_1_257' title='bbox 589 2430 609 2454; x_wconf 87' lang='lat' dir='ltr'><strong>e</strong></span> <span class='ocrx_word' id='word_1_258' title='bbox 635 2418 766 2455; x_wconf 86' lang='lat' dir='ltr'><strong>numis</strong></span> <span class='ocrx_word' id='word_1_259' title='bbox 785 2419 944 2455; x_wconf 84' lang='lat' dir='ltr'><strong>Graecis.</strong></span> <span class='ocrx_word' id='word_1_260' title='bbox 963 2420 1096 2467; x_wconf 79' lang='lat' dir='ltr'><strong>Atque</strong></span> <span class='ocrx_word' id='word_1_261' title='bbox 1131 2418 1190 2453; x_wconf 81' lang='lat' dir='ltr'><strong>ita</strong></span> 
     </span>
     <span class='ocr_line' id='line_1_34' title="bbox 305 2469 1191 2516; baseline 0.001 -10"><span class='ocrx_word' id='word_1_262' title='bbox 305 2481 390 2507; x_wconf 86' lang='lat' dir='ltr'><strong>esse</strong></span> <span class='ocrx_word' id='word_1_263' title='bbox 412 2469 454 2506; x_wconf 88' lang='lat' dir='ltr'><strong>in</strong></span> <span class='ocrx_word' id='word_1_264' title='bbox 473 2471 578 2510; x_wconf 82' lang='lat' dir='ltr'><strong>Flor.</strong></span> <span class='ocrx_word' id='word_1_265' title='bbox 595 2476 770 2509; x_wconf 78' lang='lat' dir='ltr'><strong>testatur</strong></span> <span class='ocrx_word' id='word_1_266' title='bbox 789 2473 830 2510; x_wconf 78' lang='lat' dir='ltr'><strong>J.</strong></span> <span class='ocrx_word' id='word_1_267' title='bbox 849 2473 1087 2516; x_wconf 79' lang='lat' dir='ltr'><strong>Gronovius,</strong></span> <span class='ocrx_word' id='word_1_268' title='bbox 1114 2471 1191 2507; x_wconf 89' lang='lat' dir='ltr'><strong>ini-</strong></span> 
     </span>
     <span class='ocr_line' id='line_1_35' title="bbox 305 2526 1191 2575; baseline 0 -14"><span class='ocrx_word' id='word_1_269' title='bbox 305 2529 408 2572; x_wconf 81' lang='lat' dir='ltr'><strong>quus</strong></span> <span class='ocrx_word' id='word_1_270' title='bbox 428 2526 548 2562; x_wconf 84' lang='lat' dir='ltr'><strong>ethic</strong></span> <span class='ocrx_word' id='word_1_271' title='bbox 574 2526 826 2575; x_wconf 84' lang='lat' dir='ltr'><strong>Spanhemio,</strong></span> <span class='ocrx_word' id='word_1_272' title='bbox 844 2526 991 2563; x_wconf 79' lang='lat' dir='ltr'><strong>addens</strong></span> <span class='ocrx_word' id='word_1_273' title='bbox 1017 2529 1191 2562; x_wconf 87' lang='lat' dir='ltr'><strong>ceterum</strong></span> 
     </span>
     <span class='ocr_line' id='line_1_36' title="bbox 303 2579 1193 2630; baseline 0.002 -16"><span class='ocrx_word' id='word_1_274' title='bbox 303 2579 428 2615; x_wconf 84' lang='lat' dir='ltr'><strong>alium</strong></span> <span class='ocrx_word' id='word_1_275' title='bbox 461 2591 627 2617; x_wconf 87' lang='lat' dir='ltr'><strong>numum</strong></span> <span class='ocrx_word' id='word_1_276' title='bbox 655 2592 676 2616; x_wconf 88' lang='lat' dir='ltr'><strong>e</strong></span> <span class='ocrx_word' id='word_1_277' title='bbox 705 2579 853 2628; x_wconf 87' lang='lat' dir='ltr'><strong>Sponio</strong></span> <span class='ocrx_word' id='word_1_278' title='bbox 889 2580 1000 2630; x_wconf 81' lang='lat' dir='ltr'><strong>(Voy.</strong></span> <span class='ocrx_word' id='word_1_279' title='bbox 1026 2586 1057 2617; x_wconf 85' lang='lat' dir='ltr'><strong>t.</strong></span> <span class='ocrx_word' id='word_1_280' title='bbox 1086 2585 1126 2617; x_wconf 89' lang='lat'><strong>3.</strong></span> <span class='ocrx_word' id='word_1_281' title='bbox 1153 2590 1193 2627; x_wconf 88' lang='lat' dir='ltr'><strong>p.</strong></span> 
     </span>
     <span class='ocr_line' id='line_1_37' title="bbox 310 2631 1191 2683; baseline 0 -15"><span class='ocrx_word' id='word_1_282' title='bbox 310 2631 432 2683; x_wconf 83' lang='lat'><strong>199.).</strong></span> <span class='ocrx_word' id='word_1_283' title='bbox 451 2634 659 2683; x_wconf 75' lang='lat' dir='ltr'><strong>consentit</strong></span> <span class='ocrx_word' id='word_1_284' title='bbox 677 2634 738 2673; x_wconf 85' lang='lat' dir='ltr'><strong>cd.</strong></span> <span class='ocrx_word' id='word_1_285' title='bbox 758 2645 818 2682; x_wconf 79' lang='lat' dir='ltr'><strong>pr.</strong></span> <span class='ocrx_word' id='word_1_286' title='bbox 837 2635 877 2670; x_wconf 92' lang='lat' dir='ltr'><strong>in</strong></span> <span class='ocrx_word' id='word_1_287' title='bbox 892 2645 972 2682; x_wconf 86' lang='lat' dir='ltr'><strong>qua</strong></span> <span class='ocrx_word' id='word_1_288' title='bbox 989 2631 1050 2671; x_wconf 83' lang='lat' dir='ltr'><strong>est</strong></span> <span class='ocrx_word' id='word_1_289' title='bbox 1066 2633 1191 2670; x_wconf 84' lang='lat' dir='ltr'><strong>Plan—</strong></span> 
     </span>
     <span class='ocr_line' id='line_1_38' title="bbox 304 2684 1191 2727; baseline 0.001 -3"><span class='ocrx_word' id='word_1_290' title='bbox 304 2688 397 2724; x_wconf 73' lang='lat' dir='ltr'><strong>tius.</strong></span> <span class='ocrx_word' id='word_1_291' title='bbox 443 2687 528 2725; x_wconf 80' lang='lat' dir='ltr'><strong>MS.</strong></span> <span class='ocrx_word' id='word_1_292' title='bbox 559 2688 693 2726; x_wconf 82' lang='lat' dir='ltr'><strong>Guelf.</strong></span> <span class='ocrx_word' id='word_1_293' title='bbox 712 2687 918 2727; x_wconf 70' lang='lat' dir='ltr'><strong>Plancius.</strong></span> <span class='ocrx_word' id='word_1_294' title='bbox 966 2687 1066 2726; x_wconf 84' lang='lat' dir='ltr'><strong>Edd.</strong></span> <span class='ocrx_word' id='word_1_295' title='bbox 1100 2684 1191 2725; x_wconf 82' lang='lat' dir='ltr'><strong>Pnt.</strong></span> 
     </span>
     <span class='ocr_line' id='line_1_39' title="bbox 303 2739 1193 2794; baseline 0.001 -18"><span class='ocrx_word' id='word_1_296' title='bbox 303 2740 394 2777; x_wconf 75' lang='lat' dir='ltr'><strong>Ber.</strong></span> <span class='ocrx_word' id='word_1_297' title='bbox 416 2741 504 2779; x_wconf 89' lang='lat' dir='ltr'><strong>Alc.</strong></span> <span class='ocrx_word' id='word_1_298' title='bbox 525 2741 700 2779; x_wconf 69' lang='lat' dir='ltr'><strong>Planus.</strong></span> <span class='ocrx_word' id='word_1_299' title='bbox 716 2742 845 2780; x_wconf 76' lang='lat' dir='ltr'><strong>Rhea.</strong></span> <span class='ocrx_word' id='word_1_300' title='bbox 869 2741 906 2794; x_wconf 88' lang='lat' dir='ltr'><strong>(e</strong></span> <span class='ocrx_word' id='word_1_301' title='bbox 924 2739 1049 2793; x_wconf 86' lang='lat' dir='ltr'><strong>Bud.)</strong></span> <span class='ocrx_word' id='word_1_302' title='bbox 1067 2741 1193 2778; x_wconf 76' lang='lat' dir='ltr'><em>Plau-</em></span> 
     </span>
     <span class='ocr_line' id='line_1_40' title="bbox 304 2794 1093 2845; baseline 0.003 -13"><span class='ocrx_word' id='word_1_303' title='bbox 304 2797 396 2833; x_wconf 72' lang='lat' dir='ltr'><strong>tius.</strong></span> <span class='ocrx_word' id='word_1_304' title='bbox 427 2794 621 2833; x_wconf 76' lang='lat' dir='ltr'><strong>Plancius</strong></span> <span class='ocrx_word' id='word_1_305' title='bbox 638 2798 787 2845; x_wconf 74' lang='lat' dir='ltr'><strong>recepit</strong></span> <span class='ocrx_word' id='word_1_306' title='bbox 805 2797 927 2835; x_wconf 87' lang='lat' dir='ltr'><strong>Gron.</strong></span> <span class='ocrx_word' id='word_1_307' title='bbox 983 2797 1093 2834; x_wconf 76' lang='lat' dir='ltr'><strong>ERN.</strong></span> 
     </span>
     <span class='ocr_line' id='line_1_41' title="bbox 319 2848 1191 2900; baseline 0 -15"><span class='ocrx_word' id='word_1_308' title='bbox 319 2856 323 2860; x_wconf 60' lang='lat'><strong>⁴</strong></span> <span class='ocrx_word' id='word_1_309' title='bbox 361 2848 501 2886; x_wconf 78' lang='lat' dir='ltr'><strong>Seram</strong></span> <span class='ocrx_word' id='word_1_310' title='bbox 525 2850 695 2900; x_wconf 82' lang='lat' dir='ltr'><strong>veniam]</strong></span> <span class='ocrx_word' id='word_1_311' title='bbox 727 2850 791 2887; x_wconf 82' lang='lat' dir='ltr'><strong>Sic</strong></span> <span class='ocrx_word' id='word_1_312' title='bbox 811 2851 916 2889; x_wconf 83' lang='lat' dir='ltr'><strong>Flor.</strong></span> <span class='ocrx_word' id='word_1_313' title='bbox 948 2850 1034 2887; x_wconf 85' lang='lat' dir='ltr'><strong>edd.</strong></span> <span class='ocrx_word' id='word_1_314' title='bbox 1064 2861 1124 2899; x_wconf 86' lang='lat' dir='ltr'><strong>pr.</strong></span> <span class='ocrx_word' id='word_1_315' title='bbox 1149 2853 1191 2885; x_wconf 89' lang='lat' dir='ltr'><strong>et</strong></span> 
     </span>
     <span class='ocr_line' id='line_1_42' title="bbox 304 2899 1190 2953; baseline 0.002 -15"><span class='ocrx_word' id='word_1_316' title='bbox 304 2906 445 2941; x_wconf 79' lang='lat' dir='ltr'><strong>ceterae</strong></span> <span class='ocrx_word' id='word_1_317' title='bbox 457 2899 559 2940; x_wconf 79' lang='lat' dir='ltr'><strong>ante</strong></span> <span class='ocrx_word' id='word_1_318' title='bbox 577 2904 706 2941; x_wconf 73' lang='lat' dir='ltr'><strong>Rhea.</strong></span> <span class='ocrx_word' id='word_1_319' title='bbox 730 2906 797 2953; x_wconf 86' lang='lat' dir='ltr'><strong>qui</strong></span> <span class='ocrx_word' id='word_1_320' title='bbox 820 2904 1030 2942; x_wconf 73' lang='lat' dir='ltr'><strong>secundam</strong></span> <span class='ocrx_word' id='word_1_321' title='bbox 1048 2915 1069 2940; x_wconf 88' lang='lat' dir='ltr'><strong>e</strong></span> <span class='ocrx_word' id='word_1_322' title='bbox 1086 2903 1190 2941; x_wconf 86' lang='lat' dir='ltr'><strong>Bud.</strong></span> 
     </span>
     <span class='ocr_line' id='line_1_43' title="bbox 305 2956 1192 3006; baseline 0.002 -14"><span class='ocrx_word' id='word_1_323' title='bbox 305 2956 442 3003; x_wconf 85' lang='lat' dir='ltr'><strong>edidit,</strong></span> <span class='ocrx_word' id='word_1_324' title='bbox 461 2959 564 3006; x_wconf 89' lang='lat' dir='ltr'><strong>quod</strong></span> <span class='ocrx_word' id='word_1_325' title='bbox 577 2962 617 2994; x_wconf 83' lang='lat' dir='ltr'><strong>et</strong></span> <span class='ocrx_word' id='word_1_326' title='bbox 635 2958 769 2996; x_wconf 84' lang='lat' dir='ltr'><strong>Guelf.</strong></span> <span class='ocrx_word' id='word_1_327' title='bbox 782 2962 822 2996; x_wconf 86' lang='lat' dir='ltr'><strong>et</strong></span> <span class='ocrx_word' id='word_1_328' title='bbox 835 2959 902 2996; x_wconf 83' lang='lat' dir='ltr'><strong>alii</strong></span> <span class='ocrx_word' id='word_1_329' title='bbox 920 2958 1082 2995; x_wconf 83' lang='lat' dir='ltr'><strong>habent.</strong></span> <span class='ocrx_word' id='word_1_330' title='bbox 1101 2956 1192 2995; x_wconf 88' lang='lat' dir='ltr'><strong>vel-</strong></span> 
     </span>
     <span class='ocr_line' id='line_1_44' title="bbox 304 3009 1191 3061; baseline 0.003 -16"><span class='ocrx_word' id='word_1_331' title='bbox 304 3009 383 3047; x_wconf 87' lang='lat' dir='ltr'><strong>lem</strong></span> <span class='ocrx_word' id='word_1_332' title='bbox 400 3013 648 3059; x_wconf 83' lang='lat' dir='ltr'><strong>explicasset,</strong></span> <span class='ocrx_word' id='word_1_333' title='bbox 662 3012 757 3061; x_wconf 83' lang='lat' dir='ltr'><strong>quid</strong></span> <span class='ocrx_word' id='word_1_334' title='bbox 776 3017 880 3050; x_wconf 83' lang='lat' dir='ltr'><strong>esset</strong></span> <span class='ocrx_word' id='word_1_335' title='bbox 891 3011 1062 3050; x_wconf 69' lang='lat' dir='ltr'><strong>secunda</strong></span> <span class='ocrx_word' id='word_1_336' title='bbox 1079 3013 1191 3049; x_wconf 83' lang='lat' dir='ltr'><strong>venia</strong></span> 
     </span>
     <span class='ocr_line' id='line_1_45' title="bbox 300 3063 1192 3114; baseline 0.002 -14"><span class='ocrx_word' id='word_1_337' title='bbox 300 3070 392 3113; x_wconf 72' lang='lat' dir='ltr'><strong>post</strong></span> <span class='ocrx_word' id='word_1_338' title='bbox 413 3066 551 3102; x_wconf 72' lang='lat' dir='ltr'><strong>scelus.</strong></span> <span class='ocrx_word' id='word_1_339' title='bbox 600 3066 803 3103; x_wconf 82' lang='lat' dir='ltr'><strong>Acidalius</strong></span> <span class='ocrx_word' id='word_1_340' title='bbox 835 3063 1094 3114; x_wconf 76' lang='lat' dir='ltr'><strong>conjiciebat:</strong></span> <span class='ocrx_word' id='word_1_341' title='bbox 1130 3077 1192 3102; x_wconf 85' lang='lat' dir='ltr'><strong>ve-</strong></span> 
     </span>
     <span class='ocr_line' id='line_1_46' title="bbox 304 3117 1190 3171; baseline 0 -16"><span class='ocrx_word' id='word_1_342' title='bbox 304 3117 415 3155; x_wconf 77' lang='lat' dir='ltr'><strong>niam</strong></span> <span class='ocrx_word' id='word_1_343' title='bbox 447 3119 655 3156; x_wconf 72' lang='lat' dir='ltr'><strong>secundam</strong></span> <span class='ocrx_word' id='word_1_344' title='bbox 695 3120 818 3158; x_wconf 76' lang='lat' dir='ltr'><strong>scelus</strong></span> <span class='ocrx_word' id='word_1_345' title='bbox 854 3119 1062 3171; x_wconf 68' lang='lat' dir='ltr'><strong>querebat.</strong></span> <span class='ocrx_word' id='word_1_346' title='bbox 1114 3118 1190 3156; x_wconf 84' lang='lat' dir='ltr'><strong>Sed</strong></span> 
     </span>
     <span class='ocr_line' id='line_1_47' title="bbox 305 3171 1189 3224; baseline 0.001 -15"><span class='ocrx_word' id='word_1_347' title='bbox 305 3171 435 3209; x_wconf 89' lang='lat' dir='ltr'><strong>locum</strong></span> <span class='ocrx_word' id='word_1_348' title='bbox 455 3177 590 3209; x_wconf 83' lang='lat' dir='ltr'><strong>tamen</strong></span> <span class='ocrx_word' id='word_1_349' title='bbox 620 3173 804 3210; x_wconf 83' lang='lat' dir='ltr'><strong>vitiosum</strong></span> <span class='ocrx_word' id='word_1_350' title='bbox 824 3179 943 3224; x_wconf 85' lang='lat' dir='ltr'><strong>puto:</strong></span> <span class='ocrx_word' id='word_1_351' title='bbox 974 3181 1047 3210; x_wconf 81' lang='lat' dir='ltr'><strong>nec</strong></span> <span class='ocrx_word' id='word_1_352' title='bbox 1071 3174 1189 3210; x_wconf 85' lang='lat' dir='ltr'><strong>intel·</strong></span> 
     </span>
     <span class='ocr_line' id='line_1_48' title="bbox 303 3219 1186 3276; baseline 0.002 -14"><span class='ocrx_word' id='word_1_353' title='bbox 303 3224 399 3274; x_wconf 84' lang='lat' dir='ltr'><strong>ligo.</strong></span> <span class='ocrx_word' id='word_1_354' title='bbox 427 3226 494 3263; x_wconf 89' lang='lat' dir='ltr'><strong>An</strong></span> <span class='ocrx_word' id='word_1_355' title='bbox 504 3219 632 3274; x_wconf 82' lang='lat' dir='ltr'><strong>&#39;quaeri</strong></span> <span class='ocrx_word' id='word_1_356' title='bbox 647 3227 766 3264; x_wconf 79' lang='lat' dir='ltr'><strong>venia</strong></span> <span class='ocrx_word' id='word_1_357' title='bbox 780 3233 876 3265; x_wconf 85' lang='lat' dir='ltr'><strong>ante·</strong></span> <span class='ocrx_word' id='word_1_358' title='bbox 889 3227 1014 3264; x_wconf 75' lang='lat' dir='ltr'><strong>scelus</strong></span> <span class='ocrx_word' id='word_1_359' title='bbox 1032 3226 1186 3276; x_wconf 82' lang='lat' dir='ltr'><strong>potest?</strong></span> 
     </span>
     <span class='ocr_line' id='line_1_49' title="bbox 305 3279 1185 3329; baseline 0 -12"><span class='ocrx_word' id='word_1_360' title='bbox 305 3283 347 3317; x_wconf 86' lang='lat' dir='ltr'><strong>et</strong></span> <span class='ocrx_word' id='word_1_361' title='bbox 364 3290 417 3316; x_wconf 84' lang='lat' dir='ltr'><strong>an</strong></span> <span class='ocrx_word' id='word_1_362' title='bbox 435 3290 521 3316; x_wconf 73' lang='lat' dir='ltr'><strong>sero</strong></span> <span class='ocrx_word' id='word_1_363' title='bbox 540 3281 656 3327; x_wconf 83' lang='lat' dir='ltr'><strong>petit,</strong></span> <span class='ocrx_word' id='word_1_364' title='bbox 677 3282 742 3328; x_wconf 89' lang='lat' dir='ltr'><strong>qui</strong></span> <span class='ocrx_word' id='word_1_365' title='bbox 769 3286 857 3329; x_wconf 87' lang='lat' dir='ltr'><strong>post</strong></span> <span class='ocrx_word' id='word_1_366' title='bbox 883 3281 1037 3319; x_wconf 72' lang='lat' dir='ltr'><strong>facimts</strong></span> <span class='ocrx_word' id='word_1_367' title='bbox 1055 3279 1185 3329; x_wconf 83' lang='lat' dir='ltr'><strong>petit?</strong></span> 
     </span>
     <span class='ocr_line' id='line_1_50' title="bbox 304 3333 1190 3384; baseline -0.001 -13"><span class='ocrx_word' id='word_1_368' title='bbox 304 3333 414 3373; x_wconf 71' lang='lat' dir='ltr'><strong>ERN.</strong></span> <span class='ocrx_word' id='word_1_369' title='bbox 462 3333 692 3371; x_wconf 70' lang='lat' dir='ltr'><strong>Praeclaram</strong></span> <span class='ocrx_word' id='word_1_370' title='bbox 718 3333 811 3384; x_wconf 86' lang='lat' dir='ltr'><strong>Bip.</strong></span> <span class='ocrx_word' id='word_1_371' title='bbox 838 3335 1027 3376; x_wconf 72' lang='lat' dir='ltr'><strong>medelam</strong></span> <span class='ocrx_word' id='word_1_372' title='bbox 1056 3333 1190 3371; x_wconf 73' lang='lat' dir='ltr'><strong>amba-</strong></span> 
     </span>
     <span class='ocr_line' id='line_1_51' title="bbox 306 3387 1192 3437; baseline 0.001 -13"><span class='ocrx_word' id='word_1_373' title='bbox 306 3387 381 3425; x_wconf 87' lang='lat' dir='ltr'><strong>bus</strong></span> <span class='ocrx_word' id='word_1_374' title='bbox 408 3387 639 3435; x_wconf 82' lang='lat' dir='ltr'><strong>amplector,</strong></span> <span class='ocrx_word' id='word_1_375' title='bbox 659 3388 844 3425; x_wconf 83' lang='lat' dir='ltr'><strong>restituta</strong></span> <span class='ocrx_word' id='word_1_376' title='bbox 869 3389 1192 3437; x_wconf 85' lang='lat' dir='ltr'><strong>interpunctione</strong></span> 
     </span>
     <span class='ocr_line' id='line_1_52' title="bbox 305 3440 1190 3492; baseline 0.001 -13"><span class='ocrx_word' id='word_1_377' title='bbox 305 3446 395 3492; x_wconf 84' lang='lat' dir='ltr'><strong>post</strong></span> <span class='ocrx_word' id='word_1_378' title='bbox 405 3440 711 3490; x_wconf 77' lang='lat' dir='ltr'><strong>probationibus,</strong></span> <span class='ocrx_word' id='word_1_379' title='bbox 730 3446 771 3479; x_wconf 89' lang='lat' dir='ltr'><strong>et</strong></span> <span class='ocrx_word' id='word_1_380' title='bbox 789 3452 882 3479; x_wconf 72' lang='lat' dir='ltr'><strong>voce</strong></span> <span class='ocrx_word' id='word_1_381' title='bbox 906 3453 1030 3479; x_wconf 80' lang='lat' dir='ltr'><strong>seram</strong></span> <span class='ocrx_word' id='word_1_382' title='bbox 1047 3452 1190 3491; x_wconf 64' lang='lat' dir='ltr'><strong>prace-</strong></span> 
     </span>
     <span class='ocr_line' id='line_1_53' title="bbox 306 3495 593 3534; baseline -0.003 -1"><span class='ocrx_word' id='word_1_383' title='bbox 306 3496 417 3534; x_wconf 82' lang='lat' dir='ltr'><strong>denti</strong></span> <span class='ocrx_word' id='word_1_384' title='bbox 429 3495 593 3532; x_wconf 75' lang='lat' dir='ltr'><strong>reddita.</strong></span> 
     </span>
    </p>
   </div>
   <div class='ocr_carea' id='block_1_5' title="bbox 1239 2204 2134 3546">
    <p class='ocr_par' dir='ltr' id='par_1_6' title="bbox 1239 2204 2134 2952">
     <span class='ocr_line' id='line_1_54' title="bbox 1247 2204 2132 2253; baseline -0.001 -12"><span class='ocrx_word' id='word_1_385' title='bbox 1247 2204 1563 2252; x_wconf 71' lang='lat' dir='ltr'><strong>ne—qffectaret,</strong></span> <span class='ocrx_word' id='word_1_386' title='bbox 1577 2216 1663 2253; x_wconf 82' lang='lat' dir='ltr'><strong>quae</strong></span> <span class='ocrx_word' id='word_1_387' title='bbox 1677 2208 1738 2240; x_wconf 87' lang='lat' dir='ltr'><strong>est</strong></span> <span class='ocrx_word' id='word_1_388' title='bbox 1754 2214 1847 2241; x_wconf 81' lang='lat' dir='ltr'><strong>vera</strong></span> <span class='ocrx_word' id='word_1_389' title='bbox 1865 2204 1995 2248; x_wconf 84' lang='lat' dir='ltr'><strong>lectio,</strong></span> <span class='ocrx_word' id='word_1_390' title='bbox 2013 2214 2132 2252; x_wconf 79' lang='lat' dir='ltr'><strong>quam</strong></span> 
     </span>
     <span class='ocr_line' id='line_1_55' title="bbox 1247 2256 2134 2306; baseline 0.001 -12"><span class='ocrx_word' id='word_1_391' title='bbox 1247 2261 1289 2294; x_wconf 85' lang='lat' dir='ltr'><strong>et</strong></span> <span class='ocrx_word' id='word_1_392' title='bbox 1305 2262 1476 2295; x_wconf 62' lang='lat' dir='ltr'><strong>secutus</strong></span> <span class='ocrx_word' id='word_1_393' title='bbox 1486 2261 1546 2294; x_wconf 88' lang='lat' dir='ltr'><strong>est</strong></span> <span class='ocrx_word' id='word_1_394' title='bbox 1563 2258 1782 2295; x_wconf 88' lang='lat' dir='ltr'><strong>Broterius.</strong></span> <span class='ocrx_word' id='word_1_395' title='bbox 1809 2258 1921 2294; x_wconf 87' lang='lat' dir='ltr'><strong>Nam·</strong></span> <span class='ocrx_word' id='word_1_396' title='bbox 1933 2256 2134 2306; x_wconf 74' lang='lat' dir='ltr'><strong>qffectaret</strong></span> 
     </span>
     <span class='ocr_line' id='line_1_56' title="bbox 1247 2310 2132 2356; baseline 0 -8"><span class='ocrx_word' id='word_1_397' title='bbox 1247 2320 1383 2348; x_wconf 84' lang='lat' dir='ltr'><strong>verum</strong></span> <span class='ocrx_word' id='word_1_398' title='bbox 1396 2323 1494 2356; x_wconf 87' lang='lat' dir='ltr'><strong>esse,</strong></span> <span class='ocrx_word' id='word_1_399' title='bbox 1512 2323 1723 2349; x_wconf 86' lang='lat' dir='ltr'><strong>consensus</strong></span> <span class='ocrx_word' id='word_1_400' title='bbox 1738 2311 1929 2349; x_wconf 85' lang='lat' dir='ltr'><strong>bonorum</strong></span> <span class='ocrx_word' id='word_1_401' title='bbox 1939 2310 2132 2348; x_wconf 77' lang='lat' dir='ltr'><strong>librorum</strong></span> 
     </span>
     <span class='ocr_line' id='line_1_57' title="bbox 1246 2365 2134 2415; baseline 0.003 -13"><span class='ocrx_word' id='word_1_402' title='bbox 1246 2365 1372 2415; x_wconf 82' lang='lat' dir='ltr'><strong>docet.</strong></span> <span class='ocrx_word' id='word_1_403' title='bbox 1401 2365 1446 2401; x_wconf 87' lang='lat' dir='ltr'><strong>1·d</strong></span> <span class='ocrx_word' id='word_1_404' title='bbox 1474 2369 1578 2402; x_wconf 86' lang='lat' dir='ltr'><strong>stare</strong></span> <span class='ocrx_word' id='word_1_405' title='bbox 1606 2366 1690 2402; x_wconf 82' lang='lat' dir='ltr'><strong>sine</strong></span> <span class='ocrx_word' id='word_1_406' title='bbox 1714 2378 1763 2403; x_wconf 84' lang='lat' dir='ltr'><strong>ne</strong></span> <span class='ocrx_word' id='word_1_407' title='bbox 1779 2377 1859 2402; x_wconf 88' lang='lat' dir='ltr'><strong>non</strong></span> <span class='ocrx_word' id='word_1_408' title='bbox 1878 2368 2021 2415; x_wconf 85' lang='lat' dir='ltr'><strong>potest.</strong></span> <span class='ocrx_word' id='word_1_409' title='bbox 2047 2367 2134 2405; x_wconf 84' lang='lat' dir='ltr'><strong>Nec</strong></span> 
     </span>
     <span class='ocr_line' id='line_1_58' title="bbox 1242 2419 2132 2468; baseline 0.004 -12"><span class='ocrx_word' id='word_1_410' title='bbox 1242 2425 1288 2456; x_wconf 81' lang='lat' dir='ltr'><strong>ut</strong></span> <span class='ocrx_word' id='word_1_411' title='bbox 1325 2419 1495 2467; x_wconf 84' lang='lat' dir='ltr'><strong>intelligi</strong></span> <span class='ocrx_word' id='word_1_412' title='bbox 1524 2422 1671 2467; x_wconf 86' lang='lat' dir='ltr'><strong>potest,</strong></span> <span class='ocrx_word' id='word_1_413' title='bbox 1702 2425 1750 2465; x_wconf 85' lang='lat' dir='ltr'><strong>ut</strong></span> <span class='ocrx_word' id='word_1_414' title='bbox 1777 2419 1865 2457; x_wconf 74' lang='lat' dir='ltr'><strong>vult</strong></span> <span class='ocrx_word' id='word_1_415' title='bbox 1899 2421 2132 2468; x_wconf 67' lang='lat' dir='ltr'><strong>Rhenanus,</strong></span> 
     </span>
     <span class='ocr_line' id='line_1_59' title="bbox 1244 2473 2132 2524; baseline 0.003 -16"><span class='ocrx_word' id='word_1_416' title='bbox 1244 2475 1316 2522; x_wconf 77' lang='lat' dir='ltr'><strong>per</strong></span> <span class='ocrx_word' id='word_1_417' title='bbox 1334 2473 1610 2510; x_wconf 81' lang='lat' dir='ltr'><strong>Latinitatem.</strong></span> <span class='ocrx_word' id='word_1_418' title='bbox 1654 2474 1718 2511; x_wconf 90' lang='lat' dir='ltr'><strong>Ne</strong></span> <span class='ocrx_word' id='word_1_419' title='bbox 1735 2473 1868 2511; x_wconf 86' lang='lat' dir='ltr'><strong>omitti</strong></span> <span class='ocrx_word' id='word_1_420' title='bbox 1885 2477 1926 2510; x_wconf 87' lang='lat' dir='ltr'><strong>et</strong></span> <span class='ocrx_word' id='word_1_421' title='bbox 1945 2474 2132 2524; x_wconf 83' lang='lat' dir='ltr'><strong>intelligi,</strong></span> 
     </span>
     <span class='ocr_line' id='line_1_60' title="bbox 1245 2526 2131 2577; baseline 0.003 -13"><span class='ocrx_word' id='word_1_422' title='bbox 1245 2526 1365 2564; x_wconf 87' lang='lat' dir='ltr'><strong>nullis</strong></span> <span class='ocrx_word' id='word_1_423' title='bbox 1400 2527 1589 2575; x_wconf 87' lang='lat' dir='ltr'><strong>exemplis</strong></span> <span class='ocrx_word' id='word_1_424' title='bbox 1619 2527 1748 2564; x_wconf 88' lang='lat' dir='ltr'><strong>doceri</strong></span> <span class='ocrx_word' id='word_1_425' title='bbox 1780 2531 1926 2577; x_wconf 85' lang='lat' dir='ltr'><strong>potest.</strong></span> <span class='ocrx_word' id='word_1_426' title='bbox 1986 2529 2131 2567; x_wconf 83' lang='lat' dir='ltr'><strong>Horat.</strong></span> 
     </span>
     <span class='ocr_line' id='line_1_61' title="bbox 1249 2581 2131 2632; baseline 0.005 -13"><span class='ocrx_word' id='word_1_427' title='bbox 1249 2581 1382 2619; x_wconf 83' lang='lat' dir='ltr'><strong>carm.</strong></span> <span class='ocrx_word' id='word_1_428' title='bbox 1401 2581 1436 2627; x_wconf 90' lang='lat'><strong>1,</strong></span> <span class='ocrx_word' id='word_1_429' title='bbox 1457 2586 1495 2617; x_wconf 68' lang='lat'><strong>2.</strong></span> <span class='ocrx_word' id='word_1_430' title='bbox 1524 2582 1664 2618; x_wconf 77' lang='lat' dir='ltr'><strong>tem-nit</strong></span> <span class='ocrx_word' id='word_1_431' title='bbox 1691 2588 1842 2631; x_wconf 71' lang='lat' dir='ltr'><strong>gentes,</strong></span> <span class='ocrx_word' id='word_1_432' title='bbox 1858 2595 1984 2632; x_wconf 82' lang='lat' dir='ltr'><strong>grave</strong></span> <span class='ocrx_word' id='word_1_433' title='bbox 2007 2597 2055 2623; x_wconf 86' lang='lat' dir='ltr'><strong>ne</strong></span> <span class='ocrx_word' id='word_1_434' title='bbox 2071 2597 2131 2623; x_wconf 82' lang='lat' dir='ltr'><strong>re-</strong></span> 
     </span>
     <span class='ocr_line' id='line_1_62' title="bbox 1246 2634 2131 2685; baseline 0.006 -14"><span class='ocrx_word' id='word_1_435' title='bbox 1246 2634 1346 2672; x_wconf 80' lang='lat' dir='ltr'><strong>diret</strong></span> <span class='ocrx_word' id='word_1_436' title='bbox 1361 2635 1531 2672; x_wconf 69' lang='lat' dir='ltr'><strong>secutum</strong></span> <span class='ocrx_word' id='word_1_437' title='bbox 1550 2635 1730 2685; x_wconf 73' lang='lat' dir='ltr'><strong>Pyrrlzoe.</strong></span> <span class='ocrx_word' id='word_1_438' title='bbox 1764 2636 1873 2674; x_wconf 73' lang='lat' dir='ltr'><strong>ERN.</strong></span> <span class='ocrx_word' id='word_1_439' title='bbox 1908 2637 2131 2676; x_wconf 78' lang='lat' dir='ltr'><strong>Gronovius</strong></span> 
     </span>
     <span class='ocr_line' id='line_1_63' title="bbox 1246 2687 2131 2739; baseline 0.008 -15"><span class='ocrx_word' id='word_1_440' title='bbox 1246 2692 1379 2725; x_wconf 85' lang='lat' dir='ltr'><strong>servat</strong></span> <span class='ocrx_word' id='word_1_441' title='bbox 1395 2687 1503 2736; x_wconf 82' lang='lat' dir='ltr'><strong>vulg.</strong></span> <span class='ocrx_word' id='word_1_442' title='bbox 1520 2700 1540 2725; x_wconf 92' lang='lat' dir='ltr'><strong>e</strong></span> <span class='ocrx_word' id='word_1_443' title='bbox 1549 2700 1594 2738; x_wconf 84' lang='lat' dir='ltr'><strong>p.</strong></span> <span class='ocrx_word' id='word_1_444' title='bbox 1607 2688 1658 2727; x_wconf 91' lang='lat' dir='ltr'><strong>P.</strong></span> <span class='ocrx_word' id='word_1_445' title='bbox 1674 2690 1718 2738; x_wconf 88' lang='lat' dir='ltr'><strong>f.</strong></span> <span class='ocrx_word' id='word_1_446' title='bbox 1732 2689 1782 2729; x_wconf 83' lang='lat' dir='ltr'><strong>cl.</strong></span> <span class='ocrx_word' id='word_1_447' title='bbox 1803 2689 1998 2739; x_wconf 74' lang='lat' dir='ltr'><strong>qffectare.</strong></span> <span class='ocrx_word' id='word_1_448' title='bbox 2027 2692 2131 2731; x_wconf 80' lang='lat' dir='ltr'><strong>Bud.</strong></span> 
     </span>
     <span class='ocr_line' id='line_1_64' title="bbox 1245 2741 2131 2794; baseline 0.007 -16"><span class='ocrx_word' id='word_1_449' title='bbox 1245 2741 1534 2790; x_wconf 68' lang='lat' dir='ltr'><strong>e—affectaret,</strong></span> <span class='ocrx_word' id='word_1_450' title='bbox 1554 2742 1623 2779; x_wconf 87' lang='lat' dir='ltr'><strong>ubi</strong></span> <span class='ocrx_word' id='word_1_451' title='bbox 1642 2755 1662 2780; x_wconf 88' lang='lat' dir='ltr'><strong>e</strong></span> <span class='ocrx_word' id='word_1_452' title='bbox 1677 2744 1852 2793; x_wconf 81' lang='lat' dir='ltr'><strong>profecto</strong></span> <span class='ocrx_word' id='word_1_453' title='bbox 1870 2755 1942 2794; x_wconf 87' lang='lat' dir='ltr'><strong>per</strong></span> <span class='ocrx_word' id='word_1_454' title='bbox 1958 2755 2131 2784; x_wconf 83' lang='lat' dir='ltr'><strong>errorem</strong></span> 
     </span>
     <span class='ocr_line' id='line_1_65' title="bbox 1245 2794 2133 2849; baseline 0.009 -19"><span class='ocrx_word' id='word_1_455' title='bbox 1245 2806 1316 2843; x_wconf 88' lang='lat' dir='ltr'><strong>pro</strong></span> <span class='ocrx_word' id='word_1_456' title='bbox 1329 2808 1389 2834; x_wconf 88' lang='lat' dir='ltr'><strong>ne.</strong></span> <span class='ocrx_word' id='word_1_457' title='bbox 1417 2794 1632 2834; x_wconf 78' lang='lat' dir='ltr'><strong>Palmerius</strong></span> <span class='ocrx_word' id='word_1_458' title='bbox 1645 2799 1688 2835; x_wconf 90' lang='lat' dir='ltr'><strong>in</strong></span> <span class='ocrx_word' id='word_1_459' title='bbox 1705 2798 1832 2847; x_wconf 88' lang='lat' dir='ltr'><strong>spicil.</strong></span> <span class='ocrx_word' id='word_1_460' title='bbox 1849 2811 1888 2848; x_wconf 89' lang='lat' dir='ltr'><strong>p.</strong></span> <span class='ocrx_word' id='word_1_461' title='bbox 1904 2804 1994 2840; x_wconf 84' lang='lat'><strong>849.</strong></span> <span class='ocrx_word' id='word_1_462' title='bbox 2013 2803 2133 2849; x_wconf 83' lang='lat' dir='ltr'><strong>putat</strong></span> 
     </span>
     <span class='ocr_line' id='line_1_66' title="bbox 1244 2848 2131 2898; baseline 0.009 -14"><span class='ocrx_word' id='word_1_463' title='bbox 1244 2850 1386 2886; x_wconf 75' lang='lat' dir='ltr'><strong>terruit</strong></span> <span class='ocrx_word' id='word_1_464' title='bbox 1401 2848 1587 2898; x_wconf 58' lang='lat' dir='ltr'><strong>affectare</strong></span> <span class='ocrx_word' id='word_1_465' title='bbox 1609 2851 1684 2889; x_wconf 85' lang='lat' dir='ltr'><strong>dici</strong></span> <span class='ocrx_word' id='word_1_466' title='bbox 1702 2856 1751 2889; x_wconf 88' lang='lat' dir='ltr'><strong>ut</strong></span> <span class='ocrx_word' id='word_1_467' title='bbox 1767 2863 1802 2891; x_wconf 90' lang='lat' dir='ltr'><strong>c.</strong></span> <span class='ocrx_word' id='word_1_468' title='bbox 1823 2857 1885 2890; x_wconf 86' lang='lat'><strong>10.</strong></span> <span class='ocrx_word' id='word_1_469' title='bbox 1902 2854 2131 2893; x_wconf 74' lang='lat' dir='ltr'><strong>incubuerat</strong></span> 
     </span>
     <span class='ocr_line' id='line_1_67' title="bbox 1239 2904 1884 2952; baseline 0.006 -12"><span class='ocrx_word' id='word_1_470' title='bbox 1239 2908 1467 2952; x_wconf 77' lang='lat' dir='ltr'><strong>pervertere.</strong></span> <span class='ocrx_word' id='word_1_471' title='bbox 1515 2904 1589 2941; x_wconf 87' lang='lat' dir='ltr'><strong>Sed</strong></span> <span class='ocrx_word' id='word_1_472' title='bbox 1607 2905 1660 2943; x_wconf 86' lang='lat' dir='ltr'><strong>cf.</strong></span> <span class='ocrx_word' id='word_1_473' title='bbox 1681 2905 1739 2943; x_wconf 88' lang='lat' dir='ltr'><strong>H.</strong></span> <span class='ocrx_word' id='word_1_474' title='bbox 1757 2911 1798 2952; x_wconf 89' lang='lat'><strong>3,</strong></span> <span class='ocrx_word' id='word_1_475' title='bbox 1817 2911 1884 2944; x_wconf 76' lang='lat'><strong>42.</strong></span> 
     </span>
    </p>

    <p class='ocr_par' dir='ltr' id='par_1_7' title="bbox 1244 2957 2130 3063">
     <span class='ocr_line' id='line_1_68' title="bbox 1302 2957 2130 3012; baseline 0.008 -19"><span class='ocrx_word' id='word_1_476' title='bbox 1302 2957 1454 3006; x_wconf 71' lang='lat' dir='ltr'><strong>Inpulit</strong></span> <span class='ocrx_word' id='word_1_477' title='bbox 1483 2959 1675 3010; x_wconf 75' lang='lat' dir='ltr'><strong>ruentem]</strong></span> <span class='ocrx_word' id='word_1_478' title='bbox 1706 2959 1769 2997; x_wconf 89' lang='lat' dir='ltr'><strong>Sic</strong></span> <span class='ocrx_word' id='word_1_479' title='bbox 1788 2960 1871 2999; x_wconf 89' lang='lat' dir='ltr'><strong>Cic.</strong></span> <span class='ocrx_word' id='word_1_480' title='bbox 1894 2973 1968 3012; x_wconf 87' lang='lat' dir='ltr'><strong>pro</strong></span> <span class='ocrx_word' id='word_1_481' title='bbox 1985 2960 2130 3000; x_wconf 86' lang='lat' dir='ltr'><strong>Cluen-</strong></span> 
     </span>
     <span class='ocr_line' id='line_1_69' title="bbox 1244 3011 2002 3063; baseline 0.009 -17"><span class='ocrx_word' id='word_1_482' title='bbox 1244 3011 1304 3047; x_wconf 90' lang='lat' dir='ltr'><strong>tio</strong></span> <span class='ocrx_word' id='word_1_483' title='bbox 1323 3013 1388 3048; x_wconf 79' lang='lat'><strong>26.</strong></span> <span class='ocrx_word' id='word_1_484' title='bbox 1409 3014 1725 3062; x_wconf 70' lang='lat' dir='ltr'><strong>praecipitantem</strong></span> <span class='ocrx_word' id='word_1_485' title='bbox 1743 3015 2002 3063; x_wconf 67' lang='lat' dir='ltr'><strong>impellamus.</strong></span> 
     </span>
    </p>

    <p class='ocr_par' dir='ltr' id='par_1_8' title="bbox 1241 3064 2129 3546">
     <span class='ocr_line' id='line_1_70' title="bbox 1299 3064 2129 3118; baseline 0.008 -17"><span class='ocrx_word' id='word_1_486' title='bbox 1299 3064 1507 3103; x_wconf 77' lang='lat' dir='ltr'><strong>Devertere</strong></span> <span class='ocrx_word' id='word_1_487' title='bbox 1538 3066 1842 3118; x_wconf 80' lang='lat' dir='ltr'><strong>Interamnium]</strong></span> <span class='ocrx_word' id='word_1_488' title='bbox 1872 3069 1935 3106; x_wconf 88' lang='lat' dir='ltr'><strong>Sic</strong></span> <span class='ocrx_word' id='word_1_489' title='bbox 1954 3069 2129 3109; x_wconf 85' lang='lat' dir='ltr'><strong>scriben-</strong></span> 
     </span>
     <span class='ocr_line' id='line_1_71' title="bbox 1244 3118 2128 3170; baseline 0.009 -16"><span class='ocrx_word' id='word_1_490' title='bbox 1244 3118 1355 3164; x_wconf 85' lang='lat' dir='ltr'><strong>dum,</strong></span> <span class='ocrx_word' id='word_1_491' title='bbox 1385 3130 1464 3155; x_wconf 88' lang='lat' dir='ltr'><strong>non</strong></span> <span class='ocrx_word' id='word_1_492' title='bbox 1491 3120 1676 3158; x_wconf 79' lang='lat' dir='ltr'><strong>divertere</strong></span> <span class='ocrx_word' id='word_1_493' title='bbox 1705 3122 1988 3170; x_wconf 80' lang='lat' dir='ltr'><strong>Interamnam,</strong></span> <span class='ocrx_word' id='word_1_494' title='bbox 2010 3128 2058 3161; x_wconf 86' lang='lat' dir='ltr'><strong>ut</strong></span> <span class='ocrx_word' id='word_1_495' title='bbox 2087 3129 2128 3163; x_wconf 85' lang='lat' dir='ltr'><strong>et</strong></span> 
     </span>
     <span class='ocr_line' id='line_1_72' title="bbox 1243 3172 2129 3220; baseline 0.011 -13"><span class='ocrx_word' id='word_1_496' title='bbox 1243 3172 1376 3220; x_wconf 79' lang='lat' dir='ltr'><strong>vulgo,</strong></span> <span class='ocrx_word' id='word_1_497' title='bbox 1391 3173 1451 3208; x_wconf 84' lang='lat' dir='ltr'><strong>vel</strong></span> <span class='ocrx_word' id='word_1_498' title='bbox 1470 3174 1664 3210; x_wconf 80' lang='lat' dir='ltr'><strong>Latinitas</strong></span> <span class='ocrx_word' id='word_1_499' title='bbox 1680 3174 1829 3213; x_wconf 80' lang='lat' dir='ltr'><strong>doceat.</strong></span> <span class='ocrx_word' id='word_1_500' title='bbox 1856 3177 1930 3215; x_wconf 87' lang='lat' dir='ltr'><strong>Sed</strong></span> <span class='ocrx_word' id='word_1_501' title='bbox 1950 3177 2005 3213; x_wconf 88' lang='lat' dir='ltr'><strong>sic</strong></span> <span class='ocrx_word' id='word_1_502' title='bbox 2022 3176 2129 3217; x_wconf 73' lang='lat' dir='ltr'><strong>mor.</strong></span> 
     </span>
     <span class='ocr_line' id='line_1_73' title="bbox 1243 3225 2128 3279; baseline 0.009 -17"><span class='ocrx_word' id='word_1_503' title='bbox 1243 3225 1339 3274; x_wconf 79' lang='lat' dir='ltr'><strong>Agr.</strong></span> <span class='ocrx_word' id='word_1_504' title='bbox 1355 3226 1467 3276; x_wconf 83' lang='lat' dir='ltr'><strong>(Reg.</strong></span> <span class='ocrx_word' id='word_1_505' title='bbox 1478 3226 1598 3277; x_wconf 86' lang='lat' dir='ltr'><strong>Lall.)</strong></span> <span class='ocrx_word' id='word_1_506' title='bbox 1615 3228 1676 3266; x_wconf 87' lang='lat' dir='ltr'><strong>ed.</strong></span> <span class='ocrx_word' id='word_1_507' title='bbox 1690 3239 1751 3277; x_wconf 83' lang='lat' dir='ltr'><strong>pr.</strong></span> <span class='ocrx_word' id='word_1_508' title='bbox 1780 3229 1945 3279; x_wconf 85' lang='lat' dir='ltr'><strong>Recepit</strong></span> <span class='ocrx_word' id='word_1_509' title='bbox 1956 3231 2128 3279; x_wconf 85' lang='lat' dir='ltr'><strong>Ryckius</strong></span> 
     </span>
     <span class='ocr_line' id='line_1_74' title="bbox 1244 3280 2128 3325; baseline 0.01 -10"><span class='ocrx_word' id='word_1_510' title='bbox 1244 3280 1432 3316; x_wconf 80' lang='lat' dir='ltr'><strong>devertere</strong></span> <span class='ocrx_word' id='word_1_511' title='bbox 1446 3293 1459 3315; x_wconf 82' lang='lat'><strong>.-</strong></span> <span class='ocrx_word' id='word_1_512' title='bbox 1489 3281 1776 3319; x_wconf 75' lang='lat' dir='ltr'><strong>Interamnium</strong></span> <span class='ocrx_word' id='word_1_513' title='bbox 1800 3284 1919 3321; x_wconf 82' lang='lat' dir='ltr'><strong>etiam</strong></span> <span class='ocrx_word' id='word_1_514' title='bbox 1947 3285 1987 3322; x_wconf 83' lang='lat' dir='ltr'><strong>J.</strong></span> <span class='ocrx_word' id='word_1_515' title='bbox 2004 3286 2128 3325; x_wconf 87' lang='lat' dir='ltr'><strong>Gron.</strong></span> 
     </span>
     <span class='ocr_line' id='line_1_75' title="bbox 1243 3332 2126 3385; baseline 0.009 -15"><span class='ocrx_word' id='word_1_516' title='bbox 1243 3332 1334 3370; x_wconf 83' lang='lat' dir='ltr'><strong>Hoc</strong></span> <span class='ocrx_word' id='word_1_517' title='bbox 1352 3335 1393 3368; x_wconf 79' lang='lat' dir='ltr'><strong>et</strong></span> <span class='ocrx_word' id='word_1_518' title='bbox 1410 3333 1545 3373; x_wconf 80' lang='lat' dir='ltr'><strong>Guelf.</strong></span> <span class='ocrx_word' id='word_1_519' title='bbox 1575 3334 1631 3373; x_wconf 92' lang='lat' dir='ltr'><strong>At</strong></span> <span class='ocrx_word' id='word_1_520' title='bbox 1649 3337 1710 3374; x_wconf 86' lang='lat' dir='ltr'><strong>ed.</strong></span> <span class='ocrx_word' id='word_1_521' title='bbox 1738 3344 1800 3385; x_wconf 86' lang='lat' dir='ltr'><strong>pr.</strong></span> <span class='ocrx_word' id='word_1_522' title='bbox 1818 3338 1928 3375; x_wconf 60' lang='lat' dir='ltr'><strong>intra</strong></span> <span class='ocrx_word' id='word_1_523' title='bbox 1946 3339 2126 3378; x_wconf 74' lang='lat' dir='ltr'><strong>Annium</strong></span> 
     </span>
     <span class='ocr_line' id='line_1_76' title="bbox 1243 3387 2125 3440; baseline 0.01 -18"><span class='ocrx_word' id='word_1_524' title='bbox 1243 3391 1443 3435; x_wconf 85' lang='lat' dir='ltr'><strong>corrupte.</strong></span> <span class='ocrx_word' id='word_1_525' title='bbox 1497 3387 1650 3438; x_wconf 81' lang='lat' dir='ltr'><strong>Nempe</strong></span> <span class='ocrx_word' id='word_1_526' title='bbox 1690 3394 1858 3440; x_wconf 86' lang='lat' dir='ltr'><strong>utroque</strong></span> <span class='ocrx_word' id='word_1_527' title='bbox 1886 3393 2001 3430; x_wconf 89' lang='lat' dir='ltr'><strong>modo</strong></span> <span class='ocrx_word' id='word_1_528' title='bbox 2030 3393 2125 3431; x_wconf 84' lang='lat' dir='ltr'><strong>urbs</strong></span> 
     </span>
     <span class='ocr_line' id='line_1_77' title="bbox 1242 3441 2128 3491; baseline 0.01 -15"><span class='ocrx_word' id='word_1_529' title='bbox 1242 3441 1457 3489; x_wconf 79' lang='lat' dir='ltr'><strong>appellata.</strong></span> <span class='ocrx_word' id='word_1_530' title='bbox 1513 3444 1651 3491; x_wconf 84' lang='lat' dir='ltr'><strong>Itaque</strong></span> <span class='ocrx_word' id='word_1_531' title='bbox 1673 3443 1787 3483; x_wconf 88' lang='lat' dir='ltr'><strong>MSS.</strong></span> <span class='ocrx_word' id='word_1_532' title='bbox 1807 3446 2006 3485; x_wconf 87' lang='lat' dir='ltr'><strong>audiendi.</strong></span> <span class='ocrx_word' id='word_1_533' title='bbox 2059 3447 2128 3485; x_wconf 81' lang='lat' dir='ltr'><strong>In·</strong></span> 
     </span>
     <span class='ocr_line' id='line_1_78' title="bbox 1241 3493 2124 3546; baseline 0.01 -15"><span class='ocrx_word' id='word_1_534' title='bbox 1241 3493 1440 3544; x_wconf 72' lang='lat' dir='ltr'><strong>telligitur</strong></span> <span class='ocrx_word' id='word_1_535' title='bbox 1454 3495 1682 3536; x_wconf 70' lang='lat' dir='ltr'><strong>1uteramna</strong></span> <span class='ocrx_word' id='word_1_536' title='bbox 1700 3498 1743 3536; x_wconf 86' lang='lat' dir='ltr'><strong>in</strong></span> <span class='ocrx_word' id='word_1_537' title='bbox 1761 3498 1941 3546; x_wconf 78' lang='lat' dir='ltr'><strong>Umbria,</strong></span> <span class='ocrx_word' id='word_1_538' title='bbox 1955 3499 2004 3540; x_wconf 74' lang='lat' dir='ltr'><strong>ad</strong></span> <span class='ocrx_word' id='word_1_539' title='bbox 2020 3500 2124 3540; x_wconf 80' lang='lat' dir='ltr'><strong>viam</strong></span> 
     </span>
    </p>
   </div>
  </div>
 </body>
</html>
