2190 3880
312 168 406 215 194
897 162 1508 216 HISTORIARUM

177 306 229 346 Α.
251 302 305 343 U.
312 294 438 358 gato
465 285 806 359 Magistrum,
831 283 988 360 neque
1021 289 1127 361 Iege
1160 287 1290 355 lata,
1315 290 1478 342 aliu-m
1498 286 1786 358 suffectum.⁴
1813 304 1940 340 nam
1965 284 2130 341 Com.

195 361 286 398 823·
319 358 401 410 sul
437 375 546 410 uno
591 360 680 411 die
723 371 780 411 et
819 371 944 411 ante
983 359 1161 413 fuerat
1204 361 1467 413 Caninius
1510 359 1754 423 Rebilus,
1789 358 1857 411 C.
1901 357 2119 411 Caesaoe

180 412 300 504 Αἴξ·
320 428 626 493 Dictatore,-
661 444 788 482 cum
832 430 957 481 belli
1009 431 1184 482 civilis
1227 429 1452 499 praemia
1491 427 1892 481 festinat-entur.
1966 426 2124 482 Nota

223 481 300 572 ‘3⁸3
319 509 423 568 per·
436 517 529 552 eos
551 500 664 551 dies
690 500 723 552 J
734 499 842 551 unii
866 499 1029 551 Blaesi
1059 516 1205 551 mors
1229 512 1283 550 et
1307 500 1515 550 famosa
1536 498 1670 551 fuit:
1705 498 1774 550 de
1798 516 1906 568 qua
1922 497 2002 550 sic
2026 514 2119 550 ac-

316 570 580 639 cepimus.
656 569 826 621 Gravi
852 570 1096 637 corporis
1125 570 1314 620 morbo
1342 585 1487 638 aeger
1514 568 1781 632 Vitellius,
1806 565 2122 621 Servilianis
2169 605 2171 608 -

318 639 513 704 hortis,
558 640 747 690 turrim
785 638 965 689 vicino
1002 639 1160 690 sitam
1192 639 1495 700 conlucere,
1530 655 1624 707 per
1650 649 1887 709 noctem,
1917 635 2123 690 crebris

315 709 612 761 luminibus
639 707 1046 760 animadvertit.
1069 708 1382 760 Scit->citanti
1410 724 1676 770 caussam,
1701 707 1841 777 apud
1865 705 2120 764 Caecinam

318 779 537 832 Tuscum
562 777 762 847 epulari
807 776 1008 841 multoS,
1042 778 1356 847 praecz'puum
1400 777 1588 829 honore
1623 777 1839 830 Junium
1877 775 2124 840 Blaesum,

272 898 277 902 .
316 851 618 900 nuntiatur.
646 858 826 900 cetera
852 848 906 898 in
932 847 1126 917 majus,
1148 849 1215 899 de
1240 847 1498 916 adparatu
1516 856 1563 899 et
1581 847 1757 900 solutis
1779 848 1836 899 in
1859 845 2121 900 lasciviam

317 919 520 970 animis.
567 935 666 970 nec
692 917 931 982 defuere,
962 919 1056 986 qui
1083 918 1263 988 ipsum
1288 917 1525 970 Tuscum
1563 931 1619 969 et
1645 918 1797 981 alios,
1820 918 1911 970 sed
1938 916 2123 972 crimi-

316 990 504 1040 nosius
547 987 809 1052 Blaesum,
845 987 1174 1051 incusarent,
1250 986 1367 1051 uod,
1393 1005 1524 1058 aegro
1566 987 1757 1039 Princi
1793 987 1998 1052 alcetas
2020 986 2124 1040 dies

315 1067 506 1128 ageret.
589 1058 711 1110 Ubi¹
742 1069 1051 1128 asperatum
1095 1006 1394 1122 viminum,
1421 1070 1477 1109 et
1523 1075 1681 1127 posse
1778 1058 1963 1111 laesum
2002 1074 2122 1127 per-

319 1129 473 1193 verti,
496 1128 626 1180 satis
669 1129 846 1199 patuit
872 1128 956 1191 iis,
983 1128 1073 1197 qui
1106 1128 1425 1197 Principum
1453 1127 1685 1180 offensas
1711 1127 1907 1181 aeriter
1929 1145 1953 1180 s
1993 1145 2121 1181 ecu-

315 1198 515 1264 lanum
562 1199 707 1251 datae
757 1199 820 1250 L.
870 1198 1093 1258 Vitellio
1133 1198 1420 1250 delationis
1467 1209 1666 1268 partes·
1739 1196 1838 1250 Ille
1883 1198 1937 1250 in
1964 1215 2126 1250 ensus

317 1269 501 1322 Blaeso
541 1269 888 1321 aemulatione
922 1287 1105 1338 prava,
1132 1268 1279 1338 quod
1304 1286 1449 1333 eum,
1475 1267 1625 1320 omni
1650 1267 1914 1321 dedecore
1937 1285 2122 1320 macu-

304 1339 510 1402 losum,
537 1340 760 1410 egregia
786 1339 934 1391 fama
957 1340 1220 1402 anteibat,
1255 1338 1567 1391 cubiculum
1597 1337 1950 1409 Imperatoris
1984 1355 2126 1391 rese-

314 1420 418 1474 rat,
457 1410 626 1461 filium
656 1410 774 1478 ejus
796 1410 923 1460 *sinu
953 1410 1273 1479 complexus
1313 1419 1369 1461 et
1395 1409 1629 1480 genibus
1652 1409 1926 1462 accidenS.
1969 1426 2126 1461 caus-

316 1497 431 1531 sam
459 1479 795 1532 confusionis
840 1480 1125 1550 quaerenti,
1152 1496 1252 1531 non
1274 1497 1323 1531 se
1348 1479 1563 1549 proprio
1601 1487 1756 1543 metu,
1795 1497 1882 1532 nec
1924 1478 2002 1530 sui
2029 1497 2125 1530 un-

315 1550 479 1615 xium,
502 1550 586 1602 sed
600 1568 700 1618 pro
708 1549 919 1621 fratre,
929 1568 1027 1619 pro
1063 1549 1237 1602 liberis
1243 1547 1461 1619 fratris,
1479 1566 1651 1618 preces
1675 1548 2009 1620 lacrimasque
2029 1549 2122 1600 ad-

315 1619 505 1673 tulisse.
579 1619 797 1672 Frustra
831 1619 1192 1689 Vespasianum
1219 1619 1406 1684 timerz‘,
1427 1638 1571 1690 quem
1595 1627 1670 1674 tot
1697 1617 2020 1681 Germanicae
2051 1619 2124 1672 Ie-

310 1690 511 1760 giones,
529 1698 603 1742 tot
637 1691 918 1759 provincice
943 1691 1132 1742 virtute
1156 1708 1216 1742 ac
1237 1689 1370 1759 fide,
1397 1698 1596 1741 tantum
1634 1688 1846 1760 denique
1869 1697 2124 1743 terrarum

315 1780 376 1812 ac
403 1761 559 1812 maris
585 1761 818 1812 inmensis
861 1760 1057 1829 spatii-5,
1086 1769 1277 1812 arceat.
1355 1758 1423 1811 In
1450 1760 1575 1812 urbe
1613 1778 1674 1812 ac
1697 1760 1814 1811 sinu
1849 1761 2123 1813 cavendnm

263 1847 265 1850 ·
314 1831 519 1895 hostem,
542 1831 734 1890 Junios
757 1830 1114 1900 Antoniosque
1131 1849 1253 1883 avos
1260 1831 1572 1910 jactantem,
1594 1830 1686 1900 qui
1702 1848 1752 1882 se
1775 1828 1932 1901 stirpe
1954 1831 2036 1884 Im
2099 1861 2124 1874 -·

315 1898 537 1966 raterio,
558 1907 742 1953 comem
772 1921 831 1953 ac
858 1901 1185 1970 magnificum
1209 1899 1473 1965 militibus,
1499 1908 1733 1953 ostentet.
1796 1897 1851 1952 V
1843 1916 1977 1954 ersas
2001 1849 2123 1955 effic

318 1971 543 2023 omnium
563 1981 763 2035 menteS,
790 1971 909 2023 dum
941 1970 1194 2035 Vitellius,
1221 1970 1500 2024 amicorum
1523 1970 1941 2042 inimicorumque
1964 1972 2125 2043 negli-

310 2050 453 2111 gens,
461 2040 651 2112 foveat
675 2041 928 2106 cemulnm,
958 2040 1224 2111 Principis
1266 2041 1464 2094 labores
1497 2059 1523 2093 e
1546 2041 1777 2094 convivio
1793 2052 2124 2112 prospectan-

314 2111 436 2164 t'em.
495 2111 829 2165 Reddendum
845 2130 947 2182 pro
969 2111 1321 2182 intempestiva
1346 2110 1529 2165 laetitia
1549 2120 1772 2165 moestam
1793 2119 1840 2164 et
1846 2110 2125 2184 funebrem

312 2252 523 2292 desiderat.
578 2256 648 2292 An‘
674 2255 748 2292 hoc
765 2255 892 2292 voluit
917 2255 1009 2292 dare
1028 2256 1195 2305 scriptor

314 2307 409 2344 libri
440 2307 571 2344 Guelf.
590 2310 634 2345 in
661 2320 739 2356 quo
764 2312 824 2344 est
842 2321 1034 2359 nonquam
1050 2309 1073 2346 7
1101 2320 1195 2346 sane

1247 2256 1374 2304 major
1400 2259 1488 2293 erat
1514 2259 1604 2305 post
1631 2260 1794 2302 reserat,
1820 2258 1864 2293 et
1891 2255 2022 2294 minor
2038 2262 2128 2305 post

1248 2311 1441 2348 accidens.
1491 2309 1617 2358 Atqui
1634 2310 1712 2347 ista
1732 2309 2042 2361 Juigendacum
2067 2322 2129 2348 re-

316 2364 357 2397 et
375 2360 472 2397 alibi
490 2361 555 2397 ille
574 2374 595 2398 ο
613 2374 684 2410 pro
701 2374 728 2398 u
753 2363 924 2410 scripsit,
942 2366 988 2399 ut
1007 2363 1048 2399 in
1066 2368 1197 2400 conta-

316 2415 397 2460 ti03
427 2413 495 2450 sed
511 2426 706 2463 nusquam
725 2416 767 2452 in
785 2416 858 2451 hoc
882 2414 1017 2461 verbo,
1036 2415 1069 2452 si
1090 2419 1195 2452 recte

314 2467 494 2506 memini.
524 2469 633 2505 ERN.
672 2469 742 2505 Nil
758 2469 1005 2506 mutandum.
1048 2469 1197 2516 Agitur

316 2521 381 2557 hic
398 2521 446 2557 de
474 2531 582 2567 casu,
601 2522 668 2570 qui
694 2533 854 2570 prorsus
882 2526 996 2561 extra
1019 2522 1196 2559 ordinem

315 2573 408 2612 fuit.
452 2574 515 2611 Sic
532 2579 574 2611 et
589 2575 682 2623 Bip.
700 2576 893 2612 sentiunt.

375 2628 566 2666 Caninius
582 2627 759 2678 Rebilus]
791 2629 852 2665 De
870 2628 943 2664 hoc
971 2639 1008 2665 v.
1026 2628 1103 2665 Dio
1123 2634 1192 2675 43,

314 2683 381 2718 46.
410 2681 592 2718 Occurrit
610 2685 649 2718 et
668 2682 710 2718 in
726 2692 848 2718 numo
864 2681 970 2730 apud
983 2682 1193 2723 Occonem.

315 2733 518 2771 Ciceronis
538 2735 579 2771 in
597 2746 686 2772 eum
705 2735 834 2771 irrisio
851 2735 998 2783 legitur
1015 2736 1061 2772 in
1075 2735 1194 2783 hujus

314 2787 362 2823 ad
380 2788 474 2825 fam.
488 2800 552 2836 ep.
569 2794 609 2833 7,
624 2793 693 2827 30.
724 2789 819 2825 Mox
834 2799 905 2835 pro
909 2789 1195 2836 festinan-entur

312 2839 416 2878 Bud.
453 2842 708 2888 dictarentur,
744 2842 848 2878 unde
881 2841 1014 2879 Rhem-
1037 2841 1194 2878 volebat

315 2896 393 2930 ista
412 2894 612 2933 darentur.

371 2948 532 2985 Turrim
559 2949 686 2985 vicino
712 2947 850 2997 sitam]
880 2948 942 2984 De
959 2947 1031 2984 hoc
1049 2958 1191 2997 genere

311 3002 483 3036 turrium
502 3013 538 3039 v.
557 3002 661 3038 diota
678 3001 726 3037 ad
743 3002 908 3038 Sueton.
927 3001 1024 3040 Ner.
1042 3001 1190 3038 ss.ubi

311 3055 435 3090 turris
466 3054 769 3092 Aloecenatiana.
830 3055 926 3091 Mox
962 3055 1049 3092 MS.
1083 3054 1188 3092 Bud.

310 3105 483 3143 habebat
516 3108 693 3144 advertit.
733 3109 839 3145 ERN.
879 3107 1023 3144 Probat
1055 3107 1192 3148 Mure-

310 3162 392 3197 tus,
421 3160 550 3197 Rhen.
571 3161 774 3208 vulgatum
789 3165 914 3197 tenet.

371 3213 445 3249 Ubi
463 3213 701 3262 asperatum]
725 3214 786 3250 Sic
802 3215 888 3251 MS.
902 3214 1036 3251 Guelf.
1049 3212 1184 3264 (Bud.)

310 3264 372 3301 ed.
403 3277 463 3314 pr.
484 3266 599 3312 idque
631 3266 810 3302 restituit
841 3265 939 3302 bene
962 3268 1190 3304 Rhenanus.

309 3318 463 3356 Puteol.
483 3319 614 3354 nescio
642 3329 694 3355 an
712 3319 906 3363 consulto,
923 3320 1046 3355 edidit
1061 3331 1189 3368 asper·

309 3377 478 3417 natum3
506 3372 671 3410 vitiose:
701 3371 804 3419 quod
833 3375 967 3407 tamen
990 3377 1190 3410 servatum

309 3435 335 3461 a
353 3425 444 3462 Ber.
461 3428 503 3462 et
519 3425 607 3462 Alc.
653 3426 701 3461 In
720 3425 856 3461 iisdem
875 3424 962 3460 edd.
980 3435 1070 3461 mox
1087 3426 1188 3462 male

309 3480 396 3515 illic
413 3489 484 3527 pro
502 3479 568 3515 ille
589 3478 677 3529 (hoc
694 3478 821 3515 Rhen.
839 3488 862 3513 e
877 3476 1014 3527 Bud.).
1052 3478 1190 3515 Paullo

310 3534 401 3580 post
441 3531 802 3581 interpunctionem
855 3532 1018 3571 correxi.
1083 3531 1189 3571 Nam

1245 2369 1364 2400 serat.
1390 2364 1484 2400 Post
1499 2363 1673 2410 conficsio
1691 2366 1753 2399 est
1767 2363 2047 2408 ceaster-itio,
2058 2375 2126 2412 pa-

1248 2425 1332 2463 vor,
1345 2416 1413 2464 qui
1430 2415 1628 2452 indicatur
1643 2415 1897 2463 irrumpendo
1908 2415 1951 2453 in
1965 2415 2127 2453 cubitu.

1247 2471 1347 2514 lum,
1368 2474 1408 2505 et
1424 2468 1576 2516 reliquo
1596 2469 1638 2506 L.
1655 2468 1972 2507 Vitelliimimo:
2000 2478 2124 2518 eoque

1250 2534 1367 2560 sensu
1385 2526 1424 2559 et
1441 2526 1573 2559 noster
1589 2522 1686 2558 alibi
1702 2522 1828 2571 etalii
1842 2522 1992 2562 dixere.
2019 2523 2127 2561 Eam.

1249 2577 1352 2614 Bud.
1372 2575 1584 2623 efflas-ionis.
1603 2576 1734 2613 Rhen.
1749 2575 1857 2623 vulg.
1872 2578 2016 2614 servu-t.

1299 2630 1444 2666 annio-⁹
1473 2627 1754 2679 Antoniosque]
1791 2629 1958 2669 Proinde
1990 2628 2125 2679 stirpis

1247 2694 1327 2719 suae
1356 2683 1548 2730 originem
1577 2681 1628 2718 ab
1657 2682 1838 2729 octavia,
1861 2683 2036 2731 Augusti
2064 2694 2127 2720 eo-

1247 2747 1349 2782 rore,
1369 2739 1547 2783 repetere
1564 2739 1733 2784 poterat.

1299 2790 1528 2826 Amicorum
1557 2789 1876 2839 inimicorumque
1898 2787 2120 2839 negligens]

1247 2843 1336 2879 Hoc
1355 2845 1429 2887 est,
1449 2842 1593 2878 amicos
1612 2846 1654 2878 et
1677 2843 1856 2880 inimicos
1884 2853 1964 2880 uon
1980 2842 2126 2883 discere

1246 2907 1360 2942 nens,
1373 2900 1420 2933 ut
1433 2895 1533 2932 bene
1549 2895 1732 2933 Pichena.
1761 2895 1913 2933 Deinde
1930 2895 2124 2932 orationis

1246 2950 1372 2986 forma
1381 2949 1536 2986 videtui·
1547 2948 1765 2986 desiderare
1761 2946 1904 2998 foveat
1911 2961 1926 2985 .-
1936 2948 2042 2985 etsie
2054 2959 2125 2985 an-

1246 3003 1437 3051 tiquiores
1453 3003 1656 3040 dixissent.
1710 3002 1789 3040 Sed
1805 3001 1947 3039 'recito
1961 3001 2120 3039 solenne

1243 3061 1319 3102 est,
1334 3057 1386 3106 τῷ
1398 3056 1492 3092 dum
1502 3055 1670 3104 jungere
1686 3053 1941 3092 indicativum
1955 3065 2124 3102 prasen-

1244 3110 1312 3154 tis,
1325 3110 1367 3146 in
1379 3110 1554 3146 oratione
1566 3109 1686 3144 etim
1697 3107 1872 3156 obliqua,
1883 3113 1925 3144 et
1937 3118 2123 3155 quocum·

1245 3173 1322 3211 que
1330 3166 1506 3210 tempore
1518 3162 1773 3210 praecedente.
1799 3160 1867 3198 Sic
1880 3160 1985 3197 infra
1997 3172 2032 3198 c.
2054 3167 2122 3201 70.

1242 3221 1425 3263 togatum
1438 3227 1480 3250 se
1506 3221 1544 3250 et
1561 3226 1682 3251 unm
1710 3226 1732 3252 e
1744 3213 2008 3258 Set-acoribus,
2023 3214 2121 3252 dum

1243 3271 1343 3306 inter
1371 3268 1654 3315 Vespasianum
1678 3278 1726 3304 ac
1757 3267 2122 3316 Vitellium—§udi-

1242 3327 1370 3365 catur,
1388 3324 1429 3356 et
1446 3321 1501 3356 sic
1516 3319 1698 3367 pluribus
1715 3320 1811 3358 locis
1827 3320 2012 3367 reperies.
2037 3321 2120 3358 De·

1243 3375 1362 3421 nique
1391 3373 1538 3410 labores
1561 3373 1763 3423 Principis
1777 3373 1904 3410 intell.
1921 3372 2118 3420 morbum,

1243 3438 1321 3476 quo
1335 3425 1553 3464 laborabat.
1582 3425 1691 3463 Ean.
1718 3427 1784 3464 Sic
1796 3426 1882 3473 jam
1898 3426 2024 3465 Rhen.
2079 3433 2082 3435 ’

1296 3478 1457 3530 Foveat]
1491 3480 1579 3517 Hoc
1594 3480 1783 3517 sermonis
1800 3479 1920 3518 series
1932 3480 2116 3529 :equitia

1242 3532 1371 3584 Vulgo
1376 3533 1503 3584 fovet.
1528 3533 1621 3584 Bip.
1627 3532 1792 3584 foveret.
