2190 3880
665 135 826 186 LIB.
862 135 949 183 IV.
1007 133 1177 181 CAP.
1211 136 1294 182 42,
1768 137 1867 187 275

0 313 1 324 ζ
42 274 188 332 treS,
208 263 505 339 perjurium
531 262 850 334 arguebant.
926 258 1112 330 anue
1141 258 1285 311 velut
1304 275 1529 310 censura
1556 259 1608 311 in
1640 258 1869 312 Sariole-
1885 275 1933 315 A.
1953 274 2011 317 U.

0 342 1 384 l
60 355 196 390 num
224 337 487 391 Voculam
513 348 568 388 et
615 333 859 387 Nonium
897 330 1193 384 Actianum
1232 342 1287 382 et
1315 329 1560 382 Cestium
1612 331 1868 383 Severum
1902 333 1995 371 824·

0 411 8 476 1.
62 409 321 463 acerrime
359 407 627 472 incubuit,
652 406 854 459 crebris
895 403 1037 475 apud
1082 403 1355 455 Neronem
1390 402 1751 454 delationibus
1791 384 2000 480 fa-Aff’

0 484 1 510 ;
62 497 264 533 mosos,
337 479 675 532 Sariolenum
701 488 756 530 et
800 493 984 528 recens
1010 475 1215 527 crimen
1257 473 1503 543 urgebat,
1545 474 1686 541 quod
1726 475 1871 544 apud
1961 466 1973 477 ⁸

66 550 344 604 Vitellium
385 551 606 603 molitus
629 551 815 604 eadem
862 548 1020 600 soret.
1060 565 1160 599 nec
1187 545 1397 597 destitit
1425 544 1654 596 Senatus
1684 563 1873 597 manus

12 633 14 635 ’
66 622 334 677 intentare
384 622 630 686 Voculae,
676 622 852 673 donec
902 619 1052 671 curia
1097 618 1402 670 excederet.
1477 614 1565 667 Ad
1627 615 1876 668 Pactium

68 693 390 748 Africanum
418 694 754 765 transgressi,
791 709 912 743 eum
953 707 1171 759 quoque
1201 690 1557 759 proturbant:
1599 699 1879 757 tamquam

67 764 280 820 Neroni
306 765 621 820 Scribonios
650 764 857 827 fratreS,
884 762 1176 814 concordia
1202 761 1508 831 opibusque
1536 759 1792 829 insigneS,
1810 759 1875 812 ad

70 839 304 892 exitium
321 836 746 891 monstravisset.
767 833 1056 886 Africanus
1075 851 1248 903 neque
1264 832 1420 884 fateri
1439 832 1689 895 audebat,
1705 849 1880 901 neque

70 911 307 964 abnuere
333 921 545 981 poterat
568 929 580 961 ε
619 908 674 959 in
699 906 923 959 Vibium
947 904 1221 975 Crispum,
1248 905 1403 974 cujus
1434 903 1879 974 interrogationi-

69 981 174 1034 bus
211 981 563 1053 fatigabatur,
598 979 738 1031 ultro
775 995 1085 1040 converSUS,
1112 977 1388 1028 miscendo
1430 994 1552 1046 quae
1589 975 1880 1028 defendere

70 1053 352 1123 nequibat,
379 1051 639 1108 societate
663 1051 838 1120 culpae
869 1049 1129 1102 invidiam
1157 1047 1469 1100 declinavit.
1520 1046 1786 1117 Magnam
1810 1054 1963 1101 eo42

73 1125 163 1177 die
192 1124 410 1196 pietatis
440 1123 873 1194 eloquentiaeque
907 1121 1107 1172 tamam
1137 1119 1432 1189 Vipstanus
1478 1117 1719 1170 Messala
1753 1120 1880 1171 ade-
1938 1168 1940 1171 t

116 1209 201 1249 tus
226 1209 327 1263 est,
354 1196 594 1250 nondum
624 1194 907 1247 Senatoria
933 1203 1113 1258 aetate,
1135 1209 1294 1242 ausus
1324 1208 1420 1261 pro
1449 1189 1630 1254 fratre,
1658 1190 1881 1260 Aquilio

72 1214 312 1340 Regum,
355 1268 647 1339 deprecari.
726 1264 998 1337 Regulum
1045 1263 1301 1315 subversa
1344 1261 1658 1315 Crassorum
1689 1275 1743 1314 et
1780 1262 1886 1314 Or·-

72 1340 218 1413 phiti
245 1341 437 1393 domus
471 1339 526 1391 in
553 1355 823 1392 summum
850 1336 1036 1390 odium
1063 1334 1349 1388 extulerat.
1427 1334 1635 1405 Sponte
1662 1351 1730 1386 ex
1767 1333 1884 1387 SC.

73 1500 149 1540 hoc
160 1501 350 1551 expressit
361 1499 575 1538 Dotteville
589 1499 632 1536 in
644 1499 832 1536 versione.
852 1499 954 1542 Con-

74 1559 140 1594 tra
156 1555 495 1606 Bias-eligionem
512 1553 743 1603 intelligunt
759 1554 806 1590 de
818 1562 954 1590 verum

70 1609 318 1660 jurantibus.
369 1636 372 1637 γ

131 1665 378 1703 Sariolenum
414 1662 525 1713 Voa]
575 1663 839 1700 Sannolenum
868 1660 955 1698 MS.

74 1716 174 1769 Agr.
193 1719 252 1758 ed.
270 1730 331 1768 pr.
350 1719 436 1767 quas
451 1723 584 1754 tamen
602 1729 694 1754 mox
711 1716 956 1754 Sariolenum

77 1772 250 1812 exhibet.
269 1774 366 1810 Mox
379 1771 510 1810 Guelf.
522 1772 582 1810 ed.
597 1783 656 1821 pr.
670 1771 855 1808 Novium.
870 1769 954 1805 edd.

75 1828 230 1867 Puteol.
245 1827 337 1865 Ber.
350 1827 437 1865 Alc.
454 1827 655 1864 Nomium.
697 1826 806 1863 ERN.
849 1823 953 1860 Bud.

77 1883 336 1920 Sariolenum.
364 1881 679 1924 Idem'Nonium,
709 1880 813 1917 unde
829 1879 956 1916 Rhen.

77 1937 269 1975 restituit.
573 1943 578 1947 '

63 2009 67 2012 ·
133 1988 581 2040 Scrz'bm‘anosftatres]
602 1989 780 2027 Junct‘un
801 2000 866 2026 eos
885 1988 958 2024 ite·

78 2056 168 2084 rum
185 2045 363 2083 nominat
378 2044 429 2082 A.
449 2050 513 2090 13,
532 2050 599 2081 48.
653 2045 723 2081 Ad
739 2043 959 2081 Scribonios

68 2101 225 2151 ftatree
239 2112 286 2138 ea
303 2111 399 2138 cura
410 2098 657 2147 transfertur.
711 2098 794 2135 Nec
810 2101 958 2134 temere

79 2159 153 2193 aut
162 2155 315 2203 jungit,
333 2158 404 2191 aut
419 2153 662 2190 concordiam
681 2152 828 2189 laudat.
874 2152 958 2188 Au-

82 2210 123 2246 di
151 2208 420 2258 Xiphilinum‚
452 2207 520 2255 qui
550 2219 654 2244 unus
673 2207 754 2243 baec
772 2206 960 2251 illustrat,

81 2264 126 2301 in
156 2263 315 2301 Nerone
343 2265 411 2309 63,
442 2267 503 2302 17.
552 2257 725 2310 Ἀδελφοί
741 2276 796 2307 -rs,
816 2260 961 2308 inquit,

82 2317 150 2356 καὶ
167 2315 361 2358 hainoie-m
383 2314 511 2368 τρίτον
541 2315 622 2353 τινὰ
645 2312 754 2359 ὄντες,
775 2313 840 2352 καὶ
855 2311 963 2363 μηδὲν

81 2369 267 2422 μηδέποτε
297 2370 380 2408 ἄνευ
405 2369 584 2410 ἀλλήλων
615 2368 834 2421 πράξαντες,
866 2368 958 2406 ἀλλ’
983 2393 986 2396 ·

80 2425 203 2478 ὅστις
219 2426 272 2475 τῷ
305 2423 408 2475 γένει,
423 2422 517 2462 οὕτω
542 2424 607 2462 καὶ
627 2425 676 2476 τῇ
700 2421 894 2476 προσκείσει
913 2423 961 2473 τῇ

83 2494 126 2519 τε
154 2477 272 2530 οὐσίᾳ,
305 2476 596 2528 σνμπιφυκὸτις.
650 2478 774 2515 Addit
798 2477 958 2514 deinde:

84 2545 173 2572 cum
205 2533 360 2584 utriqzce
380 2534 597 2571 Germanice
618 2532 883 2582 paesici-ssent,
900 2543 964 2568 vo-

84 2594 193 2626 catos
208 2600 233 2624 a
252 2588 404 2624 Nerone
428 2589 470 2624 in
491 2587 697 2632 Graeciam,
716 2587 842 2636 ibique
865 2586 965 2622 inci-

84 2644 142 2680 sis
173 2648 306 2690 sponte
337 2642 441 2678 venis
464 2642 639 2689 periisse.
695 2640 769 2677 Sed
805 2645 963 2689 rectene

87 2696 357 2734 Scriboniano-s
377 2695 441 2732 hic
468 2693 665 2743 legimus?
705 2705 784 2731 non
814 2689 964 2743 opinor.

86 2751 219 2788 Taciti
233 2750 319 2787 loco
337 2749 441 2786 dicto
458 2750 677 2787 Scribonios
693 2747 834 2785 babes:
866 2753 907 2784 et
924 2749 967 2784 in

85 2803 296 2853 Xiphilino
325 2802 558 2856 tueremini».
600 2804 713 2840 Ln’s.
747 2803 967 2839 Scribonios

87 2860 206 2909 plane
239 2858 354 2896 MSS.
389 2858 496 2895 Flor.
531 2855 666 2906 (Bud.)
704 2857 802 2906 Agr.
827 2857 888 2893 ed.
906 2868 966 2905 pr.

6 2926 10 2931 ’
88 2915 230 2962 ltaque
254 2912 355 2950 bene
372 2923 554 2962 recepere
570 2912 741 2959 Ryckius
761 2915 800 2947 et
812 2912 852 2948 J.
869 2911 968 2947 Gro-

88 2979 179 3006 nov.
210 2967 308 3006 Mox
338 2967 440 3016 quod
467 2966 681 3004 Rhenanus
709 2966 900 3014 corrigere
927 2977 967 3001 se

89 3022 186 3060 dicit
217 3022 378 3069 Vibium
410 3020 605 3071 Crispum,
624 3020 662 3056 id
694 3023 734 3056 et
757 3019 843 3056 aliae
873 3024 966 3055 ante

87 3076 238 3114 habent
267 3076 354 3114 edd.
382 3087 474 3112 nam
506 3075 548 3111 in
579 3075 639 3112 ed.
662 3074 746 3112 Alc.
773 3075 968 3122 Cris-pium

11 3132 13 3134 ’
89 3130 296 3170 manifeste
312 3134 372 3167 est
388 3130 530 3167 vitium
549 3140 770 3177 operarum.
818 3127 890 3165 Ed.
907 3140 967 3176 pr.

91 3185 270 3231 hoium,
287 3184 458 3229 inversa,
471 3188 518 3220 ut
537 3195 651 3231 saepe,
666 3184 794 3231 prima
810 3181 969 3230 syllaba.

93 3239 201 3276 ERN.
227 3238 330 3277 Bud.
362 3239 463 3276 male
496 3239 652 3275 urbium
683 3239 886 3287 scripsum.
931 3241 971 3273 et

95 3291 232 3341 pauno
248 3296 341 3330 ante
354 3293 596 3343 perturbant.
641 3291 861 3329 Scribonios
877 3290 972 3328 istos

97 3347 253 3394 Rufum
277 3351 318 3383 et
338 3346 555 3385 Proculum
586 3347 878 3395 cognominatos
906 3344 971 3382 fu·

98 3401 190 3446 isse,
204 3400 316 3445 docet
329 3401 452 3450 Xiph.
473 3401 500 3439 1.
521 3413 555 3438 c.

150 3454 433 3505 Fatigabatur]
475 3454 568 3492 Sola
598 3455 658 3491 ed.
683 3465 742 3505 pr.
767 3453 972 3503 fatigare-

97 3515 163 3547 tur
178 3522 190 3544 .·
221 3508 324 3556 quod
343 3520 422 3554 non
439 3509 714 3556 spernentium.
733 3508 837 3545 'Mox
854 3508 974 3544 verba

97 3562 303 3610 miscendo,
316 3575 402 3613 quse
419 3563 614 3611 defendere
629 3562 823 3612 nequibat,
842 3563 896 3600 sic
911 3573 974 3600 ac-

1008 1495 1190 1545 cipienda
1207 1497 1322 1532 sunt:
1360 1496 1452 1534 dum
1472 1494 1531 1538 iis,
1554 1505 1639 1542 quae
1666 1494 1706 1531 in
1725 1493 1888 1532 Vibium

1010 1552 1193 1601 Crispum
1221 1546 1461 1594 conferebat,
1490 1549 1677 1586 admiscet
1710 1560 1771 1595 ea,
1801 1561 1890 1598 quae

1009 1605 1182 1643 abnuere
1213 1605 1296 1654 ipse
1315 1616 1360 1641 ac
1387 1603 1593 1640 defendere
1619 1614 1697 1640 non
1719 1607 1888 1652 poterat,

1010 1671 1132 1709 eaque
1160 1672 1249 1697 cum
1267 1659 1384 1695 Vibio
1414 1658 1688 1701 communicat,
1715 1659 1891 1707 impuni-

1008 1718 1132 1752 tatem
1169 1714 1345 1750 obtinuit
1378 1714 1564 1749 societate
1590 1711 1767 1750 alterius.
1826 1713 1890 1750 Sic

1009 1771 1078 1807 Or.
1115 1773 1153 1806 5.
1180 1781 1255 1806 non
1284 1769 1435 1817 patiar,
1454 1767 1685 1804 Maternum
1711 1768 1892 1805 societate

1004 1824 1183 1874 plurium
1203 1823 1366 1871 delendi.
1393 1822 1502 1859 ERN.

1066 1877 1279 1926 Vipstanus
1302 1875 1440 1926 Mese]
1474 1876 1536 1913 Sic
1553 1886 1643 1912 cum
1660 1876 1823 1925 Ryckio,
1842 1880 1892 1913 ut

1011 1931 1122 1978 alibi,
1140 1928 1330 1968 edidimu's
1361 1931 1474 1968 MSS.
1491 1934 1532 1967 et
1557 1931 1643 1968 edd.
1665 1931 1755 1968 inde
1774 1943 1798 1968 a
1813 1932 1891 1967 Pu-

1011 1987 1104 2025 teol.
1122 1998 1244 2035 usque
1274 1986 1324 2022 ad
1354 1985 1460 2033 Lips.
1492 1986 1702 2034 Vipsanas.
1756 1985 1812 2023 At
1830 1985 1892 2022 ed.

1010 2054 1073 2091 pr.
1110 2039 1167 2091 (et
1196 2041 1278 2078 cod.
1306 2038 1425 2089 Bud.)
1467 2040 1675 2089 Viptanus.
1733 2039 1892 2080 Quibus

1010 2094 1245 2132 lectionibus
1280 2095 1529 2143 comparatis,
1560 2106 1719 2142 prorsus
1752 2095 1894 2131 confir·

1013 2154 1146 2187 matur
1162 2149 1350 2186 correctio
1367 2149 1581 2197 Ryckiana,
1598 2160 1715 2196 quam
1742 2149 1892 2198 lapides

1014 2209 1166 2243 veteres
1183 2204 1303 2241 etiam
1322 2203 1557 2240 desiderant.
1589 2203 1656 2239 sed
1667 2204 1751 2251 Jam
1772 2215 1894 2251 supra

1008 2258 1196 2309 pluribus
1213 2259 1308 2295 locis
1326 2258 1381 2295 sic
1404 2261 1622 2296 correctum
1648 2262 1721 2295 est.
1770 2254 1895 2295 'Cete-

1017 2326 1070 2351 rae
1088 2313 1175 2352 edd.
1199 2314 1412 2364 Vipsanius
1432 2312 1522 2350 inde
1541 2324 1565 2348 a
1582 2313 1730 2360 Lipsio.
1758 2313 1867 2350 ERN.

1066 2368 1229 2418 Aquilio
1252 2366 1423 2417 Regulo]
1457 2367 1530 2404 Est
1547 2367 1707 2404 omnIno
1733 2367 1800 2404 ille
1817 2369 1898 2404 Re·

1013 2423 1145 2471 gulus,
1159 2422 1287 2459 Plinio
1301 2421 1544 2470 in'Epistolis
1567 2426 1704 2467 1‚5.2,
1718 2427 1782 2458 20.
1801 2427 1841 2468 4,
1858 2429 1897 2460 2.

1015 2482 1056 2523 6,
1077 2483 1115 2515 2.
1135 2477 1384 2521 meritissimo
1404 2476 1638 2526 flagellatus,
1659 2482 1699 2512 et
1720 2475 1821 2511 'alibi
1839 2477 1895 2514 bi-

1012 2532 1156 2581 pedum
1172 2531 1426 2581 nequissimus
1443 2530 1583 2567 dictus.
1610 2530 1787 2575 Observa
1804 2542 1896 2579 ergo

1018 2587 1065 2623 de
1095 2586 1268 2622 Messala
1301 2585 1563 2621 diversissimo
1599 2585 1734 2621 fratre.
1780 2585 1895 2623 L1Ps.

1018 2640 1114 2677 Mox
1147 2640 1233 2676 MS.
1274 2639 1368 2687 Agr.
1407 2639 1467 2676 ed.
1503 2650 1564 2686 pr.
1606 2639 1744 2687 O7flta.
1810 2641 1896 2677 MS.

1020 2693 1150 2733 Guelf.
1180 2693 1327 2742 Orficii.
1355 2693 1462 2730 ERN.
1491 2693 1594 2729 Bud.
1617 2693 1788 2742 Ovplzici.

1075 2750 1216 2798 Sponte
1234 2761 1283 2784 ex·
1315 2745 1409 2796 SC.]
1441 2747 1533 2783 Non
1566 2748 1612 2783 de
1631 2748 1756 2784 nihilo
1773 2746 1898 2784 ambi-

1019 2803 1080 2852 git
1110 2802 1337 2839 Rhenanus.
1394 2801 1434 2838 Si
1453 2801 1556 2837 enim
1589 2814 1636 2838 ex
1655 2801 1729 2839 SC.
1759 2801 1899 2848 subiit,

1021 2857 1212 2905 quomodo
1247 2861 1385 2905 sponte
1400 2854 1415 2891 ?
1449 2856 1613 2892 Divinat
1632 2863 1763 2904 sponte
1781 2869 1831 2892 ea·
1845 2869 1899 2894 se.

1022 2911 1146 2949 Haud
1163 2911 1308 2959 inepte.
1365 2909 1472 2951 Quid
1490 2910 1537 2955 si,
1553 2916 1699 2959 sponte,
1716 2923 1785 2947 nee
1815 2910 1848 2946 S
1854 2909 1897 2948 C.

1022 2966 1133 3003 L1Ps.
1162 2965 1235 3001 Ex
1252 2977 1292 3001 se
1323 2965 1441 3013 plane
1459 2964 1543 3001 MS.
1567 2968 1660 3012 Agr.
1689 2964 1755 3001 scd
1781 2975 1828 3001 ea
1843 2965 1899 3001 le-

1020 3020 1099 3057 ctio
1130 3017 1382 3068 ταυτολογίαν
1418 3018 1608 3066 ineptam,
1643 3030 1730 3056 meo
1765 3031 1900 3065 sensu,

1021 3074 1154 3110 habet.
1196 3073 1382 3121 Lipsiana
1410 3073 1512 3109 ratio
1544 3072 1696 3120 melior,
1732 3073 1902 3122 probata

1023 3128 1284 3165 etPichenae:
1315 3138 1386 3163 nec
1402 3131 1537 3163 tamen
1566 3127 1663 3164 mihi
1693 3128 1902 3166 satisfacit.

1026 3184 1220 3219 Gruterus
1238 3181 1450 3218 insititiam
1466 3180 1582 3230 putat
1597 3195 1606 3217 ε
1624 3182 1726 3230 quod
1740 3194 1818 3220 non
1835 3183 1905 3219 ad·-

1027 3248 1072 3272 eo
1090 3235 1284 3284 displicet.
1338 3236 1411 3272 Sed
1429 3247 1508 3272 non
1537 3248 1586 3272 ex
1603 3248 1648 3272 eo
1674 3242 1811 3275 natum
1830 3238 1904 3273 hoc

1026 3289 1206 3340 ἕμέλημα
1232 3293 1366 3338 putem
1399 3301 1486 3326 cum
1506 3289 1692 3337 Cratero,
1712 3292 1814 3339 quod
1832 3291 1906 3327 ali-

1025 3345 1112 3393 quis
1136 3351 1268 3393 sponte
1297 3345 1580 3393 interpretatus
1611 3350 1696 3382 erat
1727 3347 1769 3381 in
1803 3345 1905 3382 libro

983 3431 985 3433 .
1025 3399 1170 3447 scripto
1206 3412 1255 3436 esc
1288 3412 1340 3436 se.
1396 3400 1567 3436 Facilius
1605 3398 1647 3436 ‘ro‘
1678 3413 1727 3437 ex·
1759 3412 1799 3436 se
1834 3409 1906 3446 per

1026 3459 1157 3503 sponte
1188 3453 1379 3502 glossator
1408 3453 1654 3500 explicuerit,
1686 3464 1802 3501 quam
1834 3453 1907 3487 hoo

1025 3519 1097 3556 per
1114 3507 1225 3545 illud.
1254 3508 1320 3544 sed
1337 3507 1466 3555 potuit
1484 3507 1625 3554 aliquis
1644 3508 1691 3543 ad
1711 3505 1906 3553 explican—

1028 3562 1122 3599 dum
1150 3567 1282 3610 sponte
1308 3560 1571 3612 adscripsisse,
1588 3573 1664 3601 non
1690 3573 1738 3599 ex
1756 3558 1834 3600 SC.
1866 3563 1909 3598 et

1095 3630 1129 3666 Τ
1155 3622 1188 3667 2
