2190 3880
661 133 816 182 LIB.
869 133 962 182 111.
1016 135 1054 182 C
1068 134 1107 182 A
1128 134 1184 183 P.
1219 138 1299 182 50.
1793 141 1890 186 203

19 284 22 285 ⁷
86 257 314 312 militem
351 256 617 322 inbueret,
642 256 1052 317 interfectorum
1081 256 1475 309 centurionum
1513 258 1726 312 ordines
1751 260 2028 332 legi-A.U.

85 329 281 385 onibus
307 328 588 381 offerebat.
617 345 683 378 eo
711 328 970 398 suffragio
994 327 1390 379 turbidissimus
1419 327 1646 396 quisque
1672 331 1884 384 delecti.
1901 328 2010 416 ff}-

82 414 185 452 nec
216 399 375 451 miles
416 399 471 450 in
510 398 746 450 arbitrio·
767 397 1006 462 Ducum,
1034 398 1127 449 sed
1155 397 1338 448 Duces
1375 397 1594 448 militari
1630 400 1888 454 violentia
1928 404 2023 471 7'0.⁰

84 467 456 521 trahebantur.
506 486 629 537 quae
673 468 948 532 seditiosa,
991 479 1047 519 et
1095 467 1518 535 conrumpendae
1565 467 1886 538 disciplinas,

7 603 21 607 ᾳ
80 553 214 590 mox
246 539 317 591 in
360 539 598 608 praedam
642 540 908 600 vertebat,
954 537 1091 589 nihil
1138 537 1518 588 adventantem
1560 536 1889 592 Mucianum

82 607 318 674 veritus3
355 609 501 678 quod
526 608 812 659 exitiosius
837 618 970 672 erat,
997 626 1159 677 quam
1183 607 1575 676 Vespasianum
1604 609 1886 677 sprevisse.

16 723 18 725 ,
85 676 344 733 Ceterum
362 679 699 748 ..propinqua
741 678 938 741 hieme,
977 691 1033 728 et
1078 678 1427 729 humentibus
1468 677 1617 729 Pado
1658 681 1883 748 campis,
1901 688 1971 737 50

28 808 31 810 q
81 749 400 816 expeditum
443 765 638 817 agmen
677 748 941 799 incedere.
1016 747 1187 817 Signa
1226 747 1528 815 aquilaeque
1577 747 1885 812 victricium

81 816 380 887 legionum,
405 819 604 870 milites
632 817 942 869 vulneribus
981 829 1074 868 aut
1107 828 1269 868 aetate
1301 835 1515 887 graveS,
1538 818 1778 888 plerique
1804 832 1885 872 et-

83 888 194 940 iam
221 888 440 958 integri,
463 888 692 939 Veronae
722 888 894 939 relicti
918 907 928 939 ε
971 888 1217 939 sufficere
1243 890 1496 939 cohortes
1522 888 1749 959 alaeque,
1776 902 1831 943 et
1855 909 1886 943 e

80 956 391 1027 legionibus
425 958 573 1022 lecti,
601 958 893 1028 profligato
926 957 1044 1026 jam
1088 957 1247 1022 belle,
1286 958 1626 1010 videbantur.
1700 959 1887 1013 Unde·

16 1036 18 1040 ’
79 1028 229 1080 eima
252 1029 396 1098 legio
440 1046 553 1080 sese
592 1029 936 1097 adjunxerat,
964 1027 1122 1079 initio
1151 1038 1438 1092 cunctata3
1476 1028 1588 1092 sed,
1616 1033 1886 1100 prosperis

83 1099 264 1162 rebuS,
310 1099 494 1163 anxia,
544 1099 689 1168 quod
741 1097 1019 1150 defuisset.
1095 1098 1204 1149 Sex
1273 1097 1440 1148 millia
1491 1097 1887 1167 Dalmatarum,

82 1185 270 1220 recens
303 1168 560 1232 delectuS,
598 1168 1019 1220 comitabantur.
1094 1166 1349 1219 Ducebat
1399 1166 1674 1246 Poppaeus
1715 1170 1887 1223 Silva-

12 1251 24 1257 ·’
79 1256 202 1302 nuS,
239 1238 588 1291 Consularis:
639 1239 720 1291 vis
761 1237 1111 1290 consiliorum
1153 1255 1314 1307 penes
1356 1237 1598 1288 Annium
1641 1239 1886 1307 Bassum,

6 1307 27 1358 s
79 1307 312 1379 legionis
354 1309 638 1381 Legatum.
676 1309 720 1359 is
754 1307 1053 1370 Silvanum,
1081 1306 1361 1359 socordem
1391 1307 1549 1370 bello,
1584 1318 1640 1359 et
1665 1309 1778 1361 dies
1805 1306 1888 1363 re-

5 1398 10 1421 .·
80 1397 201 1430 rum
232 1380 407 1432 verbis
434 1390 714 1442 terentem,
739 1379 917 1447 specie
938 1378 1186 1445 obsequii
1212 1378 1452 1446 regebat,
1480 1377 1546 1429 ad
1576 1380 1887 1449 omniaque,

81 1467 205 1519 qua:
230 1449 446 1520 agenda
482 1448 679 1512 forent,
705 1449 890 1518 quieta
926 1465 1051 1499 cum
1090 1447 1354 1499 industria
1389 1447 1592 1499 aderat.
1663 1449 1749 1501 Ad
1789 1451 1885 1503 has

83 1520 288 1589 copiaS,
323 1538 354 1571 e
390 1519 625 1571 classicis
659 1517 1090 1580 RavennatibUS,
1118 1517 1472 1587 legionariam
1509 1518 1759 1571 militiam
1789 1539 1887 1591 po-

80 1589 376 1655 scentibuS,
401 1590 641 1659 optimus
680 1589 910 1659 quisque
936 1588 1128 1639 adsciti
1155 1609 1167 1640 ε
1208 1588 1432 1639 classem
1461 1587 1731 1651 Dalmatae
1759 1608 1887 1662 sup-

79 1659 311 1730 plevere.
387 1658 675 1713 Exercitus
739 1658 1029 1727 Ducesque
1083 1657 1151 1709 ad
1204 1657 1412 1710 Fanum
1475 1658 1732 1711 Fortunae
1784 1661 1888 1714 iter

79 1731 298 1794 sistunt,
325 1729 391 1782 de
429 1747 640 1783 summa
680 1746 857 1781 rerum
897 1736 1234 1792 cunctanteS,
1261 1727 1426 1795 quod,
1463 1736 1623 1780 motas
1668 1746 1728 1780 ex
1763 1731 1888 1783 urbe

20 1836 23 1838 -
79 1799 361 1852 Prcetorias
384 1799 621 1863 cohorteS,
643 1799 942 1862 audierant,
964 1809 1019 1849 et
1046 1798 1213 1848 teneri
1244 1797 1508 1866 praesidiis
1533 1796 1887 1868 Apenninum

79 1871 355 1925 rebantur.
394 1882 449 1922 et
479 1870 644 1939 ipsos,
675 1870 732 1921 in
755 1868 977 1940 regione
1020 1867 1158 1919 bello
1193 1869 1409 1931 adtrita,
1437 1867 1622 1937 inopia
1664 1881 1720 1921 et
1747 1871 1889 1922 sedi-

80 1941 238 1994 tiosae
272 1940 504 1998 militum
533 1958 694 1993 voces
720 1939 1012 2004 terrebant,
1044 1937 1328 1992 clavarium
1364 1937 1750 2007 flagitantium.
1786 1958 1888 1994 nec

74 2126 122 2160 aet
135 2123 213 2160 vim
227 2123 269 2161 in
281 2121 394 2160 libris
405 2119 622 2172 permutari
634 2119 745 2157 docet
757 2120 958 2159 Drakenb.
1011 2118 1160 2159 mebat.
1204 2121 1314 2159 ERN.

76 2177 131 2214 ad
157 2177 244 2214 Liv.
269 2181 338 2220 32,
365 2180 405 2215 9.
433 2174 504 2211 ubi
533 2185 611 2211 non
639 2173 808 2211 debebat
834 2176 872 2212 J.
892 2175 959 2212 Pr.
1065 2175 1294 2223 Propinqua
1309 2172 1446 2225 hieme]
1479 2174 1574 2224 Agr.
1587 2175 1888 2227 propinquante,

77 2228 325 2267 Gronovium
348 2228 502 2274 audire,
529 2230 570 2263 et
595 2228 675 2264 vim
701 2228 833 2275 potius
860 2228 958 2265 reci·
1011 2231 1060 2265 ut
1075 2227 1258 2264 Muretus
1278 2227 1445 2265 volebat.

1061 2280 1364 2330 Dalmatarum]
1430 2281 1535 2318 Bud.
1597 2281 1889 2322 Sarmatarum.

1008 2333 1113 2372 Dein
1128 2334 1423 2371 comitabantur.
1774 2359 1776 2361 >

1045 2382 1261 2436 ‘Poppoeus
1292 2386 1494 2437 Silvanus]
1551 2387 1614 2425 Sic
1653 2387 1742 2426 MS.
1779 2388 1888 2426 Ποῖ.

1010 2441 1115 2477 unde
1157 2439 1329 2476 Pichena
1377 2440 1511 2477 edidit.
1575 2441 1707 2479 Ceteri
1751 2442 1886 2489 scripti

1014 2492 1132 2543 (Bud.
1152 2491 1267 2543 Agr.)
1285 2497 1327 2530 et
1341 2493 1427 2532 edd.
1461 2494 1682 2543 Pmnpeius.
1707 2495 1757 2537 V.
1776 2495 1824 2531 ad
1845 2500 1887 2541 2,

79 2293 322 2331 pere,quam
339 2282 460 2320 viam.
495 2280 728 2328 Vc'mfacere
738 2293 812 2330 per
822 2286 955 2318 castra

74 2335 180 2373 bene
191 2335 342 2372 dicitur
359 2334 458 2372 illud
482 2334 654 2383 quidem,
674 2333 740 2370 sed
758 2346 838 2371 non
853 2339 955 2371 recto

77 2390 217 2427 &aare
238 2390 322 2426 vin·
336 2387 381 2436 s.
406 2400 451 2436 p.
473 2400 511 2426 2c.
542 2398 622 2424 non
649 2398 854 2435 respexere
880 2387 954 2424 viri

79 2444 309 2490 prestantes
324 2440 452 2478 »verba
470 2446 574 2478 recto
596 2441 733 2477 itinere
747 2454 761 2476 .-
789 2441 856 2477 sed
882 2441 955 2477 hoc

75 2495 220 2533 obiter.
263 2495 446 2544 Denique
461 2495 540 2532 vim
557 2505 606 2530 ac
626 2494 843 2541 potentiam
865 2505 957 2530 con-

75 2548 196 2597 jungi
230 2558 358 2597 posse,
390 2550 439 2584 ut
469 2547 549 2583 alia
589 2557 802 2594 synonyma
837 2547 956 2584 etiam
1012 2549 1136 2593 86.1,
1155 2552 1222 2586 77.
1264 2547 1374 2584 ERN.

77 2601 186 2649 apud
218 2603 412 2646 nostrum,
452 2599 726 2638 dubitaturum
760 2601 955 2637 neminem
1063 2601 1165 2638 Dies
1181 2599 1327 2648 rerum]
1386 2599 1482 2637 Dies
1503 2599 1621 2637 rebus
1644 2600 1804 2648 agendis
1828 2599 1887 2638 di-

77 2657 196 2704 puto.
233 2654 341 2693 ERN.
392 2653 482 2690 Non
508 2651 606 2701 opus
630 2655 716 2689 erat
741 2655 855 2690 tanta
871 2663 957 2689 ver-
1009 2657 1116 2690 catos
1131 2653 1194 2689 vel
1208 2656 1334 2701 aptos.
1582 2691 1585 2693 ,
1679 2685 1682 2687 ,

77 2707 219 2747 borum
241 2706 420 2754 ambage.
475 2705 700 2752 legendum
726 2707 845 2752 viam,
868 2717 955 2742 sen·
1062 2707 1266 2743 Dalmata·
1297 2704 1532 2755 supplevere]
1572 2706 1677 2744 Bud.
1704 2706 1765 2743 D.
1794 2718 1886 2756 sup-

79 2771 167 2810 sere
179 2771 335 2809 quoque
347 2759 448 2797 Lau.
469 2762 510 2796 et
526 2759 617 2806 Bip.

134 2814 242 2853 cent.
259 2813 412 2850 ordines
427 2812 643 2860 legionibus
655 2810 848 2860 offerebat]
881 2812 954 2849 Est

28 2875 44 2915 ᾗ
76 2866 378 2911 subobscurum,
391 2876 527 2902 sensus
540 2868 672 2901 autem
690 2865 858 2913 intelligi
870 2868 957 2912 pot-

46 2916 50 2917 ⁷
76 2923 141 2958 est
167 2931 189 2956 e
217 2918 483 2967 sequentibus.
536 2918 628 2956 Non
645 2917 728 2966 ipse
748 2919 956 2955 Centurio.

78 2985 149 3011 nes
164 2973 340 3017 creabat,
358 2973 384 3008 i.
403 2983 438 3008 e.
466 2971 622 3008 ordines
641 2970 784 3007 dabat:
815 2971 882 3007 sed
900 2972 954 3007 le-

74 3026 259 3074 gionibus
277 3024 533 3075 permittebat
555 3023 783 3061 electionem
803 3025 953 3062 Centu-

76 3081 245 3125 rionum.
288 3081 396 3118 ERN.
864 3092 866 3096 v

135 3135 233 3179 Qua
258 3133 443 3170 seditiosa
471 3127 568 3178 etc.]
626 3129 797 3178 Ryckius
831 3129 953 3166 inter-

78 3187 332 3235 punctionem
348 3186 543 3233 receptam
566 3184 750 3229 mutavit,
768 3192 953 3230 novaeque

79 3240 285 3277 sententie
308 3239 471 3276 initium
492 3237 586 3275 fecit
611 3237 653 3275 in
670 3237 823 3274 verbis:
852 3237 954 3273 Mox

80 3294 123 3329 in
136 3303 198 3341 pr.
212 3305 247 3329 v.
265 3303 358 3330 sane
371 3292 426 3328 sic
445 3294 505 3328 est
523 3290 620 3327 etin
637 3290 697 3327 ed.
715 3302 775 3338 pr.
792 3290 858 3327 sed
871 3290 955 3326 vul-

79 3356 210 3392 garem
234 3345 590 3394 interpunctionem
617 3343 819 3380 meliorem
845 3346 955 3391 puto.

79 3400 248 3437 sensus:
285 3399 362 3435 ieta
391 3408 470 3435 non
496 3397 611 3434 modo
634 3396 816 3433 seditiosa
837 3402 879 3432 et
904 3397 953 3432 ad

76 3451 401 3497 corrumpendam
419 3450 663 3498 disciplinam
682 3449 870 3495 valentia,
887 3449 953 3485 sed

76 3504 200 3542 etiam
220 3503 310 3542 hinc
328 3504 394 3541 ille
411 3504 651 3542 occasionem
676 3503 872 3551 praedandi
889 3514 952 3539 su-

1002 2760 1122 2808 plere.

1060 2812 1131 2848 Ad
1144 2811 1299 2849 Fanum
1315 2809 1517 2861 fortune]
1566 2812 1627 2849 Ea
1656 2810 1749 2849 urbs
1770 2811 1886 2850 hodie

1011 2876 1165 2912 quoque
1199 2865 1345 2902 dicitur
1374 2865 1498 2901 Fano.
1532 2871 1628 2901 ‘mox
1663 2871 1885 2903 cunctantes

1010 2922 1071 2955 est
1097 2917 1374 2964 deliberantes,
1392 2917 1439 2954 de
1467 2929 1548 2966 quo
1569 2918 1655 2964 jam
1680 2929 1802 2968 supra
1826 2919 1885 2957 di-

1009 2975 1131 3008 ctum.
1175 2972 1283 3009 ERN.
1866 3010 1871 3013 .

1061 3026 1112 3062 In
1135 3023 1308 3074 regione]
1357 3023 1464 3061 Male
1494 3025 1598 3062 enim
1627 3024 1811 3071 omnibus
1834 3025 1884 3063 li-

1006 3077 1088 3114 bris
1125 3076 1243 3126 (Bud.
1277 3075 1523 3127 quoque).in
1558 3079 1720 3126 legione.
1771 3079 1885 3118 Lu's.

1007 3130 1070 3168 Sic
1095 3130 1276 3178 placebat
1299 3131 1419 3167 etiam
1437 3131 1605 3168 Faerno.
1650 3131 1759 3168 Bene
1777 3142 1883 3168 rece·

1008 3184 1069 3231 pit
1103 3184 1285 3222 Pichena.
1337 3185 1486 3224 Contra
1511 3195 1632 3232 supra
1652 3185 1703 3221 A.
1727 3190 1790 3229 12,
1810 3190 1879 3222 43.

1007 3238 1182 3284 regiones
1210 3238 1251 3274 in
1282 3238 1451 3284 legiones
1478 3238 1685 3274 mutandas
1714 3237 1881 3284 conjeci-

1006 3301 1107 3326 mus.
1154 3291 1209 3327 Et
1223 3291 1520 3331 confunduntur
1535 3302 1590 3327 eae
1607 3302 1717 3327 voces
1735 3291 1878 3338 passim

1008 3343 1051 3379 in
1067 3342 1178 3380 libris
1198 3348 1291 3382 vett.
1319 3344 1428 3383 ERN.
1473 3344 1569 3382 Mox
1585 3344 1688 3383 Bud.
1707 3344 1801 3381 bello
1820 3348 1880 3379 at-

1005 3397 1166 3434 tributa.

1067 3448 1307 3498 clavarium]
1341 3449 1456 3490 Quod
1476 3452 1708 3498 praetextum
1737 3451 1777 3483 et
1801 3447 1879 3483 ori-

1006 3502 1137 3550 ginem
1157 3502 1312 3548 habuit,
1331 3503 1442 3551 quasi
1465 3504 1515 3540 ad
1531 3503 1718 3541 militares
1737 3501 1879 3545 clavos,
