2190 3880
591 278 1357 398 ADDENDA

620 710 716 762 AD
758 708 1131 757 ANNALIUM
1175 708 1232 756 L.
1281 706 1349 756 Π.

86 835 143 881 C.
170 838 247 880 24.
289 832 482 878 Tantam
518 830 603 875 illa
637 830 786 876 clades
803 846 954 877 -ex-
1076 829 1545 890 eductos—perduxit.
1570 827 1726 874 Caesar
1748 828 1804 875 B.
1822 829 1884 876 G.

152 897 302 957 cessit]
330 893 550 941 Heinsius
574 894 816 957 supplebat
839 897 957 942 alias
1076 899 1125 950 7,
1175 893 1253 940 65.
1309 895 1882 957 pelluntur—compellun-

154 964 347 1010 excessit.
387 958 493 1021 Ego
517 959 956 1023 absolutepositum
1078 965 1165 1004 tur.
1222 958 1386 1003 Livius
1417 963 1501 1012 41,
1525 964 1604 1004 20.
1651 959 1885 1005 allatus-

153 1027 347 1073 verbum
378 1032 508 1088 puto.
538 1032 590 1070 ut
613 1040 730 1088 saepe
754 1025 880 1073 alibi.
905 1036 958 1071 ut
1079 1023 1237 1075 elatus.
1294 1021 1481 1072 Sallust.
1513 1022 1653 1070 Catil.
1694 1030 1735 1070 1.
1767 1025 1889 1070 indi·

154 1092 204 1138 in
229 1090 339 1136 Vita
362 1090 523 1151 Agric.
547 1105 587 1136 c.
610 1095 691 1136 42.
1079 1094 1364 1148 gens—eget.
1410 1087 1652 1134 Ernestius
1675 1088 1790 1134 bene
1808 1088 1889 1134 de·

94 1158 266 1203 Eodem
286 1155 421 1216 elisa]
459 1155 592 1200 allisa
615 1154 687 1200 vel
718 1155 858 1209 illisa,
888 1170 959 1200 re·
1082 1152 1248 1199 fendit.

159 1222 295 1268 etius.
1018 1233 1059 1264 c.
1084 1217 1162 1264 61.
1204 1216 1447 1279 Profunda
1479 1213 1698 1274 altitudo]
1739 1215 1815 1267 Sic
1843 1224 1892 1263 et

94 1287 135 1334 ε’.
159 1291 239 1333 28.
274 1286 341 1339 Et
370 1285 450 1361 qui
479 1285 594 1338 servi
616 1298 654 1330 e.
688 1299 732 1330 n.
766 1283 957 1348 reperit]
1086 1282 1260 1328 Seneca
1297 1297 1370 1346 ep.
1411 1286 1488 1338 70.
1546 1280 1650 1334 Liv.
1690 1288 1772 1338 38,
1812 1288 1893 1333 23.

160 1349 238 1402 Sic
261 1358 309 1397 et
331 1346 456 1397 ahbi.
489 1347 608 1393 Vide
641 1365 682 1396 c.
715 1353 795 1396 41.
843 1363 964 1417 quae-
1085 1346 1260 1411 Heges.
1290 1354 1333 1401 1,
1357 1351 1437 1393 35.
1471 1344 1608 1397 Lact.
1633 1346 1681 1401 6,
1702 1351 1751 1396 4.

158 1428 246 1476 que
282 1415 387 1462 abiae
426 1415 646 1461 nationes.
685 1413 733 1474 6,
770 1420 850 1461 31.
888 1421 965 1468 15,
1023 1428 1065 1463 c.
1110 1412 1188 1464 63.
1243 1412 1365 1458 Nam
1411 1412 1567 1464 multis
1609 1411 1888 1472 nationibus]

163 1486 265 1543 59„
1087 1476 1296 1525 Priorem
1336 1473 1651 1538 conjecturam
1689 1476 1897 1526 Ernestii

96 1539 151 1592 e:
173 1536 266 1606 29.v
293 1542 453 1591 Vocem
491 1543 594 1592 adv.
631 1542 836 1607 pericula
859 1557 971 1650 ὗσε·
1089 1541 1277 1594 firmant
1300 1541 1471 1593 similia
1491 1541 1597 1589 loca
1613 1548 1670 1598 3,
1692 1546 1774 1598 47.
1817 1549 1895 1597 15,

163 1606 282 1672 cere]
303 1606 335 1654 i.
352 1623 392 1655 e.
450 1608 742 1655 atrocinium.
766 1606 843 1651 Sic
906 1606 971 1653 el·
1096 1615 1117 1653 1
1145 1615 1193 1653 et
1216 1613 1295 1666 29.
1334 1605 1410 1661 16,
1435 1611 1481 1653 2.
1739 1609 1743 1613 ’

163 1671 282 1722 laius
315 1677 365 1727 2,
461 1708 472 1719 .
519 1673 792 1719 Ciceronem
823 1686 974 1720 vocem
1027 1688 1068 1719 c.
1108 1672 1186 1719 64.
1236 1672 1527 1733 Ipsorumque
1565 1671 1742 1732 Regum
1775 1674 1900 1734 inge-

165 1738 394 1809 publicam
416 1736 634 1802 adpellat.
667 1737 861 1784 Porcius
877 1734 974 1783 La·
1091 1740 1187 1792 uia,
1212 1738 1285 1790 illi
1315 1738 1425 1782 mite
1457 1741 1502 1782 et
1538 1752 1773 1792 amomum,
1799 1737 1904 1788 huic

167 1810 246 1849 tro
299 1809 467 1848 contra
510 1802 764 1849 Catilinam
808 1817 850 1848 c.
896 1808 976 1852 23.
1095 1802 1250 1863 atroae]
1289 1799 1529 1857 Libenter,
1556 1802 1596 1847 si
1618 1817 1700 1864 per
1721 1800 1901 1850 codices

131 1878 142 1882 ·
168 1882 285 1929 quas
314 1882 405 1914 non
442 1868 562 1914 adiit
595 1867 865 1915 Senator-um
901 1882 978 1913 vo·
1095 1866 1272 1922 liceret,
1317 1865 1519 1928 legerem
1567 1867 1686 1912 illud
1728 1869 1902 1919 ‘mite—

169 1947 239 1978 ces
256 1934 287 1979 ,⁹
1100 1933 1182 1978 hoc
1205 1937 1351 1980 atrox.
1399 1930 1575 1984 Verum
1597 1930 1810 1996 enallage,
1832 1940 1907 1982 est

106 2013 146 2044 c.
172 1999 260 2043 ³1.
294 1996 448 2047 Liberi
480 1996 670 2056 doloris]
713 1995 772 2044 V.
807 1994 980 2043 Horat.
1100 2011 1196 2047 non
1219 1998 1477 2049 invenusta.

133 2081 135 2085 ·
168 2060 323 2125 Epod.
367 2065 419 2116 4,
470 2066 544 2108 10.
607 2060 835 2110 Quinctil.
881 2060 980 2108 De·
1168 2063 1355 2110 Caussas
1385 2060 1523 2121 bello]
1562 2059 1638 2107 Sic
1671 2069 1720 2113 et
1756 2070 1801 2119 1,
1826 2067 1909 2121 27.

104 2131 111 2134 ”
171 2126 308 2182 clam.
325 2133 414 2183 111.
436 2127 494 2172 ab
519 2127 655 2173 initio
679 2135 727 2173 et
754 2132 830 2181 18,
854 2131 901 2172 2.
1100 2142 1304 2175 caussam
1335 2128 1582 2177 discordiae.

111 2196 255 2256 ⁰·.38·
279 2191 389 2238 Non.
408 2191 526 2246 enim
544 2207 696 2256 preces
717 2198 822 2238 sunt
839 2190 975 2255 istuc]
1036 2207 1077 2237 c.
1117 2191 1196 2238 68.
1234 2192 1288 2238 In
1326 2191 1526 2237 Albanos
1565 2190 1678 2251 etc.]
1722 2192 1906 2253 Potius,

173 2254 318 2302 Bene.
352 2253 430 2301 Sic
454 2265 502 2301 et
531 2264 573 2310 1,
597 2261 675 2302 42.
717 2254 782 2304 Η.
814 2264 857 2310 1,
883 2259 961 2307 84.
1101 2256 1254 2303 deleto
1287 2258 1352 2309 in,
1376 2255 1623 2316 legendum
1656 2260 1717 2306 ad
1744 2259 1908 2309 Armea

111 2336 153 2368 c.
175 2324 254 2374 42.
301 2319 505 2384 Veniret]
531 2320 676 2375 Bene.
700 2318 984 2383 suetapeual-
1102 2323 1217 2376 nios,
1246 2322 1351 2367 inde
1383 2322 1586 2374 Albanos
1622 2330 1710 2373 etc.
1753 2323 1910 2369 subin-

171 2383 298 2453 ·lage.
399 2392 402 2395 ’
1106 2386 1294 2432 tellecta
1306 2386 1473 2431 iterum
1486 2387 1814 2450 praepositione
1831 2390 1911 2444 ad,

112 2465 153 2497 c.
169 2453 250 2496 43.
271 2449 545 2513 [insectandi]
573 2449 752 2495 Pendet
769 2449 826 2495 ab
847 2464 986 2496 aemu-
1063 2459 1068 2463 '
1107 2459 1161 2497 ut
1183 2459 1230 2497 et
1255 2450 1383 2497 alibi.
1418 2449 1484 2502 H.
1514 2459 1556 2507 1,
1573 2452 1651 2499 46.
1688 2451 1850 2502 Livius
1863 2463 1912 2511 9,

180 2514 372 2563 latione.
1113 2523 1185 2570 15.
1230 2515 1349 2562 vell.
1394 2521 1443 2571 2,
1496 2524 1537 2563 1.
1584 2515 1660 2561 Sic
1706 2525 1756 2570 et.
1800 2517 1915 2571 alias

114 2594 157 2626 c.
191 2578 272 2625 46.
312 2579 485 2631 Vacuus
518 2579 732 2640 legiones]
771 2579 803 2624 i.
827 2595 866 2625 e.
891 2594 986 2625 non
1108 2581 1457 2648 praepositiones
1482 2582 1551 2635 cle,
1571 2597 1672 2643 per,
1700 2583 1764 2637 in,
1781 2585 1911 2647 'repe-

213 2642 360 2705 lenas,
387 2651 442 2690 ut
478 2644 633 2690 caesar
665 2643 724 2694 B.
760 2643 820 2692 G.
858 2650 908 2698 3,
943 2650 989 2690 2.
1107 2655 1205 2692 tere
1227 2645 1423 2707 negligit
1447 2654 1617 2693 noster.
1641 2646 1759 2696 Vide-
1798 2653 1849 2702 3,
1865 2657 1913 2706 9·

180 2660 419 2769 igionem,
458 2723 599 2771 neque
642 2724 743 2755 eam
783 2709 990 2771 plenissi-
1109 2717 1159 2764 4,
1189 2710 1263 2757 16.
1291 2711 1338 2766 6,
1363 2717 1442 2763 51.
1477 2716 1552 2764 13,
1577 2716 1655 2763 53.

183 2787 321 2819 mam.
349 2772 426 2817 *In
457 2772 582 2819 Rob.
617 2772 842 2836 Stephani
874 2774 991 2819 thes,
1046 2791 1087 2822 c.
1123 2775 1202 2833 69.
1237 2774 1533 2836 Digreditur]
1572 2774 1688 2822 Noli
1720 2785 1916 2827 mutare.

183 2837 434 2902 exponitur
454 2853 537 2904 per
560 2838 742 2888 otiosas.
780 2837 877 2899 (Sic
902 2837 992 2882 sal-
1113 2839 1188 2884 Sic
1211 2847 1259 2885 et
1279 2845 1331 2895 4,
1354 2843 1420 2897 49
1452 2847 1498 2884 et
1534 2843 1611 2896 74.
1652 2846 1727 2895 12,
1753 2846 1832 2888 30.
1868 2851 1917 2891 et

147 2913 152 2918 '
180 2909 293 2958 tem,
340 2909 392 2946 ut
437 2903 526 2947 hoc
574 2901 758 2957 addam,
808 2901 990 2948 Hirtius
1112 2905 1176 2950 sic
1202 2911 1308 2953 ante
1333 2903 1613 2957 Rhenanum
1637 2911 1687 2960 3,
1709 2904 1793 2966 67.

183 2965 319 3024 Alex.
344 2972 391 3022 2.,
430 2973 664 3014 veteranas
689 2967 888 3013 cohortes
910 2983 989 3014 va-
1045 2986 1085 3016 c.
1111 2975 1190 3027 70.
1224 2970 1366 3023 Haud
1398 2971 1546 3022 minus
1575 2971 1647 3024 ira
1669 2986 1805 3032 quam
1838 2987 1919 3035 per

150 3047 152 3049 ·
188 3047 293 3081 cuas
319 3031 573 3091 habebant).
1074 3038 1077 3039 ’
1107 3041 1275 3091 metum
1298 3034 1503 3104 accepta]
1541 3033 1617 3088 Sit·
1661 3042 1701 3089 1,
1727 3037 1805 3097 59.
1843 3052 1920 3099 spe

108 3111 163 3142 ·c.
197 3101 284 3157 47.
316 3094 427 3157 'Vis-a
459 3098 507 3142 in
540 3096 710 3160 arduo]
746 3095 821 3143 Sic
854 3104 902 3147 et
933 3101 983 3151 4,
1106 3101 1177 3145 vel
1206 3101 1358 3153 dolore
1391 3105 1588 3161 accepta.
1633 3098 1757 3152 Dein
1811 3109 1852 3157 1,
1876 3106 1922 3157 7.

187 3164 266 3216 47.
335 3164 502 3230 apertis
551 3163 606 3207 in·
645 3156 829 3217 &ollibus
871 3164 986 3210 vise·
1103 3163 1186 3229 per
1198 3165 1414 3217 ambitum
1436 3170 1481 3209 et
1501 3165 1631 3211 senili
1668 3160 1926 3227 adoptibne.

190 3224 366 3271 bantur.
1109 3246 1150 3276 c.
1172 3232 1254 3276 11.
1278 3235 1399 3275 metu.
1422 3244 1482 3281 an
1500 3244 1585 3297 per
1606 3231 1837 3278 invidiam.
1872 3238 1921 3285 3,

123 3305 166 3336 c.
209 3295 290 3348 49.
349 3289 818 3350 conductos—duxit]
861 3290 991 3340 Talis
1110 3299 1158 3340 4.
1197 3295 1329 3339 modo
1367 3309 1454 3356 per
1495 3294 1738 3349 silentium,
1790 3297 1923 3347 modo

182 3354 493 3417 eacophoniae,
534 3364 581 3400 et
627 3354 753 3405 alibi
782 3364 994 3419 prostant
1110 3358 1375 3423 ploratibus,
1415 3359 1419 3364 ’

156 3418 171 3433 ““
188 3418 417 3482 exempla.
464 3418 523 3466 V.
548 3435 658 3471 mox
680 3435 720 3465 c.
745 3419 822 3466 62.
848 3425 921 3482 (et
943 3422 994 3476 6,
1048 3440 1089 3470 c.
1114 3425 1192 3485 79.
1227 3422 1593 3484 Magnitudinem
1634 3423 1923 3485 Imperatoris

189 3482 292 3543 22.)
317 3484 428 3531 item
449 3483 604 3537 Valer.
642 3483 775 3534 Max.
799 3483 850 3541 6,
873 3492 922 3542 5,
953 3493 993 3533 1.
1114 3488 1178 3536 id.
1196 3483 1418 3549 ingerens]
1451 3486 1619 3542 Malim
1647 3504 1752 3538 cum
1766 3486 1927 3538 Frein-
