2190 3880
359 142 419 186 16
950 135 1548 192 HIST-ORIAR'UM

221 260 519 317 A.1J.etiam
558 260 772 316 Claudii
811 261 1104 332 iracundia,
1142 266 1198 319 in
1239 280 1502 320 secretum
1538 267 1688 322 Asiae
1729 270 2014 343 repositus„
2039 279 2150 326 tam

209 334 328 423 {2202
357 349 524 412 prope
559 333 630 386 ab
655 334 840 387 exsule
876 334 1000 400 fuit,
1035 355 1197 406 quam
1238 351 1427 408 postea
1466 359 1499 391 a
1546 339 1819 412 Principe.
1876 343 2151 408 Luxuria,

211 413 214 417 ’
254 402 633 480 ἐ9.·ιη(1ηεῑι·ἰει,
650 406 926 470 comitate,
950 407 1284 478 adrogantia,
1311 410 1463 462 malis
1492 411 1756 482 bonisque
1774 413 1979 466 artibus
2005 414 2149 466 mix-

355 485 459 529 tuS.
487 475 682 530 ⁴nimiae
721 477 1040 548 voluptateS‚
1083 497 1208 531 cum
1250 491 1495 546 vacaret;
1547 485 1759 552 quoties
1816 484 2148 555 expedierat,

341 563 565 618 magnae
619 548 874 601 virtutes:
927 549 1103 619 palam
1143 550 1357 615 laudes;
1414 564 1617 604 secreta
1662 553 1801 606 male
1838 555 2146 609 audiebant.

351 617 458 670 Sed
493 619 638 689 apud
675 619 967 688 subjectOS,
1006 620 1149 691 apud
1193 622 1490 692 proximOS,
1519 623 1662 694 apud
1689 625 1959 696 conlegas,
1987 625 2146 678 variis

348 689 629 743 inlecebris
667 702 892 760 potens3
929 702 984 742 et
1023 693 1111 743 cui
1155 693 1460 763 expeditius
1508 694 1672 747 fuerit
1718 697 1926 750 tradere
1966 695 2150 768 Impe-

295 774 301 789 ⁷
346 760 504 827 rium,
529 779 688 831 quam
718 762 979 814 obtinere.
1055 762 1265 814 Bellum
1290 763 1580 818 ,Iudaicum
1621 766 1836 820 Flavius
1863 768 2146 839 Vespasia-

345 849 465 896 nuS,
490 832 700 885 Ducem
727 846 850 884 eum
881 832 1027 885 Nero
1054 833 1342 905 delegerat,
1372 835 1544 888 tribus
1581 837 1886 908 legionibus
1912 839 2143 892 admini-

347 905 566 957 strabat.
644 904 764 957 Nec
791 903 1121 974 Vespasiano
1148 905 1400 958 adversus
1431 907 1663 961 Galbam
1693 921 1880 963 votum
1907 921 2002 962 aut
2027 910 2143 963 ani-

343 992 482 1028 mus,
556 975 776 1046 Quippe
813 974 1018 1040 Titum,
1055 975 1246 1041 filium,
1283 977 1350 1028 ad
1388 981 1787 1033 venerationem
1827 981 2142 1050 cultumque

343 1045 460 1114 ejus
486 1046 722 1111 miserat,
748 1057 809 1099 ut
837 1065 932 1099 suo
970 1046 1093 1099 loco
1120 1048 1557 1101 memorabimus,
1634 1050 1866 1105 Occulta
1890 1052 2010 1124 lege
2042 1053 2140 1105 fati

259 1128 265 1134 ·
343 1130 399 1170 et
436 1118 663 1170 ostentis
708 1136 771 1170 ac
809 1117 1078 1189 responsis
1120 1117 1448 1172 destinatum
1491 1121 1821 1192 Vespasiano
1856 1124 2143 1193 liberisque

268 1188 458 1259 11ejus
487 1188 799 1262 Imperium,
839 1200 963 1261 post
998 1190 1271 1242 fortunam
1297 1191 1642 1247 credidimus,
1716 1194 2021 1267 AEgyptum
2047 1213 2140 1248 co-

339 1322 421 1361 ho?
462 1325 769 1363 Grammaticum
795 1327 837 1362 et
863 1325 949 1362 leve
978 1328 1050 1361 est.
1077 1327 1211 1362 tamen

339 1378 383 1415 in
425 1378 500 1416 fido
534 1379 602 1416 illo
634 1379 762 1417 Vatic.
796 1381 998 1428 scriptum,
1032 1379 1212 1416 atteritis·

339 1433 392 1470 Et
410 1444 503 1470 sane
521 1433 657 1470 crebro
681 1434 738 1470 ita
765 1437 928 1471 veteres.
955 1436 1004 1470 ut
1024 1431 1210 1471 Tibullus

336 1487 381 1524 in
398 1487 531 1524 eodem
547 1488 619 1525 hoc
635 1487 754 1525 verbo
776 1493 812 1533 1,
832 1493 871 1532 4,
889 1492 955 1524 49..
1004 1489 1091 1524 Aut
1106 1489 1212 1536 operi

336 1542 509 1592 insuetas
525 1544 728 1579 atteruisse
744 1554 895 1579 manus.
949 1540 1007 1578 Ut
1023 1541 1210 1578 ‹za-edisse

334 1604 408 1644 pro
422 1596 643 1642 accessisse,
656 1595 870 1633 com-istisse
885 1606 956 1644 pro
974 1593 1208 1640 constitisse,

335 1649 379 1686 in
395 1650 620 1687 Pandectis:
651 1653 692 1687 et
717 1650 917 1687 hauritum
934 1660 1006 1698 pro
1023 1649 1208 1686 haustum

334 1702 378 1740 in
405 1702 574 1753 Apuleio
606 1703 719 1755 (Met.
748 1709 785 1742 2.
812 1714 852 1753 p.
874 1701 1098 1753 121.Elm.)
1155 1704 1209 1741 Et

334 1759 469 1796 notavi
503 1759 617 1807 plura
644 1757 754 1802 taJia,
794 1769 880 1807 quae
922 1758 989 1796 vix
1018 1768 1210 1805 promam,

334 1811 431 1860 quin
463 1813 632 1858 rideant,
666 1815 739 1849 aut
769 1811 960 1849 irrideant
999 1811 1209 1860 magistelli

333 1866 472 1904 nostri.
527 1866 635 1908 Quid
662 1870 796 1904 tamen
818 1866 881 1903 hic
906 1863 1090 1902 rideant?
1118 1876 1208 1902 ecce

332 1923 374 1956 et
399 1932 425 1957 a
455 1920 683 1959 Florentino
702 1921 786 1968 jam
814 1920 944 1957 codice
975 1920 1208 1968 scripturam

330 1974 433 2011 hanc
456 1974 686 2013 stabilitam.
717 1976 827 2012 erS.
881 1974 1046 2023 Recepit
1072 1974 1207 2012 Piche-

332 2039 399 2074 na,
417 2040 497 2065 non
515 2029 687 2078 Lipsius,
707 2032 754 2065 ut
770 2028 939 2077 Ryckius
961 2028 1117 2066 videtur
1133 2040 1208 2078 pu-

329 2085 455 2119 tasse:
487 2083 602 2132 idque
622 2083 827 2120 ambitiose
851 2086 990 2120 contra
1014 2082 1207 2130 Ryckium

329 2137 504 2174 defendit
528 2138 614 2177 Jac.
634 2137 871 2183 Gronovius,
898 2148 978 2174 non
1003 2135 1205 2174 abstinens

331 2189 463 2240 (tanta
495 2203 559 2228 res
591 2191 782 2240 agebatur
794 2190 822 2241 Ξ)
862 2190 1114 2236 contumelia,
1147 2203 1206 2228 se-

329 2257 419 2282 rum
443 2245 663 2283 studiorum
679 2246 850 2283 vocando
866 2248 941 2283 etc.
972 2256 1043 2282 nec
1061 2244 1204 2294 impro-

327 2298 424 2337 bare
442 2299 597 2337 videtur
613 2300 794 2337 Oudend.
812 2299 861 2335 ad
879 2299 988 2336 Suet.
1014 2299 1118 2347 Aug.
1137 2304 1203 2338 40.

330 2354 388 2392 At
416 2353 503 2391 MS.
536 2353 666 2392 Guelf.
698 2353 808 2404 (Agr.
831 2351 951 2403 Bud.)
979 2353 1039 2391 ed.
1072 2365 1131 2401 pr.
1163 2357 1204 2390 et

328 2411 482 2454 ceterae,
502 2420 624 2457 usque
650 2408 700 2445 ad
728 2407 951 2454 Pichenam,
981 2419 1114 2444 omnes
1143 2413 1203 2444 at-

329 2463 462 2499 tritis.-
491 2473 588 2510 quas
616 2465 771 2499 secutus
798 2473 900 2507 sum,
930 2460 1031 2498 nihil
1058 2461 1202 2499 timens

330 2516 408 2553 iras
425 2516 539 2562 tales,
567 2517 635 2553 sed
651 2527 722 2554 nec
750 2516 844 2552 istas
869 2516 998 2552 sordes
1026 2515 1201 2553 invidens

328 2571 524 2619 cuiquam.
580 2571 712 2608 Multa
744 2570 842 2606 talia
869 2572 963 2606 sunt
1005 2569 1048 2606 in
1089 2569 1201 2607 MSS.

328 2625 499 2673 optimis,
533 2624 585 2661 ab
617 2623 851 2674 antiquariis
887 2623 1059 2660 librariis
1094 2623 1202 2660 inve-

329 2683 414 2716 cta:
434 2680 536 2716 sicut
552 2680 595 2716 in
614 2679 698 2717 MS.
714 2678 844 2716 Guelf.
859 2689 1012 2726 semper
1027 2680 1088 2714 est
1095 2679 1200 2727 quoi,

327 2734 468 2782 quoius
483 2737 523 2771 et
540 2733 638 2770 alia:
669 2744 754 2782 quoe
769 2733 887 2770 etiam
909 2731 1106 2770 interdum
1122 2731 1199 2769 viri

327 2788 430 2825 docti
449 2788 615 2826 edidere.
670 2788 770 2829 Quae
786 2787 819 2824 si
837 2788 972 2824 statim
989 2786 1032 2824 in
1043 2789 1198 2823 textum

328 2841 571 2879 inferentur:
601 2842 694 2891 quid
718 2842 786 2880 fiet
811 2838 998 2878 tandem?
1029 2840 1072 2877 in
1087 2840 1199 2888 Apu-

326 2895 404 2932 leio
451 2897 572 2933 feram
602 2896 681 2934 tale
714 2896 823 2945 quid,
856 2907 934 2932 non
970 2896 1013 2931 in
1044 2893 1198 2932 Tacito.

328 2950 434 2988 ERN.
488 2949 611 2998 Apul.
633 2951 730 2987 Met.
752 2955 811 2987 11.
836 2961 876 2997 p.
898 2952 989 2986 260.
1017 2948 1060 2984 in
1084 2947 1196 2986 codd.

328 3010 575 3041 aue-ruerant.
603 3005 663 3041 Cf.
691 3007 731 3040 et
758 3004 869 3040 Voss.
894 3004 940 3039 de
968 3001 1137 3049 Analog.
1153 3007 1195 3047 3,

326 3063 392 3095 30.
433 3059 481 3096 In
509 3061 643 3094 nostro
666 3057 795 3095 ubivis
813 3056 999 3094 scribitur
1023 3057 1194 3094 attritae.

326 3112 372 3150 v.
391 3113 441 3150 A.
464 3116 526 3158 15,
550 3116 610 3149 16.
629 3113 685 3150 H.
701 3118 744 3158 3,
765 3117 830 3149 50.

377 3167 429 3204 In
445 3172 628 3203 secretum
642 3165 769 3216 Asioe]
791 3166 839 3204 In
861 3164 1031 3213 Lyciam,
1047 3166 1094 3202 ut
1108 3163 1192 3211 opi-

322 3231 407 3264 nor,
424 3221 550 3269 specie
568 3220 805 3269 Legationis.
852 3219 1001 3266 Colligo
1027 3230 1048 3254 e
1073 3217 1191 3254 Plinii

326 3279 390 3320 12,
412 3280 426 3311 l
454 3272 528 3324 (5).
567 3275 752 3312 Licinius
775 3274 992 3312 Mucianus
1017 3278 1076 3310 ter
1093 3272 1189 3307 Con-

319 3330 396 3372 suc,
415 3335 451 3365 et
465 3341 586 3377 nuper
606 3329 818 3378 provincia·
834 3327 919 3374 ejus
938 3323 1094 3376 (Lyciae)
1114 3325 1191 3361 Le·

316 3389 452 3431 gatus.
483 3384 595 3420 Lu’s.
629 3384 703 3420 Pro
720 3382 921 3430 repositus,
939 3381 1042 3428 quod
1059 3381 1119 3415 est
1146 3379 1189 3416 in

317 3437 428 3474 libris
446 3436 643 3481 omnibus,
659 3435 861 3474 Acidalius
888 3433 1060 3471 malebat
1084 3445 1190 3482 sepo—

316 3492 428 3535 situs,
449 3491 549 3540 quod
572 3495 632 3527 est
658 3501 751 3529 sane
770 3487 932 3528 verbum
949 3486 1189 3527 ordinarium

319 3545 359 3581 in
379 3546 450 3583 hac
467 3557 522 3584 re.
547 3545 658 3585 ERN.

1323 1325 1481 1371 Quoties
1499 1326 1737 1378 expedierat]
1769 1327 1972 1378 Expedire
2000 1327 2064 1365 hic
2088 1328 2142 1367 si-

1264 1378 1425 1426 gnificat
1440 1378 1483 1417 in
1500 1380 1807 1428 expeditionem,
1826 1383 1908 1419 sive
1924 1382 1975 1419 ad
1991 1381 2139 1421 bellum

1264 1432 1469 1480 proficisci,
1497 1438 1543 1471 ut
1562 1435 1664 1472 infra
1678 1448 1713 1473 c.
1733 1441 1796 1473 88.
1827 1434 1885 1489 (et
1904 1441 1967 1483 15,
1991 1434 2070 1487 15.)
2090 1440 2139 1474 ut

1258 1486 1343 1534 jam
1360 1486 1431 1524 alii
1447 1491 1649 1527 notarunt.
1677 1490 1785 1527 ERN.

1316 1541 1463 1578 Palam
1486 1543 1682 1589 laudares,
1709 1549 1852 1582 secreta
1877 1544 1979 1581 male
2005 1544 2139 1582 audie-

1263 1592 1371 1645 bant]
1404 1595 1497 1632 Cod.
1512 1596 1616 1634 Bud.
1647 1596 1834 1644 habebat,
1845 1598 1983 1648 palam
2008 1598 2138 1636 laurea

1261 1654 1406 1686 secreta
1442 1650 1544 1687 male
1571 1651 1763 1689 audiebat.
1803 1651 2049 1696 Graecismus,
2077 1664 2137 1690 se·

1263 1708 1365 1739 creta
1385 1704 1484 1740 male
1500 1704 1696 1751 audiebat,
1722 1715 1803 1743 non
1818 1705 2048 1754 displicebat
2063 1717 2138 1743 nec

1261 1756 1465 1803 Rhenano,
1481 1769 1552 1795 nec
1568 1758 1730 1807 Ryckio,
1747 1759 1816 1808 qni
1833 1762 1874 1797 et
1893 1760 1975 1809 ipse
1994 1760 2035 1797 in
2062 1771 2136 1797 suo

1262 1809 1346 1848 MS.
1373 1810 1543 1850 habebat
1575 1813 1775 1851 audiebat.
1796 1813 1831 1851 E
1854 1814 1986 1852 taum
2010 1814 2134 1862 possis

1260 1863 1378 1902 etiam
1406 1865 1586 1914 colligere
1605 1867 1740 1916 palam
1765 1867 1917 1913 laudes,
1949 1866 2135 1904 substan-

1260 1917 1362 1955 tive:
1391 1920 1494 1968 quod
1511 1931 1591 1957 non
1605 1919 1777 1957 dubitari
1803 1924 1948 1969 potest,
1968 1921 2064 1970 quin
2079 1922 2134 1959 sit

1260 1972 1399 2010 melius
1425 1974 1598 2023 vulgato.
1653 1974 1728 2011 Sed
1754 1975 1871 2012 etiam
1897 1975 2024 2013 Rhen.
2045 1978 2134 2015 ten·

1259 2026 1394 2064 tabat:
1417 2028 1554 2078 palam
1571 2027 1732 2066 laudari
1747 2032 1939 2075 nostmm,
1966 2034 2015 2066 ‘ut
2031 2031 2133 2079 puto

1259 2080 1414 2119 melius.
1467 2082 1543 2119 Sed
1583 2085 1718 2119 tamen
1760 2082 1964 2131 vulgatum
2009 2083 2131 2122 etiam

1259 2134 1354 2173 ferri
1373 2137 1516 2184 potest,
1536 2136 1639 2185 quod
1665 2136 1708 2174 in
1725 2136 1906 2174 omnibus
1933 2135 2044 2175 libris
2069 2148 2133 2175 re-

1257 2190 1371 2237 pet-13
1399 2192 1440 2226 et
1456 2189 1561 2227 illius
1587 2191 1831 2239 corruptelae,
1855 2191 2024 2228 taurese
2040 2192 2132 2230 lau-

1257 2243 1383 2289 dares,
1406 2242 1487 2289 jam
1502 2255 1621 2292 supra
1647 2244 1887 2282 simillimum
1906 2245 2129 2294 exemplum

1256 2307 1279 2332 e
1297 2296 1399 2334 Flor.
1417 2297 1596 2336 vidimus.
1642 2299 1737 2336 Mox
1741 2299 1875 2347 suerit
1892 2298 2004 2336 MSS.
2020 2298 2129 2338 Flor-

1259 2349 1394 2401 (Bud.)
1415 2352 1545 2390 Gueli.
1568 2352 1628 2388 ed.
1645 2364 1706 2401 pr.
1761 2351 1890 2390 Ceteri
1903 2351 2047 2400 suerat
2062 2364 2131 2391 us-

1254 2415 1331 2452 que
1359 2405 1409 2441 ad
1438 2405 1660 2444 Pichenam.
1686 2407 1794 2445 ERN.
1846 2406 1975 2444 Rhen.
2006 2407 2129 2454 conji-

1253 2457 1383 2496 ciebat
1396 2466 1533 2498 secreto
1550 2461 1651 2498 male
1676 2460 1871 2498 audiebat.
1900 2462 1942 2496 et
1967 2461 2023 2498 sic
2040 2461 2128 2500 cod.

1255 2512 1351 2560 Agr.
1369 2523 1441 2549 nec
1459 2513 1517 2550 ita
1530 2514 1645 2551 male.
1688 2515 1800 2551 Prius
1817 2515 1954 2552 laudes
1968 2515 2127 2563 reposui

1255 2577 1344 2603 cum
1367 2567 1456 2615 Bip.
1474 2568 1555 2606 scil.
1581 2570 1618 2605 ei
1635 2568 1914 2606 tribuebantur.
1969 2568 2016 2606 τὸ
2028 2569 2129 2618 fiee·

1253 2621 1308 2658 rit
1322 2620 1532 2670 velsuerat
1549 2625 1790 2670 expunctum
1806 2621 1961 2659 volebat
1977 2623 2096 2661 Grut.

1308 2674 1388 2711 Suo
1416 2676 1497 2715 loco
1523 2675 1830 2726 memorabimus]
1862 2675 1969 2713 Male
1992 2679 2127 2724 antea,

1253 2730 1557 2767 memoravimus.
1611 2730 1713 2767 Nam
1726 2730 1806 2767 haec
1817 2729 1974 2778 quidem
1989 2735 2128 2769 narrat

1251 2782 1355 2820 infra
1373 2788 1414 2829 2,
1434 2788 1468 2820 1.
1496 2784 1609 2822 ers.
1665 2784 1965 2821 Memor-abimus
1982 2787 2022 2821 et
2039 2784 2127 2823 MS.

1256 2834 1391 2886 (Bud.)
1424 2838 1554 2875 Guelf.
1579 2839 1640 2874 ed.
1670 2849 1729 2886 pr.
1761 2837 1911 2875 Puteol.
1944 2838 2126 2876 Beroald.

1251 2890 1337 2928 Alc.
1351 2891 1654 2930 Memoravimus
1679 2892 1890 2930 Rhenanus
1906 2891 2026 2928 tacite
2042 2892 2126 2929 edi·

1251 2944 1329 2981 dit:
1358 2949 1405 2982 ut
1423 2945 1587 2992 nescias,
1603 2957 1656 2982 an
1671 2945 1862 2982 consulto.
1891 2945 2000 2987 ERN.
2052 2945 2124 2994 Vi-

1249 2998 1365 3040 detur
1382 2999 1519 3036 vitium
1537 3011 1620 3036 esse
1635 2998 1878 3048 typographi.

1305 3052 1489 3102 Ostenta]
1521 3055 1582 3090 of.
1597 3054 1701 3090 infra
1720 3058 1760 3099 a,
1778 3059 1847 3093 78.

1301 3106 1398 3143 Post
1407 3107 1511 3154 sort.
1529 3105 1774 3155 credidimus]
1806 3108 1834 3144 i.
1853 3117 1888 3143 e.
1914 3108 2120 3156 postquam

1246 3160 1494 3208 cognovimus
1518 3157 1717 3200 fortunam
1739 3159 1984 3208 Vespasiani,
2013 3164 2121 3208 post-

1245 3225 1362 3262 quam
1379 3214 1594 3262 Imperator
1608 3215 1732 3251 sactus
1749 3218 1822 3251 est.
1881 3215 2121 3251 Credidimus

1244 3271 1305 3304 est
1317 3267 1473 3311 credere
1490 3269 1694 3316 coepimus.
1748 3268 1811 3304 Ita
1827 3267 2042 3315 perfectum
2058 3267 2119 3304 di-

1243 3322 1369 3368 citur3
1414 3313 1559 3369 alioqui
1602 3333 1684 3358 esse
1718 3321 1878 3359 deberet
1917 3321 2119 3361 acuimus.

1242 3377 1348 3414 ERN.

1295 3429 1535 3480 AEgyptum,
1551 3430 1643 3478 jam
1667 3428 1756 3466 inde
1782 3441 1807 3465 a
1831 3428 1889 3466 D.
1906 3426 2111 3477 Augusto]

1242 3484 1368 3532 Supra
1384 3483 1433 3520 A.
1452 3488 1491 3528 2,
1509 3487 1575 3522 59.
1625 3483 1733 3520 Nam
1757 3483 1981 3531 Augustus,
2014 3483 2115 3519 inter

1243 3540 1326 3579 alia
1357 3536 1629 3576 dominationis
1662 3548 1822 3586 arcana,
1855 3537 1998 3584 vetitis,
2035 3535 2115 3574 nisi
