2190 3880
650 157 799 207 LIB.
829 156 887 206 .1.
945 157 1106 206 cAP.
1139 161 1187 212 3,
1209 160 1258 203 4.
1817 162 1851 205 9

62 300 142 350 tes
162 282 521 343 certissimum
546 284 794 338 exitium.
855 277 1174 336 Nec-minus
1199 279 1421 353 praemia
1445 279 1740 335 delatorum
1768 283 1912 335 in-A.
1928 297 1981 336 U.

61 361 194 425 visa,
229 376 390 428 quam
430 356 657 422 scelera;
694 372 819 408 cum
861 354 950 408 alii
992 353 1304 407 Sacerdotia
1330 363 1386 404 et
1406 350 1752 417 ConsulatuS,
1789 363 1849 406 ut
1876 353 1966 390 822-

62 430 251 502 spolia,
267 428 475 499 adepti,
504 427 916 484 procurationes
955 426 1044 478 alii
1082 437 1137 477 et
1181 424 1490 476 interiorem
1531 405 1980 502 potentiamfdgf·

62 501 303 572 agerent,
330 510 596 553 verterent
620 508 819 551 cuncta
842 497 968 549 odio
994 508 1049 548 et
1083 508 1299 548 terrore.
1374 493 1642 564 Conrupti
1670 495 1727 546 in
1755 495 1852 546 do-

63 571 423 635 minos-servi,
449 570 505 622 in
532 579 786 640 patronos
811 567 1022 632 liberti3
1059 578 1132 632 et,
1157 567 1352 636 quibus
1379 566 1561 617 deerat
1584 565 1854 630 inimicus,

62 660 160 716 per
184 641 385 694 amicos
409 641 670 712 oppressi.
742 639 870 691 Non
898 650 1079 692 tamen
1103 638 1237 690 adeo
1267 638 1524 689 virtutum
1552 637 1728 688 sterile
1754 654 1854 687 sae-

64 713 265 777 culum,
291 723 352 765 ut
377 729 484 763 non
510 723 565 763 et
591 713 734 764 bona
758 709 1009 780 exempla
1035 708 1347 780 prodiderit.
1412 707 1702 759 Comitatae
1732 715 1900 777 pro-3

65 783 227 855 fugos
255 783 450 835 liberos
484 792 725 835 matresz'
748 792 945 832 secutae
982 781 1202 833 maritos
1242 780 1297 830 in
1342 779 1531 830 exsilia
1561 777 1852 848 conjuges:

67 854 355 926 propinqui
395 853 686 906 audentes:
725 862 1032 904 constantes
1073 851 1286 921 generi:
1337 861 1651 915 contumax,
1691 849 1856 902 etiam

67 925 318 981 adversus
355 935 639 989 tormenta,
680 939 952 976 servorum
991 922 1153 975 fides:
1195 938 1455 990 supremae
1483 921 1747 973 clarorum
1775 921 1873 972 vi-.

65 1013 247 1056 rorum
272 995 648 1061 necessitates;
684 994 802 1063 ipsa
827 993 1113 1046 necessitas
1140 992 1351 1044 fortiter
1376 992 1628 1056 tolerata3
1665 1002 1720 1043 et
1744 991 1859 1044 lau-

68 1067 208 1120 datis
230 1065 574 1135 antiquorum
609 1065 870 1117 mortibus
908 1082 1057 1135 pares
1083 1064 1281 1115 exitus,
1355 1062 1560 1114 Praeter
1598 1063 1857 1132 multipli-

39 1187 45 1192 .
68 1154 357 1191 ces-rerum
385 1137 740 1189 humanarum
765 1153 939 1203 casuS,
963 1134 1095 1187 caelo
1125 1146 1369 1202 terraque
1399 1134 1647 1204 prodigia
1672 1144 1726 1185 et
1752 1133 1863 1185 ful-¹

66 1209 276 1262 minum
302 1209 538 1260 monitus
564 1220 619 1260 et
644 1205 947 1274 futurorum
977 1206 1259 1276 praesagia,
1297 1206 1438 1268 laeta,
1467 1205 1658 1270 tristia,
1684 1205 1858 1259 ambi-

114 1297 200 1344 ua,
244 1278 546 1337 manifesta.
619 1277 738 1330 Nec
782 1277 926 1329 enim
979 1295 1213 1345 unquam
1262 1276 1615 1328 atrocioribus
1660 1275 1857 1347 Populi

129 1369 236 1403 om.
258 1350 517 1413 cladibu5‚
542 1348 782 1419 magisve
811 1347 976 1418 justis
1001 1348 1212 1399 indiciis
1240 1346 1595 1417 adprobatum
1622 1358 1721 1412 est,
1749 1364 1865 1399 non·

69 1438 184 1483 esse
209 1438 352 1473 curae
380 1419 512 1472 Deis
540 1419 878 1472 securitatem
915 1429 1174 1485 nostram,
1200 1436 1314 1470 esse
1346 1418 1623 1471 ultionem.
1698 1417 1906 1471 Oete-4

122 1577 184 1616 Et
199 1578 414 1616 interim-em
427 1574 525 1628 poa]
554 1573 678 1614 Video
705 1575 937 1624 interpretes
992 1587 1079 1614 rore
1097 1589 1121 1613 a
1136 1575 1375 1615 Domitiano.
1431 1576 1533 1614 Nam
1554 1576 1618 1613 ille
1634 1575 1750 1626 vulgo
1766 1587 1860 1613 usus

72 1632 304 1670 recentiores
329 1632 372 1669 in
396 1632 468 1669 hoc
491 1631 646 1669 haesisse
672 1634 712 1667 et
736 1631 837 1667 male
853 1640 942 1668 ver-·
992 1631 1251 1668 delationibus
1269 1634 1309 1667 et
1325 1642 1443 1680 opera
1459 1641 1668 1668 servorum.
1708 1630 1861 1667 Plinius

72 1687 181 1723 tisse.
209 1686 377 1723 Interior
384 1687 559 1735 potentia
582 1690 642 1721 est
658 1683 795 1731 major,
814 1695 884 1721 nec
900 1684 941 1721 id
993 1687 1136 1734 Paneg.
1164 1685 1237 1721 hoc
1264 1689 1430 1733 tangens
1455 1697 1487 1722 c.
1514 1690 1580 1723 42.
1636 1685 1727 1721 Non
1759 1686 1863 1721 enim.

77 1738 244 1776 debebat
261 1739 437 1787 ignotum
455 1743 525 1776 aut
541 1738 703 1775 dubium
729 1748 824 1775 esse.
879 1738 941 1775 Sic
985 1739 1075 1788 jam
1091 1740 1192 1777 servi
1208 1739 1407 1788 Principis
1423 1739 1546 1777 nostri
1562 1740 1694 1784 amici,
1713 1738 1781 1776 sed
1794 1750 1864 1774 nos

74 1793 181 1832 Anu.
202 1797 267 1839 15,
287 1798 326 1831 2.
347 1795 448 1830 vires
462 1794 622 1832 intimae.
673 1792 784 1829 Adde
803 1804 872 1829 nos
900 1792 943 1829 in
994 1806 1127 1830 sumus
1138 1809 1153 1834 ;
1182 1805 1250 1830 nec
1259 1799 1373 1841 pater
1382 1794 1527 1841 patrioe
1543 1793 1682 1830 alienis
1698 1805 1738 1828 se
1754 1805 1873 1842 man·-

78 1846 197 1885 clave
225 1847 307 1885 Cic.
342 1847 382 1884 in
411 1858 448 1884 v.
481 1848 654 1885 intimus.
682 1846 789 1884 ERN·
841 1846 943 1884 Bud.
997 1847 1111 1896 cipiis
1136 1848 1336 1891 cariorem,
1355 1859 1471 1896 quam
1497 1847 1643 1884 civibus
1669 1847 1765 1892 suis,
1784 1858 1867 1883 cre-

78 1901 314 1950 inferiorum
997 1902 1067 1938 dit.
1125 1901 1261 1938 Omnes
1292 1906 1509 1938 accusatore
1543 1901 1742 1938 domestico
1774 1899 1869 1937 libe·

130 1956 318 2002 Agerent,
341 1952 495 2002 ferrent
527 1952 680 2004 cuncta]
719 1954 943 1991 Lectionem

78 2007 183 2046 Flor-
197 2007 280 2045 cod.
296 2008 486 2056 Agerent,
502 2013 686 2046 verterent
705 2013 840 2045 cuncta
859 2007 945 2044 odio

79 2067 116 2098 et
157 2067 311 2099 terrore.
369 2061 550 2110 corrupti
579 2065 652 2099 etc.
696 2065 850 2098 secutus
886 2065 946 2098 est

79 2115 260 2152 Pichena.
311 2115 369 2151 At
385 2115 582 2162 vulgatam
609 2119 649 2151 et
674 2115 879 2152 lectionem
907 2119 947 2151 et

81 2168 367 2206 distinctionem
393 2168 518 2206 multo
545 2169 743 2205 meliorem
773 2180 855 2205 esse
882 2168 950 2205 do-

83 2222 232 2260 cuimus
260 2222 423 2260 observ.
443 2230 484 2268 3,
509 2228 575 2260 22.
603 2225 740 2260 GRoN.
795 2223 946 2271 Nempe

82 2275 138 2313 ibi
167 2276 292 2321 docet,
321 2277 508 2313 usitatam
532 2287 615 2313 esse
644 2276 763 2326 (apud
793 2277 945 2313 Livium

83 2333 124 2366 et
138 2328 250 2380 alios)
269 2330 429 2378 phrasin
447 2342 563 2379 agere
577 2331 701 2378 serre,
720 2334 760 2366 et
788 2331 874 2367 odio
901 2342 946 2366 ac

81 2389 223 2421 terrore
238 2384 293 2420 sic
313 2384 495 2432 explicat,
512 2387 559 2420 ut
585 2384 754 2431 Lipsius.
808 2385 865 2421 At
891 2384 947 2419 le-

86 2437 252 2474 ctionem
280 2437 386 2476 Flor.
405 2449 491 2486 quae
518 2443 578 2476 est
604 2438 722 2474 etiam
747 2439 789 2475 in
818 2438 950 2475 Guelf.

83 2491 180 2539 Agr.
206 2492 290 2528 edd.
315 2495 407 2528 ante
422 2492 656 2529 Rhenanum
674 2491 868 2537 omnibus,
887 2493 954 2528 de-

86 2544 211 2581 rendit
225 2549 266 2582 et
281 2547 429 2594 recepit
453 2557 589 2582 rursus
607 2546 795 2593 Ryckius,
815 2546 894 2582 late
913 2550 954 2582 et

86 2598 223 2634 acerbe
255 2602 391 2636 contra
421 2599 646 2647 disputante
674 2600 712 2636 J.
743 2600 952 2637 Gronovio.

87 2652 232 2697 Lectio,
262 2663 346 2700 qnae
372 2656 432 2690 est
459 2653 501 2690 in
523 2657 653 2699 textu,
683 2653 732 2689 ab
763 2654 952 2690 Rhenano

87 2705 259 2751 inducta,
278 2711 476 2754 utcunque
504 2707 689 2756 explicari
706 2711 849 2755 potest.
905 2708 954 2744 In

86 2765 245 2807 agerent
264 2759 419 2807 ferrent
444 2761 557 2797 facile
585 2762 775 2797 assentior
803 2762 953 2798 Grono-

86 2813 170 2849 vio:
198 2813 264 2850 sed
291 2814 517 2862 inter-pungi
545 2814 660 2860 debet
688 2819 776 2862 post
799 2821 952 2852 terrore.

85 2865 190 2903 Nam
212 2867 346 2904 ‘odium
372 2871 412 2903 et
439 2873 560 2905 terror
586 2879 665 2904 non
687 2868 787 2904 bene
815 2879 953 2904 conve-

87 2919 206 2956 niunt
224 2921 342 2958 verbo
359 2923 542 2971 corrupti,
560 2933 725 2970 quocum
751 2923 794 2958 in
813 2921 886 2958 tali
910 2933 952 2958 re

87 2973 379 3022 conjunguntur
421 2979 492 3012 ant
525 2976 800 3023 intelliguntur
834 2975 954 3012 verba

90 3026 380 3079 vimlalliciendi
397 3029 594 3067 habentia.
633 3030 700 3066 An
717 3041 849 3066 omnes
863 3034 954 3066 tan-

90 3083 176 3117 tum
203 3081 289 3118 odio
305 3086 346 3118 et
359 3086 508 3119 terrore
526 3085 714 3132 corrupti,
742 3094 854 3119 nemo
872 3095 954 3132 spe,

90 3135 257 3183 premiis
282 3140 356 3173 etc.
381 3138 500 3173 etiam
522 3136 652 3174 liberti
678 3138 720 3173 in
740 3137 952 3185 patronos?

92 3187 198 3227 ERN.
252 3189 478 3227 Florentino
494 3192 688 3227 consentit
714 3192 831 3228 etiam
846 3192 957 3228 Bud.

91 3240 191 3278 Bam
238 3244 404 3290 priscam
456 3243 661 3281 lectionem
707 3256 796 3281 cum
839 3245 957 3282 Bern.

91 3293 268 3334 Freinsh.
299 3296 389 3345 Rip.
431 3299 604 3345 reposui,
643 3299 958 3346 interpunctione

92 3347 281 3396 adhibita,
321 3362 407 3398 quae
439 3355 481 3387 et
522 3352 679 3388 Mureto
712 3356 754 3388 et
783 3351 960 3389 Acidalio

95 3399 256 3448 placuit.
309 3404 523 3441 Rhenanus
548 3409 694 3442 temere
724 3417 772 3441 ex
802 3406 960 3453 ingenio

92 3456 244 3491 textum
259 3462 442 3495 mutarat.
466 3459 629 3496 Temere
645 3469 798 3507 quoque
813 3460 959 3507 Ryckio

97 3514 294 3546 succenset
305 3512 536 3555 Gronovius,

153 3559 250 3603 Qdio
280 3570 317 3603 ee
346 3565 501 3617 terrore]
549 3566 649 3605 Odio
684 3566 855 3615 proprio,
881 3570 961 3606 ter·

995 1956 1119 1991 rasti.-
1147 1966 1295 2004 unoque
1314 1956 1454 1991 salutis
1476 1955 1644 2003 publicoe
1659 1956 1788 2002 signo,
1817 1954 1869 1991 it.

996 2008 1079 2053 lud,
1097 2015 1139 2046 ut
1164 2010 1222 2046 sic
1248 2009 1388 2053 dicam,
1416 2010 1552 2045 servile
1577 2008 1715 2046 bellum
1739 2014 1869 2044 sustu-

998 2063 1094 2099 listi.
1123 2064 1235 2100 Lu’s.
1277 2061 1339 2099 Sic
1357 2066 1397 2098 et
1413 2063 1533 2099 Gron.
1552 2062 1579 2100 l.
1597 2074 1630 2099 c.
1647 2061 1713 2098 sed
1731 2074 1768 2099 v.
1786 2065 1868 2098 not.

998 2116 1159 2165 praeced.
1187 2110 1295 2154 ERN.

1052 2170 1250 2219 Supremae
1266 2169 1317 2206 cl.
1330 2179 1367 2206 v.
1378 2166 1642 2225 ‘necessitate-s]
1673 2169 1752 2206 Hic
1771 2180 1869 2217 prae·

1000 2223 1170 2260 dicatum
1198 2223 1387 2269 desidero,
1417 2224 1520 2259 unde
1547 2221 1672 2259 virtus
1705 2222 1869 2260 eluceat.

998 2277 1101 2314 Nam
1121 2279 1323 2314 necessitas
1346 2289 1524 2326 suprema
1551 2288 1622 2313 nec
1648 2277 1771 2313 virtus
1795 2281 1869 2321 est,

999 2342 1070 2367 nec
1103 2332 1250 2368 bonum
1285 2330 1518 2379 exemplum.
1571 2331 1636 2367 An
1667 2331 1767 2367 fuit:
1801 2343 1871 2367 su-

994 2396 1137 2434 premoe
1154 2387 1248 2422 clar.
1266 2386 1339 2422 vir.
1356 2386 1595 2422 necessitates
1599 2384 1764 2434 sortiter
1778 2386 1873 2422 tole-

1004 2445 1113 2476 ναίω.
1171 2441 1286 2476 Certe
1319 2450 1396 2475 non
1425 2438 1614 2475 satisfacit
1646 2439 1799 2486 Lipsius
1829 2438 1873 2474 in

1005 2493 1216 2541 Dispunct.
1242 2493 1352 2530 ERN.
1405 2492 1547 2529 Hiller.
1563 2493 1657 2530 Rae.
1679 2497 1740 2530 15.
1758 2492 1874 2529 intel-

1005 2546 1093 2594 ligit
1109 2550 1274 2583 mortem
1301 2557 1380 2583 non
1399 2547 1594 2591 meritam,
1621 2547 1765 2594 insigni
1782 2557 1874 2582 con-

1008 2601 1155 2637 stantia
1169 2603 1446 2648 exspectatam,
1465 2612 1549 2648 quae
1576 2600 1708 2636 statim
1730 2600 1875 2636 dicitur

1004 2654 1160 2691 fortiter
1174 2655 1354 2700 tolerata,
1372 2654 1485 2703 quale
1504 2654 1723 2702 exemplum
1749 2654 1792 2691 in
1807 2653 1875 2691 Se-

1006 2719 1102 2744 neca
1123 2713 1186 2753 15,
1206 2711 1270 2744 61.

1061 2762 1192 2798 Justis
1222 2760 1397 2810 indiciis]
1437 2762 1535 2798 Cum
1568 2761 1715 2808 Ryckio
1756 2764 1797 2798 et
1834 2761 1872 2799 J.

1007 2815 1202 2852 Gronovio
1246 2815 1333 2850 dedi
1363 2814 1535 2860 iudiciis,
1580 2815 1682 2862 quod
1720 2826 1768 2852 ex
1811 2815 1875 2853 ed.

1006 2870 1132 2916 prima
1142 2869 1226 2915 jam
1243 2869 1428 2905 indicavit
1444 2869 1653 2915 Gruterus,
1670 2872 1806 2918 estque
1831 2866 1875 2905 in

1007 2923 1116 2960 MSS.
1134 2923 1236 2960 Flor-
1253 2923 1349 2970 Agr.
1367 2922 1496 2960 Guelf.
1521 2923 1606 2960 edd.
1633 2923 1781 2960 Puteol.
1798 2922 1877 2959 Be-

1005 2976 1126 3014 roald.
1153 2977 1201 3014 In
1220 2977 1278 3013 ed.
1295 2976 1421 3013 Rhen.
1450 2976 1618 3025 irrepsit,
1637 2977 1741 3014 haud
1758 2976 1876 3014 dubie

1008 3041 1213 3079 operarum
1242 3031 1354 3076 vitio,
1370 3030 1554 3078 judiciis,
1581 3031 1684 3078 quod
1713 3042 1783 3079 per
1808 3042 1878 3067 ne-

1007 3084 1234 3133 gligentiam
1255 3085 1501 3132 sequentium
1517 3084 1708 3120 editorum
1730 3085 1778 3120 ad
1794 3095 1879 3121 om-

1010 3150 1078 3175 nes
1094 3141 1350 3186 propagatum
1368 3141 1449 3174 est:
1475 3149 1562 3174 cum
1583 3142 1741 3186 possent
1757 3138 1878 3175 etiam

1011 3193 1095 3228 sine
1128 3192 1238 3228 libris
1267 3192 1407 3229 vitium
1440 3192 1604 3229 odorari.
1647 3193 1753 3229 ERN.
1782 3192 1880 3229 Cod.

1010 3245 1112 3282 Bud.
1131 3249 1171 3282 et
1187 3245 1246 3282 ed.
1259 3246 1371 3283 Rom.
1383 3249 1516 3293 vnagis
1532 3247 1689 3282 vetustis
1706 3245 1878 3283 indiciis.

1012 3299 1071 3336 Cf.
1090 3303 1131 3335 et
1146 3301 1337 3336 Arntzen.
1354 3300 1403 3335 ad
1420 3299 1520 3336 Plin.
1538 3310 1677 3347 paneg.
1695 3311 1728 3336 c.
1746 3303 1785 3336 5.

1065 3353 1157 3389 Non
1191 3365 1269 3390 esse
1299 3362 1401 3389 curoe
1431 3352 1548 3402 Deis]
1594 3353 1779 3400 Impium‚
1806 3352 1879 3388 im·

1011 3406 1136 3454 pium,
1169 3409 1285 3442 tuum
1318 3407 1479 3451 dictum,
1513 3407 1670 3443 'l'acitet
1700 3406 1774 3443 etsi
1800 3415 1880 3440 non

1014 3460 1251 3508 imprudens.
1304 3459 1407 3497 Nam
1451 3459 1622 3496 humano
1654 3459 1812 3507 ingenio
1846 3458 1881 3494 si

1012 3525 1095 3550 rem
1119 3513 1260 3550 libras:
1289 3523 1376 3549 cum
1398 3516 1459 3549 tot
1484 3513 1626 3558 clades,
1647 3517 1708 3548 tot
1734 3511 1882 3557 tristia,

1014 3570 1095 3607 tam
1113 3579 1202 3605 rara
1219 3568 1261 3606 in
1275 3566 1395 3606 bonos
1415 3568 1586 3615 praemia,
1605 3566 1698 3616 quid
1722 3565 1799 3604 nini
1816 3564 1883 3611 ad-
