2190 3880
715 123 878 174 LIB.
914 124 1006 173 111.
1065 125 1235 176 CAP.
1267 132 1347 175 65.
1842 127 1939 175 215

137 254 232 329 que
254 252 446 311 nuntiis
467 250 722 324 trepidas:
749 250 935 322 populi
957 249 1188 304 mobilem
1214 250 1441 302 animum
1459 270 1475 302 .·
1516 259 1580 316 et,
1601 247 1648 303 si
1665 249 1938 304 seDucem
1953 266 2005 306 A.
2023 264 2075 305 n.

129 327 444 399 praebuiss'et‚
463 324 654 378 easdem
677 322 797 375 illas
820 321 1136 374 adulationes
1148 341 1251 392 pro
1275 320 1583 390 Vespasiano
1636 341 1737 376 ore.
1761 321 1940 391 Ipsum
1970 321 2063 358 ⁸²3·

143 396 406 453 Vitellium
430 414 494 448 ne
508 395 760 465 prosperis
795 393 994 475 quidem
1010 410 1226 462 parem:
1263 391 1385 444 adeo
1422 393 1589 444 ruenti
1624 410 1681 443 us
1704 391 1939 454 debilita-
1953 374 2073 470 ⁸750?

137 478 266 522 tum.
342 467 590 519 Gratia-m
612 474 808 536 patrata
836 464 957 517 belli
972 482 1126 534 penes
1165 482 1294 527 eum,
1331 461 1422 533 qui
1443 461 1618 514 urbem
1643 480 1761 513 occu
1798 471 1941 515 asset.

138 538 213 592 Id
237 537 432 590 Sabino
454 536 732 600 convenire,
758 544 823 593 ut,
842 535 1116 606 Imperium
1124 533 1300 606 fiatri
1334 540 1635 598 reservaret;
1674 531 1731 584 id
1801 551 1942 603 espa-

138 609 300 674 siano,
339 617 398 659 ut
447 608 598 660 ceteri
632 616 745 676 post
793 606 1046 659 Sabinum
1092 604 1410 656 haberentur.
1456 641 1459 643 Α
1502 602 1938 674 Haudquaquam
1956 599 2024 650 65

139 693 320 733 erecto
347 679 529 731 animo
549 695 639 730 eas
662 676 819 730 voces
842 676 1167 747 accipiebat,
1190 675 1457 728 invalidus
1480 684 1714 727 senecta.
1757 673 1945 739 Erant,

140 751 234 822 qui
263 749 491 804 occultis
538 747 938 817 suspicionibus
982 748 1329 811 incesserent,
1358 758 1634 815 tamquam
1675 744 1875 796 invidia
1899 754 1948 797 et

141 821 458 875 (emulatione
482 817 766 891 fortunam
792 817 994 889 fratris
1041 825 1344 869 moraretur.
1423 816 1676 886 Namque
1728 815 1949 868 Fiavius

145 893 398 956 Sabinus,
425 900 588 942 aetate
636 888 800 959 prior,
833 888 1058 959 privatis
1098 888 1378 957 utri-usque
1415 887 1592 952 1·ebuS‚
1620 887 1949 939 auctoritate

141 963 480 1037 pecuniaque
525 960 919 1030 Vespasianum
968 960 1230 1011 anteibat.
1308 957 1379 1010 Et
1428 958 1751 1010 credebatur
1798 955 1950 1009 adfe-

142 1033 433 1103 ctam-ejus
470 1030 631 1083 fidem
677 1031 1013 1101 praejuvisse,
1039 1031 1203 1082 domo
1245 1030 1497 1100 agrisque
1538 1028 1756 1099 pignori
1796 1045 1952 1083 acce-

142 1106 272 1176 ptis.
354 1102 527 1166 Unde,
545 1119 874 1172 quamquam
905 1112 1158 1152 manente
1185 1100 1238 1150 in
1268 1099 1502 1169 speciem
1530 1099 1843 1163 concordia,
1868 1097 1954 1153 of-

144 1176 418 1229 fensarum
457 1183 648 1242 operta
679 1173 1080 1224 metuebantur.
1155 1169 1358 1221 Melior
1395 1170 1804 1240 interpretatio:
1854 1169 1955 1223 mi·-

148 1256 247 1300 tem
273 1246 442 1298 virum
468 1243 736 1295 abhorrere
761 1262 794 1295 a
832 1242 1078 1311 sanguine.
1103 1248 1151 1292 et
1173 1238 1422 1292 caedibus.-
1459 1257 1611 1309 eoque
1635 1238 1819 1291 crebris
1841 1258 1956 1292 cum

154 1316 202 1369 V
199 1316 360 1370 itellio
379 1314 689 1367 sermonibus
712 1312 774 1366 de
784 1331 932 1384 pace,
945 1310 1288 1382 ponendisque
1303 1329 1402 1380 per
1421 1310 1757 1363 condit-ionem
1777 1310 1953 1375 armiS,

199 1477 444 1528 Reservaret]
478 1477 578 1516 Bud.
595 1482 776 1515 servaret.

200 1533 406 1571 Invalida:
427 1532 594 1581 senecta]
627 1532 769 1568 Vocem
796 1529 1024 1578 Rodolphus

147 1587 258 1625 addit
285 1591 438 1624 setaeecta
465 1598 662 1635 emmaque.
690 1584 802 1621 valde
830 1584 1025 1633 apposite,

113 1647 115 1650 ⁴
146 1638 436 1678 modoelibris.
465 1640 577 1676 Lxx-s.
606 1639 690 1675 MS.
705 1639 802 1686 Agr.
821 1644 933 1675 oerate
943 1650 1027 1674 sen·

146 1707 280 1745 acque.
312 1694 444 1732 Ceteri
460 1692 553 1729 libri
573 1703 706 1729 omnes
723 1692 926 1740 vulgatum
946 1703 1027 1728 ser-

145 1751 257 1787 vant.
300 1747 348 1785 In
368 1747 458 1785 MS.
475 1745 607 1784 Guelf.
623 1746 665 1782 in
687 1746 863 1792 margine
882 1745 1027 1782 adscri-

148 1806 262 1852 ptum
298 1812 325 1838 a
356 1811 478 1838 manu
512 1811 574 1849 pr.
610 1799 674 1838 liic
705 1799 859 1850 aliquid
881 1799 1024 1847 deficit.

148 1857 302 1906 Nempe
317 1854 382 1892 hic
409 1853 665 1904 transpositio
682 1853 849 1890 duarum
872 1853 1027 1889 circiter

149 1911 383 1959 paginarum
418 1907 526 1945 facta
567 1907 787 1954 antiquitus
833 1907 876 1943 in
911 1907 1026 1944 MSS.

151 1965 255 2002 Nam
286 1964 329 2000 in
360 1962 466 2001 Flor.
495 1961 592 2010 Agr.
625 1961 744 2011 (Bud.
777 1961 875 2008 Reg.
910 1958 1025 2009 Lali.)

151 2018 285 2062 Guelf.
303 2016 363 2053 ed.
385 2027 446 2065 pr.
464 2016 598 2052 eadem
613 2014 811 2064 reperitur
826 2026 835 2049 :
865 2014 1029 2051 fortasse.

152 2075 193 2109 et
210 2072 252 2108 iu
269 2071 358 2108 aliis
374 2070 488 2107 MSS.
507 2073 554 2106 ut
569 2080 691 2116 supra
707 2074 748 2114 3,
768 2073 805 2106 5.
826 2068 899 2104 Sed
915 2069 1030 2104 resti-

1075 1475 1334 1514 creditoribus
1353 1475 1531 1514 satisfiat.
1584 1476 1646 1514 Sic
1666 1476 1806 1525 affecta
1818 1475 1955 1524 resfa·

1078 1532 1249 1568 miliar-125
1279 1540 1379 1578 saepe
1407 1530 1513 1577 apud
1546 1530 1700 1567 Livium
1723 1529 1785 1579 (ut
1803 1535 1843 1575 2,
1869 1527 1955 1579 43.)

1079 1585 1126 1620 de
1140 1595 1186 1620 eo
1202 1584 1361 1628 dicitur,
1375 1583 1443 1631 qui
1460 1594 1534 1620 tere
1547 1584 1677 1621 alieno
1691 1583 1859 1628 laborat,
1873 1582 1958 1633 qui,

1081 1642 1127 1674 ut
1146 1638 1284 1674 Cicero
1303 1637 1411 1684 loqui
1442 1638 1553 1683 solet,
1579 1638 1681 1674 male
1709 1638 1755 1674 de
1774 1649 1814 1675 re
1832 1638 1960 1674 dome.-

1078 1693 1178 1729 stica
1195 1697 1251 1728 est
1282 1691 1527 1736 constitutus,
1546 1703 1618 1740 pro
1637 1691 1741 1728 Sext.
1759 1696 1826 1728 45.
1848 1690 1960 1740 cujus·

1077 1757 1141 1782 res
1160 1745 1267 1794 sam.
1287 1745 1467 1793 fortunoe
1496 1746 1598 1781 male
1628 1746 1860 1782 constitutae.
1885 1755 1960 1800 pro

1079 1797 1181 1835 Rab.
1202 1800 1309 1835 Post.
1331 1803 1365 1835 1.
1411 1798 1650 1846 Praejuvisse
1662 1802 1795 1836 autem
1813 1801 1874 1834 est
1890 1808 1963 1834 an-

1079 1855 1135 1898 te,
1155 1852 1247 1888 olim
1275 1851 1450 1899 juvisse:
1482 1863 1599 1901 quam
1630 1853 1704 1888 vim
1736 1851 1962 1903 praepositio

1080 1906 1161 1942 haec
1179 1906 1221 1943 in
1237 1905 1518 1953 compositione
1547 1906 1620 1949 hac
1636 1909 1750 1949 aetate
1778 1906 1819 1942 in
1836 1904 1963 1955 pluri.-

1082 1959 1168 2002 bus,
1187 1970 1305 2007 quam
1324 1959 1434 2004 olim,
1462 1959 1591 2002 verbis
1619 1959 1805 2003 obtinuit,
1835 1958 1837 1960 ’
1861 1960 1963 2006 Ryc-

1082 2014 1170 2050 kius
1209 2017 1342 2050 autem
1382 2012 1525 2062 probat
1558 2013 1609 2051 N.
1642 2013 1801 2057 Heinsii
1831 2013 1965 2059 conje-

1083 2072 1235 2104 cturam
1264 2079 1370 2115 proes
1394 2067 1560 2128 juvime,
1592 2071 1816 2115 propterea,
1860 2065 1964 2114 quod

150 2125 257 2164 tutio
271 2125 379 2162 facta
391 2123 546 2171 estjam
565 2134 590 2159 a
603 2123 755 2160 Puteol.
772 2133 849 2158 non
870 2123 1031 2159 Beroal-
1077 2121 1299 2171 proejuvare
1310 2119 1405 2162 alibi
1422 2131 1501 2158 non
1518 2125 1711 2166 occurrat,
1727 2122 1821 2158 item
1836 2121 1965 2158 Graev.

151 2180 214 2222 do,
231 2182 278 2215 ut
296 2181 413 2227 putat
428 2178 468 2214 J.
481 2178 652 2214 Gronov.
671 2177 720 2214 ad
733 2188 767 2214 c.
781 2179 848 2214 69.
868 2180 908 2214 et
927 2176 1032 2212 haud

152 2232 272 2271 dubie
289 2243 311 2268 e
327 2230 609 2280 scriptulibro.
666 2231 749 2271 Qui
767 2240 888 2278 supra
903 2233 1033 2267 trans-

151 2286 386 2337 positionem
401 2296 483 2323 non
499 2284 793 2331 animadvertit,
808 2284 841 2321 is
856 2283 955 2321 hanc
974 2284 1033 2320 vi-

152 2342 267 2379 derit.
295 2340 406 2377 Ean.

207 2392 503 2443 Suspiciontbm
531 2391 774 2443 incesserent]
824 2391 909 2430 MS.
936 2389 1031 2439 Agr.

154 2447 215 2486 ed.
253 2459 315 2497 pr.
349 2447 575 2491 incederent,
604 2446 724 2483 etiam
753 2446 886 2483 Guelf.
914 2445 981 2481 sed
1009 2456 1034 2485 a

154 2513 278 2540 manu
306 2511 382 2538 sec.
409 2503 504 2536 ante
532 2499 611 2537 fuit
633 2501 859 2538 incesserent
874 2512 887 2534 .-
917 2499 1034 2547 idque

153 2554 338 2606 placebat
368 2553 539 2602 Ryckio:
585 2553 702 2590 male.
758 2553 881 2591 Haud
916 2552 1034 2595 dubie

158 2613 220 2649 est
254 2609 294 2645 h.
327 2608 354 2646 1.
383 2618 511 2644 sermo
537 2607 585 2642 de
609 2606 967 2652 criminationibus,
988 2606 1036 2642 de

158 2660 303 2711 quibus
319 2663 502 2698 incessere
519 2660 679 2705 dicitur,
693 2671 772 2696 non
790 2661 972 2704 incedere,
991 2662 1041 2697 ut*

159 2715 394 2760 maledictis,
414 2714 503 2750 telis
529 2715 721 2756 incessere,
743 2725 822 2749 non
854 2713 1036 2749 incedere.

162 2769 230 2806 sed
246 2770 328 2806 haec
345 2766 464 2805 verba
481 2770 520 2804 et
532 2766 630 2803 alibi
645 2778 671 2803 a
689 2766 859 2803 librariis
876 2766 1040 2802 confusa

162 2826 270 2861 sunt.
325 2823 417 2859 Post
432 2821 518 2858 Ms.
532 2821 637 2858 Bud.
653 2819 1010 2868 habebatsortunoe
1026 2833 1038 2855 .-

163 2876 267 2926 quod
290 2875 483 2913 Rhenano
497 2873 691 2923 placebat.
743 2875 827 2910 Nec
849 2873 945 2910 mihi
962 2873 1041 2910 dis÷

162 2924 295 2980 plicet.
321 2930 547 2966 Moraretur
564 2931 667 2964 esset
683 2933 940 2964 cunctaretur.
966 2927 1040 2963 Sed

164 2983 369 3033 vulgatum
406 2992 561 3030 quoque
593 2980 693 3018 bene
731 2979 863 3017 habet.
917 2981 1042 3017 Deni-

165 3049 243 3087 que
272 3038 369 3086 MS.
391 3035 525 3073 Guelf.
555 3034 658 3071 male
693 3036 834 3071 matris
863 3045 934 3082 pro
946 3033 1042 3082 sra-

165 3093 253 3129 tris.
283 3091 390 3134 Ean.
418 3088 598 3126 Humani
613 3088 708 3136 quid
725 3088 788 3124 hic
805 3088 959 3135 patitur
971 3088 1044 3124 Er—

166 3145 334 3182 aestiua.
396 3142 697 3179 Andabatarnm
733 3153 840 3179 more
880 3144 1045 3190 pugnat.

165 3199 337 3246 Ryckius
355 3208 404 3234 ex
422 3197 518 3244 Agr.
537 3195 672 3234 laudat
690 3195 943 3239 incenderent,
965 3205 1044 3230 non

170 3252 396 3289 incederent.
423 3249 545 3300 Atqui
566 3248 671 3289 istud
695 3248 804 3285 verbi
822 3248 868 3284 de
885 3247 1045 3296 inpulsu

171 3302 271 3342 hene
288 3306 351 3342 hic
370 3309 474 3341 stare
491 3307 636 3351 posset.
666 3302 768 3339 Bud.
787 3304 1025 3339 incesserent.

227 3358 424 3406 Affectam
449 3357 534 3405 ejus
550 3357 676 3405 fidem
689 3355 930 3404 pro’juvt‘sse]
965 3355 989 3391 i.
1010 3366 1046 3390 e.

175 3422 248 3460 pro
263 3423 311 3448 eo
326 3412 499 3457 solvisse,
516 3419 606 3447 eum
625 3407 774 3447 solvere
792 3408 1048 3446 creditoribus

176 3475 256 3501 non
281 3469 423 3514 posset.
476 3463 634 3512 Affecta
648 3463 754 3511 fides
770 3462 972 3510 eleganter
993 3462 1050 3500 di-.·

176 3518 285 3555 citur‘
306 3517 489 3564 laborans
518 3530 566 3555 ex
596 3517 731 3566 inopia
758 3517 949 3565 pecuniae,
972 3526 1052 3565 qua

1084 2176 1127 2212 in
1159 2174 1259 2219 con,
1289 2186 1349 2224 ep.
1378 2175 1519 2211 Burin.
1550 2178 1580 2210 t.
1611 2180 1650 2211 4.
1678 2186 1719 2224 p.
1755 2179 1843 2215 173.
1875 2178 1965 2215 174.

1086 2228 1204 2269 Quod
1221 2226 1319 2264 mibi
1337 2228 1530 2277 displicet.
1575 2229 1615 2265 Si
1642 2228 1797 2276 praediis
1826 2238 1968 2264 caven-

1085 2283 1178 2323 dum
1186 2282 1278 2327 ruit,
1286 2293 1334 2317 ea
1343 2293 1420 2318 non
1429 2282 1592 2318 deerant
1599 2283 1840 2331 Vespasiano
1852 2293 1864 2327 ;
1881 2281 1969 2332 qui-

1085 2336 1159 2373 bus
1178 2336 1324 2384 quippe
1342 2336 1454 2373 fratri
1471 2335 1648 2373 cavebat.
1676 2337 1783 2384 Ergo
1800 2333 1970 2384 pecunia

1085 2390 1246 2437 adjutus
1265 2395 1336 2426 est.
1369 2390 1490 2438 quue
1509 2390 1656 2435 indicat
1679 2390 1864 2438 pignoris
1882 2400 1969 2425 ver·

1086 2444 1201 2481 bum:
1234 2444 1336 2492 quod
1354 2443 1485 2488 datur,
1506 2442 1728 2480 securitatis
1748 2454 1898 2487 caussa,
1915 2443 1968 2487 ei,

1088 2498 1156 2546 qui
1175 2496 1383 2545 pecuniam
1401 2510 1471 2546 pro
1489 2496 1602 2533 nobis
1614 2497 1751 2542 solvit,
1770 2500 1840 2533 aut
1857 2495 1970 2532 nobis

1087 2551 1207 2588 dedit.
1241 2550 1382 2588 Obiter
1410 2550 1618 2595 observent
1638 2552 1801 2595 tirones,
1818 2552 1972 2599 pignus

1088 2606 1254 2653 antiqua
1270 2604 1486 2642 Latinitate
1500 2605 1574 2640 dici
1593 2606 1711 2649 etiam
1730 2604 1776 2640 de
1790 2603 1973 2656 hypothe-

1091 2660 1162 2704 cis,
1174 2662 1222 2694 ut-
1239 2659 1299 2694 hm
1314 2659 1363 2694 de
1382 2657 1626 2707 pignoribus,
1642 2662 1687 2694 ut
1705 2658 1752 2694 ad
1772 2656 1972 2700 Ciceronis

1090 2723 1180 2759 epp,
1209 2712 1258 2757 ad
1287 2712 1380 2747 Div.
1414 2717 1473 2756 134,
1510 2714 1574 2747 56.
1599 2711 1754 2754 monuit
1781 2711 1971 2748 Graevius.

1091 2765 1208 2813 ERN}
1219 2765 1310 2813 Bip.
1321 2765 1463 2812 legunt
1469 2777 1613 2813 parum
1617 2764 1782 2816 juvisse,
1793 2769 1839 2801 ut
1852 2766 1881 2801 A
1889 2769 1920 2800 ,1
1930 2769 1970 2808 2,

1092 2822 1158 2856 63.
1179 2819 1285 2866 Lips.
1315 2819 1357 2856 et·
1371 2818 1475 2855 Pieli.
1501 2829 1548 2854 ex
1560 2819 1730 2866 praevisa
1756 2818 1880 2860 fecere
1895 2831 1972 2867 pa-

1092 2884 1180 2918 rum
1198 2874 1294 2909 visa.
1330 2871 1453 2910 Faiict
1468 2872 1702 2917 conjecturae
1720 2871 1831 2914 Suet.
1852 2869 1970 2919 vesp.

1094 2931 1133 2963 4.
1155 2926 1222 2975 qudi
1240 2928 1371 2972 omnia
1383 2925 1678 2975 pradiaftatri
1694 2925 1884 2975 obligasse
1898 2927 1974 2963 Ve-

1093 2981 1321 3028 spasiammz
1336 2986 1373 3016 et
1391 2980 1446 3016 ad
1459 2980 1710 3028 mangonicos
1721 2986 1892 3035 qurrstus
1908 2990 1973 3015 ne-

1093 3034 1258 3077 cessario
1295 3033 1526 3070 descendisse
1562 3033 1708 3072 refert..
1759 3033 1856 3076 Inde
1890 3031 1974 3069 scil.

1097 3086 1330 3134 offerwarum
1360 3091 1508 3134 operta,
1526 3086 1573 3121 de
1606 3085 1750 3134 quibus
1774 3098 1876 3123 mox.
1935 3085 1973 3121 Si

1096 3145 1229 3176 tamen
1243 3139 1471 3188 prejuiyisse
1495 3150 1645 3185 verum,
1675 3140 1777 3187 quod
1804 3143 1843 3176 et
1872 3139 1974 3176 Eud.

1097 3194 1233 3238 habet,
1252 3192 1501 3239 reprehensio
1520 3193 1561 3238 in
1588 3187 1639 3229 eo'
1651 3199 1726 3238 est,
1745 3195 1844 3242 quod
1864 3193 1974 3239 turpi

1097 3247 1227 3291 modo,
1257 3247 1367 3294 domo
1396 3248 1578 3296 agrisque
1598 3250 1766 3297 pig-nori
1795 3248 1975 3295 acceptis,

1099 3312 1178 3337 non
1198 3304 1244 3347 nt
1258 3300 1422 3336 fratrem
1440 3300 1610 3347 deceret,
1629 3312 1717 3337 eum
1732 3301 1894 3347 juverit.

1159 3353 1401 3408 Offinsarum
1430 3354 1578 3403 operta]
1611 3356 1673 3391 Ita
1703 3355 1977 3393 Farnesianus‚

1102 3406 1226 3455 proba
1255 3413 1297 3444 et
1326 3409 1477 3444 solenni
1501 3408 1640 3444 Tacito
1658 3408 1826 3444 dictione
1897 3403 1976 3443 Alii

1106 3460 1224 3511 (Bud.
1245 3461 1363 3497 etiam
1385 3466 1424 3496 et
1454 3459 1600 3511 Rhen.)
1620 3474 1747 3510 opera.
1777 3462 1886 3498 Ln’S.
1917 3458 1978 3501 Sic

1103 3517 1144 3551 ot
1162 3515 1222 3551 ed.
1241 3515 1362 3561 princ.
1393 3515 1499 3551 Ean.

1176 3573 1270 3618 1¹4
