2190 3880
250 145 354 190 340
883 131 1479 186 HISTORIARUM

117 269 169 311 Α.
188 268 243 310 U.
261 262 371 315 rius
390 259 830 314 memoravimus.
869 260 1254 315 comitabatur
1281 279 1407 314 eum
1427 259 1593 314 frater
1618 260 1691 315 D.
1711 262 1964 334 Alpinus.
1985 261 2073 314 Si·

128 324 231 415 2223
264 333 375 386 mul
391 333 557 385 ceteri
575 332 918 386 miseratione
932 351 996 385 ac
1012 332 1169 385 donis
1183 328 1868 399 auxiliaconcibant,inter
1881 341 2073 404 gentes
2125 339 2134 346 '

147 402 216 469 7⁴¹.
235 401 625 475 ”periculorum
651 403 855 455 avidas·
891 402 1239 472 Tantumque
1271 402 1394 454 belli
1419 420 1478 454 su
1523 403 1704 468 erfuit,
1731 415 1793 456 ut
1818 402 2074 475 praesid-ia

179 484 252 531 20
265 474 593 538 cohortium,
618 473 844 538 alarum,
872 473 1170 543 legionum,
1199 489 1307 523 uno
1334 471 1423 523 die
1456 421 1649 524 Cpivilis
1675 473 2071 546 quadripartito

250 545 550 598 invaserit:
568 545 836 613 decimam
853 543 1122 611 legionem
1141 541 1394 605 Arenaci,
1411 542 1701 595 secundam
1722 542 2075 608 Batavoduri,

259 627 318 668 et
335 615 570 669 Grinnes
598 611 934 681 Vadamque‚
950 611 1259 664 cohortium
1278 612 1590 682 alarumque
1609 626 1810 679 castra3
1841 613 1918 666 ita
1935 614 2076 667 divi-

263 687 335 738 sis
354 686 547 758 copiiS,
571 695 631 736 ut
653 685 767 753 ipse
789 695 844 734 et
866 682 1068 747 Verax,
1090 700 1273 735 sorore
1295 682 1412 752 ejus
1435 684 1672 754 genituS,
1697 683 2076 754 Classicusque

261 775 326 810 ac
361 757 535 809 Tutor
572 772 722 806 suam
760 753 989 823 quisque
1025 771 1248 805 manum
1285 753 1591 807 traherent:
1630 772 1731 806 nec
1763 755 1948 807 omnia
1983 773 2080 826 pa·

259 828 438 879 trandi
469 825 701 888 fiducia3
740 824 830 876 sed
867 823 1030 876 multa
1056 824 1193 875 ausis
1215 824 1393 895 aliqua
1423 823 1478 876 in.
1504 833 1658 894 parte
1677 824 1957 896 fortunam
1982 824 2080 877 ad-

241 897 389 969 fore.
465 894 637 948 Simul
664 893 916 947 Cerialem
953 913 1110 965 neque
1129 895 1265 959 ¹satis·
1289 902 1514 960 cautum,
1541 904 1588 946 et
1615 896 1856 965 pluribus
1887 895 2081 948 nuntiis

259 969 356 1020 huc
382 966 506 1019 illuc
533 975 834 1030 cursantem,
851 984 995 1035 posse
1014 965 1175 1017 medio
1201 965 1455 1035 intercipi.
1504 966 1720 1024 Quibus
1742 968 2079 1026 obvenerant
2141 965 2147 969 ’

260 1049 441 1090 castra
462 1038 906 1101 decumanorum,
929 1036 1400 1106 oppugnationem
1435 1036 1667 1107 legionis
1704 1037 1923 1090 arduam
1953 1037 2079 1102 rati,

259 1126 537 1179 egressum
562 1106 810 1170 militem,
841 1117 897 1159 et
922 1107 1197 1159 caedendis
1227 1106 1468 1158 materiis
1495 1118 1798 1176 operatum,
1825 1109 2079 1166 turbave-

260 1197 338 1243 re,
367 1180 550 1231 occiso
580 1177 852 1231 Praefecto
879 1191 1179 1229 castrorum
1217 1189 1272 1230 et
1298 1178 1538 1246 quinque
1579 1178 1906 1248 primoribus
1934 1177 2080 1231 Cen-

262 1251 541 1301 turionum
625 1249 881 1317 aucisque
925 1248 1210 1300 militibus,
1286 1247 1469 1300 Ceteri
1515 1266 1572 1299 se
1610 1248 1959 1302 munimentis
1985 1249 2080 1302 de-

262 1319 503 1372 fendere.
632 1331 652 1370 t
678 1319 895 1370 interim
924 1318 1320 1370 Germanorum
1355 1336 1546 1371 manus
1574 1318 1908 1373 Batavoduri
1937 1337 2082 1372 rum-

179 1407 391 1462 21pere
421 1388 736 1442 inchoatum
765 1400 989 1461 pontem
1031 1389 1363 1442 nitebantur.
1436 1389 1776 1461 Ambiguum
1821 1390 2081 1463 proelium

260 1533 398 1583 spuria
425 1533 507 1571 haec
532 1531 655 1571 verba
680 1532 900 1583 judicabat.
957 1532 1041 1574 Qui
1073 1532 1146 1569 hoc
1200 1531 1286 1571 Liv.
1305 1536 1346 1579 4,
1363 1536 1430 1572 59.
1459 1543 1550 1571 cum
1577 1536 1694 1580 esset,
1711 1534 1915 1584 tripartito
1940 1533 1996 1572 ad
2019 1532 2085 1572 de·

259 1588 412 1632 nolent,
427 1587 637 1637 legendum
655 1587 857 1635 putabunt
887 1586 1147 1625 Gemzauiam.
1199 1587 1406 1625 vastandos
1419 1586 1526 1637 fines
1551 1588 1765 1634 discessere,
1781 1587 1967 1625 librafius
1984 1587 2086 1625 Vos-

259 1641 358 1679 Mox
371 1641 435 1679 D:
446 1641 621 1692 Alpinus
637 1639 841 1691 (Alpinius
853 1639 956 1678 Flor.
970 1644 1011 1676 et
1022 1638 1142 1690 Bud.)
1199 1639 1301 1677 siani
1335 1651 1396 1688 pr.
1431 1639 1525 1679 fecit
1558 1641 1794 1689 tripartitus,
1824 1641 1997 1680 referens
2032 1640 2084 1679 ad

258 1699 396 1734 omne‘s
410 1694 518 1741 libri,
535 1698 679 1744 praeter
693 1695 793 1744 Agr.
811 1694 855 1732 in
867 1705 946 1743 quo
961 1693 1041 1732 Dr.
1061 1693 1088 1731 i.
1106 1704 1143 1733 e.
1185 1693 1305 1742 fines.
1359 1694 1407 1732 In
1424 1693 1509 1731 loco
1524 1699 1618 1731 ante
1637 1694 1798 1732 laudato
1813 1694 1916 1734 alius
1933 1694 2084 1732 addidit

258 1749 430 1788 Drusus.
484 1749 595 1786 ERN.
1202 1748 1299 1786 loco.
1331 1746 1407 1796 Ap.
1426 1748 1621 1787 Caesarem
1638 1747 1668 1786 l.
1685 1759 1720 1786 c.
1739 1747 1782 1786 in
1798 1748 2044 1787 variantibus
2064 1759 2087 1786 c

321 1800 414 1840 Una
440 1803 505 1839 die
526 1801 664 1840 Civilis
685 1801 978 1853 quadripartita
1002 1801 1150 1838 invase-

259 1854 332 1905 rit]
366 1855 430 1894 Sic
458 1855 707 1893 scribendum
726 1866 747 1891 e
767 1855 851 1892 MS.
868 1855 962 1903 Agr.
991 1855 1150 1903 putavit

258 1909 444 1957 Ryckius.
498 1908 607 1950 Quia
618 1908 814 1946 consentit
832 1909 892 1944 ed.
909 1920 970 1958 pr.
987 1911 1026 1943 et
1045 1908 1149 1945 civi-

260 1963 312 2000 lis
338 1966 428 2010 post
455 1961 636 2013 quadiip.
665 1963 786 1999 etiam
811 1972 836 1998 a
852 1963 985 1999 Guelf.
1011 1961 1147 1998 abest:

260 2016 430 2064 denique
457 2015 500 2054 in
527 2016 661 2052 eodem
691 2016 821 2053 codice
839 2018 878 2051 et
894 2016 980 2052 edd.
1008 2015 1150 2052 ceteris

259 2073 354 2106 ante
386 2070 515 2107 Rhen.
551 2070 713 2107 modicis
755 2070 888 2106 villis.-
933 2069 972 2105 id
1007 2069 1150 2117 recepi.

260 2122 376 2161 Mss,
405 2123 511 2160 Flor.
533 2123 631 2159 [lud.
649 2122 736 2159 edd.
753 2123 881 2160 Rhen.
898 2133 982 2171 sqq.
1013 2133 1147 2160 omnes

260 2176 425 2214 modicis
443 2178 541 2213 vicis
557 2190 569 2211 :
599 2176 701 2225 quod
720 2179 857 2213 contra
874 2175 1065 2223 Ryckium
1081 2175 1148 2212 de-

260 2229 389 2267 fendit
416 2229 573 2278 quidem
599 2230 638 2266 J.
666 2230 905 2274 Gronovius,
933 2230 1000 2266 sed
1036 2229 1147 2266 nullo

260 2282 341 2320 alio
368 2286 616 2329 argumento,
645 2292 762 2329 quam
790 2283 1031 2329 antiquitate
1060 2282 1144 2320 MS.

258 2335 367 2372 Flor.
386 2347 475 2372 cum
490 2336 627 2373 multis
645 2335 734 2372 aliis
751 2335 846 2372 locis
866 2335 951 2382 ejus
967 2336 1145 2372 lectioni·

259 2386 337 2427 bus
363 2389 462 2425 alias
479 2388 710 2437 praetulerit.
763 2387 914 2425 Vellem
935 2388 1144 2434 docuisset,

260 2442 357 2491 quid
375 2446 476 2480 esset
489 2443 679 2491 proesidia
694 2442 857 2479 modicis
874 2443 971 2480 vic-125
987 2443 1148 2492 quadri·

254 2496 411 2545 partita
439 2499 480 2532 et
508 2507 595 2544 quae
621 2496 748 2546 forma
763 2495 964 2543 loquendi.
983 2507 1062 2532 non
1081 2507 1148 2532 ur-

258 2548 362 2597 gebo
392 2549 447 2594 id,
481 2550 585 2597 quod
614 2548 802 2596 Ryckius,
837 2549 982 2597 oppida
1010 2549 1147 2596 fuisse,

259 2613 342 2643 non
359 2603 529 2640 modicos
545 2602 647 2640 vicos
662 2615 671 2638 τ
701 2613 887 2650 quorsum
905 2607 947 2640 et
961 2614 1038 2651 quo
1056 2615 1148 2640 con-

260 2656 350 2694 silio
367 2657 543 2698 additum
573 2655 802 2705 putabimus
835 2658 997 2694 modicis
1013 2658 1110 2695 vicis
1124 2657 1145 2694 ἴ

259 2710 420 2755 Fateor,
454 2722 536 2747 una
580 2710 643 2747 die
675 2709 850 2758 potuisse
895 2710 1082 2758 intelligi,
1114 2711 1147 2747 si

260 2762 443 2811 abesset5
472 2764 539 2800 sed
574 2764 613 2799 id
642 2767 774 2802 tamen
794 2763 900 2800 valet
928 2764 978 2800 ad
1003 2764 1148 2802 clarius

259 2816 579 2865 perspiciendum
613 2817 926 2870 magnitudinem
962 2818 1147 2866 reliquia-

260 2881 351 2908 rum
369 2871 708 2916 Germanicarum,
722 2875 763 2908 et
774 2871 862 2908 aliis
880 2882 1034 2920 quoque
1050 2872 1146 2909 locis

259 2922 331 2960 bre
338 2925 436 2961 vitas
448 2925 637 2972 temporis
651 2924 784 2962 eodem
798 2925 961 2963 consilio
972 2925 1146 2971 additur,

259 2987 402 3026 nempe
420 2979 478 3015 rei
499 2978 688 3026 augendae
703 2989 854 3015 caussa.
892 2979 1075 3016 Ceterum
1094 2990 1145 3016 ne

261 3032 316 3067 sic
359 3032 515 3079 quidem
559 3031 686 3069 locum
730 3036 985 3080 persanatum
1031 3037 1144 3081 puto.

261 3083 548 3131 corrigendum
579 3083 741 3133 insuper
767 3086 1053 3136 quadripartito
1085 3088 1144 3124 in-

259 3138 428 3174 vaserit.-
463 3139 530 3185 qui
567 3139 705 3175 modus
739 3139 924 3187 loquendi
960 3140 1145 3188 frequens

260 3190 385 3227 Livio.
415 3202 450 3227 v.
478 3202 513 3227 c.
541 3196 608 3235 21,
629 3197 669 3237 7,
687 3192 825 3228 urbem
848 3195 1048 3242 tripartito
1075 3195 1146 3231 ad-

256 3244 451 3291 greditur.
481 3245 578 3281 Caes.
593 3245 641 3280 B.
659 3246 708 3281 G.
732 3251 768 3290 1,
788 3251 853 3283 25.
878 3248 998 3296 signa
1015 3248 1144 3296 bipar-

258 3297 331 3333 tito
349 3297 588 3334 intulerunt.-
617 3297 687 3333 ubi
705 3298 782 3335 vid.
798 3299 978 3337 Oudend.
999 3300 1143 3338 Obser-

258 3351 429 3390 vandum
447 3353 595 3395 autem,
610 3350 790 3388 librarios
808 3352 849 3387 in
867 3352 939 3388 hoc
953 3358 994 3389 et
1007 3354 1144 3391 simili-

257 3403 333 3440 bus
350 3403 479 3441 verbis
496 3404 608 3440 valde
632 3404 822 3452 proclives
838 3405 959 3441 fuisse
986 3407 1035 3442 ad
1062 3411 1143 3443 ter·

258 3457 514 3495 minationem
532 3459 778 3504 mutandam,
795 3461 843 3495 ut
861 3460 1040 3506 proximo
1051 3460 1143 3497 sub-

258 3511 432 3550 stantivo
466 3515 713 3562 congrueret.
777 3511 839 3550 sic
873 3523 939 3562 ap.
977 3513 1146 3552 eundem

1202 1799 1384 1850 pluribus
1410 1801 1521 1839 codd.
1551 1805 1734 1840 notatum
1761 1802 1806 1841 in
1821 1803 1999 1852 margine
2015 1802 2086 1839 ha·

1203 1854 1277 1892 beo
1295 1854 1498 1904 bipartita,
1518 1856 1621 1904 quod
1640 1854 1807 1894 debetur
1830 1855 1994 1896 librario
2018 1867 2088 1905 ge·

1202 1919 1278 1946 nus
1317 1908 1369 1945 ad
1406 1910 1527 1956 signa
1560 1909 1883 1948 accommodanti.
1937 1911 1991 1949 Et
2032 1910 2089 1949 sic

1204 1972 1306 2010 saepe
1337 1961 1556 2000 turbatum.
1614 1963 1707 2003 Quo
1741 1963 1873 2002 minna
1906 1964 2087 2003 dubitavi

1204 2015 1304 2053 hanc
1331 2016 1611 2053 correctionem
1642 2018 1684 2054 in
1711 2023 1865 2055 textum
1897 2018 2087 2067 recipere.

1205 2070 1389 2107 Ceterum
1425 2069 1467 2106 in
1508 2068 1593 2106 MS.
1634 2070 1766 2108 Guelf.
1797 2076 1858 2108 est
1894 2071 2088 2122 legionem

1201 2135 1256 2159 m.
1273 2135 1309 2159 υ.
1329 2123 1662 2173 quadripartita-m
1690 2124 1916 2163 innarenn!-
1973 2125 2085 2164 ERN.

1201 2176 1281 2214 Hic
1309 2175 1454 2213 iterum
1484 2177 1602 2214 lectio
1633 2177 1736 2214 Bud.
1766 2177 1869 2215 male
1903 2178 2088 2217 refertur.

1200 2230 1247 2266 ln
1281 2240 1328 2265 eo
1363 2229 1511 2278 legitur
1541 2231 1665 2268 modis
1690 2231 1834 2276 civilis,
1865 2231 1936 2268 ubi
1965 2231 2087 2270 dubio

1201 2283 1337 2331 procul
1370 2283 1496 2321 modis
1528 2287 1659 2321 ortum
1699 2295 1750 2322 ex
1785 2297 1862 2322 amo
1891 2286 1968 2329 dio.
1996 2290 2083 2324 tum

1201 2336 1337 2374 Civilis
1373 2337 1545 2386 egregie,
1579 2342 1626 2375 ut
1662 2339 1704 2375 in
1738 2338 1838 2387 Agr.
1867 2339 2084 2377 Rhenanus

1199 2389 1258 2426 nil
1287 2389 1352 2426 hic
1390 2390 1558 2435 notavit,
1593 2390 1659 2426 sed
1695 2401 1744 2430 ex
1780 2392 1940 2439 ingenio
1977 2392 2087 2430 dedit

1200 2442 1363 2480 modicis
1393 2444 1501 2480 vicis.
1554 2444 1674 2481 Porro
1706 2444 1812 2483 Bud.
1851 2446 2086 2495 quadripar-

1201 2497 1294 2533 tita.
1336 2497 1439 2534 Cum
1484 2498 1581 2534 Ern.
1627 2496 1780 2534 faciunt
1821 2498 1934 2535 Brot.
1981 2499 2084 2539 Lau.

1201 2549 1292 2597 Bip.
1335 2549 1432 2586 Mox
1468 2550 1509 2586 in
1546 2549 1653 2587 Bud.
1683 2553 1908 2603 Armaque,
1931 2552 2085 2591 omissis

1202 2602 1459 2640 intermediis.
1496 2603 1629 2649 Addo,
1646 2602 1689 2640 in
1705 2604 1810 2642 Bud.
1823 2616 1957 2644 vocem
1982 2604 2088 2645 Civi-

1201 2657 1253 2694 lis
1268 2661 1358 2704 post
1374 2656 1662 2706 quadripartita
1682 2668 1760 2696 non
1777 2658 1869 2707 legi.

1261 2711 1408 2756 Verus,
1425 2722 1458 2748 e.
1475 2723 1509 2747 c.
1526 2707 1704 2760 genitu-3⁸]
1754 2711 1802 2749 In
1820 2712 2004 2751 Bel-oaldi
2021 2713 2084 2753 ed.

1203 2768 1264 2800 est
1290 2776 1406 2802 vera.-
1438 2764 1544 2800 haud
1580 2764 1700 2800 dubie
1733 2776 1943 2812 operarum
1969 2767 2084 2813 vitio,

1198 2817 1315 2866 quod,
1334 2820 1380 2854 ut
1407 2816 1488 2854 alia
1509 2818 1754 2855 conservavit
1774 2820 1837 2857 ed.
1862 2819 1986 2859 Banu.
2008 2821 2083 2860 Al·

1197 2871 1307 2909 ciati.
1367 2871 1502 2913 Verus.-
1527 2872 1657 2913 Rhea.
1684 2873 1875 2913 restituit.
1899 2874 2010 2914 ERN.
2044 2875 2083 2915 Ε

1197 2924 1302 2963 Bud.

1251 2977 1302 3015 P.
1319 2990 1371 3015 m.
1406 2979 1534 3017 Cetera·
1549 2991 1590 3016 se
1605 2981 1855 3019 munimentis
1871 2979 1972 3031 defi]
1994 2981 2081 3020 MS.

1197 3031 1299 3069 Bud.
1317 3032 1402 3070 mie.
1431 3034 1636 3070 mineum
1651 3034 1729 3082 def.
1762 3035 1838 3072 Ed.
1855 3045 1917 3084 pr.
1943 3036 2079 3074 ceteris

1198 3086 1488 3123 imminentibus
1503 3086 1712 3134 defendere.
1752 3087 1861 3126 Ean.

1254 3140 1474 3188 ermpere
1486 3139 1587 3177 inclt.
1594 3146 1753 3188 pontem
1762 3138 1999 3191 nitebantur]
2013 3139 2078 3180 Ir-

1197 3204 1373 3242 rumpere
1391 3200 1550 3242 pontem
1566 3193 1678 3230 nihili
1697 3205 1794 3240 csse,
1805 3194 1931 3243 quivis
1950 3195 2077 3232 anim·

1196 3246 1387 3283 advertat.
1431 3247 1568 3294 Itaque
1594 3246 1797 3285 tentabam
1825 3247 2077 3297 abrumpere3

1197 3300 1304 3348 quod
1324 3300 1364 3337 in
1393 3299 1452 3335 ed.
1483 3310 1542 3347 pr.
1570 3299 1736 3347 aliisque
1765 3299 1877 3337 libris
1899 3302 2078 3351 antiquis

1197 3354 1342 3401 passim
1360 3352 1486 3399 reperi
1511 3365 1731 3402 arrumpere
1750 3365 1821 3402 pro
1838 3355 2077 3405 abrumpere,

1200 3410 1244 3444 ut.
1260 3416 1452 3444 assumere
1463 3416 1534 3454 pro
1551 3406 1745 3445 absume
1758 3410 1799 3444 et
1815 3407 1983 3446 similia:
2007 3409 2076 3447 ted

1197 3470 1283 3496 cum
1317 3469 1337 3493 e
1365 3458 1449 3495 MS.
1478 3460 1602 3496 Oxou.
1634 3471 1809 3509 rumpere
1839 3465 2023 3500 notatum
2048 3474 2074 3500 a

1195 3515 1237 3551 J.
1264 3513 1387 3552 Gron.
1416 3513 1661 3564 reperissem,
1686 3513 1727 3551 id
1755 3514 1936 3565 probavi,
1962 3526 2073 3555 secu·
