2190 3880
276 157 376 203 324
872 153 1465 207 HISTORIAR‘UM

146 302 200 343 A
218 303 273 342 U
286 279 605 334 continuum
642 299 737 338 sex
757 282 964 338 dierum
993 284 1094 338 ite'r
1132 286 1355 368 emensi,
1382 285 1638 358 septimo,
1661 284 1825 358 pulsis
1859 284 2081 338 cultori-

163 361 255 397 824
288 353 406 418 buS,
451 354 734 425 obtinuere
781 366 964 421 terraS,
996 357 1098 419 ,in
1120 358 1240 427 quis
1292 359 1415 410 urbs
1465 369 1519 410 et
1571 358 1832 428 templum
1882 357 2079 410 dicata.

150 412 204 510 Αἵ·
224 415 271 451 C·
285 423 492 490 Moses,
516 445 624 497 quo
660 423 763 479 sibi
803 429 858 480 in
901 439 1175 499 posterum
1203 440 1422 508 gentem
1465 429 1720 494 firmaiet,
1749 447 1918 483 novos
1946 427 2079 510 rit-us

186 470 268 576 ⁴¹4
284 498 689 571 contrariosque
704 500 895 552 ceteris
916 499 1232 555 mortalibus
1250 498 1463 552 indidit.
1493 499 1745 552 Profana
1753 494 1860 552 illic
1879 498 2080 577 omnia,

281 587 404 638 quae
432 572 575 641 apud
604 590 701 623 nos
731 589 913 623 sacra:
955 587 1161 621 rursum
1202 588 1459 622 concessa
1495 570 1638 640 apud
1671 570 1808 636 illos,
1833 589 1956 642 quae
1981 591 2080 626 no-

285 638 364 692 bis
406 642 628 706 incesta.
706 638 959 712 Effigiem
1006 639 1270 707 animam,
1317 661 1426 711 quo
1471 647 1803 701 monstrante
1849 660 2078 697 errorem

262 714 534 784 sitimque
561 712 895 783 depulerant,
927 712 1183 783 penetrali
1213 732 1397 766 saclas
1402 731 1520 767 ere
1556 733 1698 767 caeso
1725 714 1908 780 ariete,
1938 702 2083 768 velut

278 785 336 837 in
359 785 745 837 'contumeliam
782 783 1129 836 Hammonis,
1206 785 1316 838 Bos
1345 804 1561 856 quoque
1587 786 1896 850 inmolatur,
1922 789 2083 858 quem

279 856 533 927 AEgyptii
563 856 710 927 Apin
739 856 944 909 colunt.
1018 856 1125 908 Sue
1158 858 1450 924 abstinent,
1480 858 1740 910 memoria
1764 857 1949 924 cladiS,
1977 877 2084 930 qua

278 929 426 999 ipsos
454 928 660 980 scabies
688 929 962 999 quondam
982 940 1320 999 turpaverat,
1339 931 1427 982 cui
1457 930 1511 982 id
1538 929 1735 982 animal
1761 931 2084 983 obnoxium.

280 1000 525 1071 Longam
567 1000 695 1052 olim
734 1001 932 1053 famem
972 1000 1174 1053 crebris
1212 1001 1390 1053 adhuc
1433 1000 1974 1088 jejuniisg'atentur:

277 1085 550 1143 raptarum
590 1071 808 1144 frugum
850 1073 1230 1142 argumentum
1273 1073 1426 1152 panis
1469 1066 1750 1139 Judaicus,
1792 1071 1938 1126 nullo
1977 1073 2082 1127 fer·

263 1155 481 1211 ment0,
510 1115 723 1198 retinet.
797 1143 1019 1214 Septimo
1046 1143 1128 1197 die
1153 1145 1310 1209 otiam
1339 1144 1611 1227 placuisse,
1645 1142 1850 1198 ferunt.
1887 1145 2010 1216 quia
2041 1146 2085 1201 is

259 1215 425 1285 finem
451 1215 682 1268 laborum
715 1215 918 1269 tulerit.-
956 1216 1091 1283 dein,
1118 1206 1406 1270 blandiente
1442 1217 1646 1283 inertia,
1673 1217 1935 1288 septimum
1959 1235 2084 1289 quo-

316 1306 374 1340 ue
398 1306 589 1341 annum
625 1288 846 1359 ignavice
882 1287 1073 1341 datum.
1150 1287 1280 1354 Alii,
1306 1289 1540 1341 honorem
1577 1307 1688 1342 eum
1727 1287 1952 1341 Saturno
1989 1288 2084 1341 ha-

265 1308 428 1413 ieri.-
465 1378 550 1412 seu
571 1359 835 1430 p7incz‘pia
865 1359 1125 1441 religionis
1150 1360 1462 1415 tradentibus
1490 1360 1663 1425 Idaeis,
1691 1378 1812 1431 quos
1849 1379 1962 1414 cum
1988 1361 2085 1414 Sa-

277 1441 438 1485 tutuo
456 1430 632 1502 pulsos
667 1440 714 1485 et
743 1431 1020 1485 conditotes
1055 1433 1242 1504 gentis
1258 1433 1550 1504 accepimus,
1588 1451 1673 1486 sea
1699 1432 1835 1504 quod
1857 1450 1882 1485 e
1905 1441 2086 1504 septem

1206 1603 1282 1630 nus
1299 1591 1464 1630 ducibus
1483 1591 1604 1630 asinis
1621 1595 1671 1630 et
1669 1590 1726 1630 ab
1746 1583 1876 1641 errore
1893 1594 1934 1630 et
1950 1591 2001 1629 ab
2020 1591 2086 1630 siti

1207 1647 1365 1684 liberati
1385 1648 1580 1687 dicantur.
1615 1645 1743 1685 ERN.
1769 1635 1857 1694 Est,
1872 1648 1945 1696 qui
1962 1660 2089 1697 oegrv-

1207 1714 1289 1740 rem
1304 1702 1415 1748 velit,
1433 1705 1532 1739 teste
1549 1701 1738 1739 Acidalio.

271 1589 366 1629 Ber.
383 1590 547 1641 aliisque
565 1594 661 1630 tett.
687 1587 767 1630 non
785 1603 949 1639 comma,
968 1592 1074 1630 utin
1092 1604 1152 1629 re-

272 1698 400 1738 alibi
391 1713 432 1738 in
456 1701 529 1738 hac
555 1701 680 1739 forma
706 1713 851 1741 narran
963 1702 1022 1739 dit
1088 1702 1155 1739 In-

2026 1015 2172 1075 et,

207 1647 210 1650 ⁴
266 1646 528 1699 ‚centioribuffi
517 1646 1035 1794 ,intelligendumfflmss
1050 1646 1153 1696 quod

273 1755 370 1820 ,cipit
391 1756 494 1792 enim
511 1755 649 1793 deinde
677 1768 777 1794 nova
793 1769 863 1795 sen
882 1757 990 1794 entia
1059 1757 1156 1794 Mox

266 1810 317 1857 ¹in
347 1812 433 1860 quis
460 1809 544 1848 MS.
565 1811 671 1848 Flor.
688 1812 748 1848 ed.
763 1823 836 1863 pr.
890 1812 1039 1849 Eadem
1069 1814 1157 1860 post

273 1862 454 1902 dedicata
481 1871 596 1904 sunt:
642 1865 726 1905 Sed
745 1872 835 1903 sunt
863 1865 976 1904 abest
993 1877 1018 1902 a
1042 1865 1156 1903 MSS.

266 1915 380 1957 Flor.
398 1921 439 1956 et
462 1919 562 1969 Agr.
581 1920 684 1970 quod
701 1919 920 1969 elegantius
950 1923 1023 1958 est.
1077 1921 1159 1958 Ita-

275 1985 352 2029 que
369 1972 507 2013 delevi.
566 1972 676 2012 ERN.
729 1974 832 2012 Bud.
850 1977 893 2014 iu
910 1975 1159 2026 quibus—di-

274 2034 364 2067 cata
380 2034 483 2066 sunt.
536 2028 650 2071 Prius
668 2024 785 2077 male,
803 2031 1033 2068 continuere.

333 2081 670 2133 Ritus-indidit]
732 2084 938 2133 Imposuit,
986 2084 1162 2134 praescri-

272 2138 367 2186 psit.
424 2137 485 2175 Sic
514 2141 555 2175 et
587 2137 683 2174 alibi
717 2139 763 2175 de
790 2139 944 2187 legibus
970 2138 1161 2188 loquitur.

272 2188 371 2229 Mox
398 2192 547 2229 frustra
569 2190 771 2230 Acidalius
798 2205 868 2243 pro
889 2194 975 2231 illic
1002 2193 1159 2231 velebat

273 2247 368 2284 illis.
423 2247 524 2283 Nam
544 2247 630 2286 illic
645 2259 716 2295 pro
735 2248 845 2297 apud
868 2249 957 2285 illos
974 2247 1075 2285 dixit
1092 2259 1160 2285 va-

274 2301 422 2338 riandae
439 2297 628 2339 orationis
645 2313 796 2340 caussa.
837 2301 899 2339 Sic
915 2302 1048 2351 paullo
1062 2304 1156 2339 ante

272 2355 455 2406 'utrinque
482 2367 554 2404 pro
586 2356 634 2392 ab
664 2357 851 2407 utrisque,
869 2359 911 2394 et
936 2356 1039 2394 infra
1063 2367 1097 2394 c.
1117 2360 1156 2394 5.

274 2408 371 2446 illuc
388 2421 460 2458 pro
476 2411 531 2448 ad
544 2410 644 2448 illos.
699 2411 808 2449 ERN.

322 2463 522 2526 ‘Effigiem
557 2463 757 2514 animalis]
821 2462 910 2502 Hoc
942 2464 989 2502 de
1023 2463 1153 2518 capite

273 2517 375 2555 asini
423 2530 564 2567 magno
603 2530 795 2557 consensu
834 2531 968 2556 omnes
1004 2523 1155 2557 veteres

271 2572 551 2610 tradiderunt:
582 2585 631 2610 ne
647 2570 852 2623 tantopere
873 2577 1005 2611 noster
1024 2573 1156 2624 culpe-

271 2630 356 2674 tur,
375 2631 577 2676 tamquam
598 2628 884 2666 mendaciorum
904 2629 1153 2678 plenissimus

271 2677 451 2731 scriptor.
506 2683 560 2720 Et
587 2694 679 2719 sane
717 2682 873 2728 Strabo,
902 2682 1154 2729 Plutarchus,

271 2737 521 2775 Democritus
541 2737 645 2786 apud
664 2737 823 2774 Suidam
853 2736 978 2775 multo
1003 2732 1153 2785 majora

272 2790 413 2828 deliria
443 2791 662 2829 delirarunt
689 2796 826 2828 contra
853 2796 1011 2840 gentem
1039 2795 1080 2829 et
1106 2791 1154 2828 li-

270 2844 365 2895 bros
385 2858 525 2884 sacros.
571 2848 685 2887 Lirs,
739 2845 847 2887 Quid
863 2846 991 2884 locum
1011 2845 1154 2884 fabulae

274 2900 440 2946 dederit,
459 2901 669 2950 quaesivere
687 2899 821 2949 steph.
879 2897 1065 2938 Morinus'
1089 2912 1156 2950 pe-

273 2955 411 3005 culiari
431 2956 697 3004 disputatione
718 2954 775 3007 (in
789 2955 874 3003 ejus
888 2956 994 2992 Diss.
1008 2959 1094 2992 octo
1116 2961 1155 2993 8.

272 3010 376 3046 Gen.
402 3012 516 3048 1683.
534 3022 574 3058 p.
599 3008 719 3059 157.).
755 3007 993 3047 ⁴Bochartus
1011 3009 1154 3047 Hiero-

273 3063 371 3099 zoic.
405 3069 440 3108 l,
469 3070 509 3109 2,
544 3069 607 3100 18.
635 3065 684 3101 T.
713 3062 838 3100 Faber
865 3065 966 3112 Epp.
990 3069 1027 3109 1,
1047 3061 1085 3100 6.
1114 3067 1155 3101 et

271 3116 354 3154 alii.
410 3118 458 3154 In
477 3118 675 3154 nonnullis
689 3117 772 3155 edd.
790 3118 1090 3164 recentioribus,
1109 3122 1156 3155 ut

272 3171 576 3216 Gronovioruni,
594 3173 752 3220 irrepsit
769 3172 926 3221 effigies.
970 3173 1079 3210 ERN.

277 3228 282 3233 '
330 3225 518 3262 Errorem
552 3197 748 3275 ιιίιίὶηιιμιε]
803 3227 990 3263 Errorem
1023 3237 1158 3274 suspe-

277 3283 385 3316 ctum
405 3284 464 3315 est
492 3280 589 3316 viris
621 3280 758 3324 ἀοιῐὶε,
778 3279 956 3317 Acidalio
984 3284 1025 3317 et
1051 3281 1155 3326 aliis,

278 3333 373 3383 quia
387 3333 509 3370 asinis
528 3333 721 3370 iudicibus
739 3332 844 3368 sitim
858 3334 1062 3382 dcpulcre,
1075 3347 1155 3371 non

277 3399 462 3425 errorem.
514 3385 550 3424 Γ
554 3387 728 3424 ιιὶΙιτιιιιι
747 3386 910 3424 verbum
941 3387 978 3423 id
996 3391 1155 3424 teutan-

277 3447 361 3479 tem
386 3440 531 3479 r‘efellit
556 3442 708 3479 Elsner.
737 3440 871 3479 Sched.
901 3441 1001 3479 Crit.
1028 3453 1067 3489 p.
1090 3447 1153 3478 80.

278 3496 448 3545 Nempe,
475 3497 637 3533 inventa
663 3497 703 3533 in
728 3495 891 3533 desertis
915 3495 1007 3532 locis
1035 3506 1152 3544 aqua,

278 3563 384 3597 cum,
417 3551 551 3598 paucis
580 3550 717 3587 diebus
746 3553 835 3599 post
864 3549 1010 3586 domiui
1039 3554 1154 3588 terrae

278 3604 394 3643 cultae
421 3605 515 3643 facti
540 3605 635 3652 sint,
653 3604 754 3644 nihil
782 3604 960 3655 impedit,
978 3603 1055 3655 quo
1081 3604 1155 3646 mi·

1269 1757 1374 1794 Coeso
1392 1757 1510 1794 ariete
1525 1755 1612 1806 etc-J
1653 1757 1714 1793 De
1732 1755 1793 1792 his
1809 1754 2088 1801 commentitiis

1209 1811 1360 1849 rituum
1397 1811 1543 1847 caussis
1587 1810 1834 1860 disputavere
1869 1810 2090 1848 Bcchartus
2158 1813 2162 1817 '

1205 1877 1330 1916 opere
1356 1865 1515 1903 laudato
1552 1869 1589 1911 1,
1618 1870 1658 1911 2,
1685 1869 1751 1903 50.
1781 1867 1822 1902 et
1849 1863 1930 1902 alii.
1985 1863 2090 1902 Illud

1212 1921 1393 1959 universe
1419 1920 1657 1957 mouendum
1684 1919 1856 1965 videtur,
1873 1918 1946 1956 hoc
1962 1930 2092 1956 exem-

1212 1976 1280 2025 plo
1302 1980 1452 2025 patere,
1471 1986 1566 2025 quas
1591 1975 1760 2024 ineptias
1788 1973 2004 2025 proferant,
2023 1974 2093 2022 qui

1211 2030 1365 2068 rituum
1388 2029 1634 2077 aliarumque,
1657 2028 1797 2066 talium
1818 2039 1968 2075 rerum,
1986 2028 2092 2066 arbi-

1214 2085 1293 2123 trio
1323 2085 1404 2122 sive
1435 2083 1581 2121 Divino
1609 2085 1690 2120 sive
1719 2083 1892 2120 humano
1921 2082 2092 2120 sancita·

1216 2151 1320 2186 rum,
1337 2149 1492 2176 caussas
1520 2138 1677 2186 ingenio
1703 2138 1876 2187 reperire
1897 2141 2092 2175 conantur

1213 2196 1360 2244 potius,
1381 2204 1497 2246 quam
1516 2203 1538 2246 e
1555 2191 1820 2230 monumentis
1846 2192 2030 2240 genuinis
2049 2196 2092 2230 et

1212 2248 1362 2286 idoneis
1398 2258 1551 2285 eruere.
1605 2247 1666 2285 Ea
1699 2245 1771 2284 ubi
1801 2241 1958 2293 desunt,
1988 2246 2090 2284 nihil

1208 2303 1458 2348 tentandum,
1478 2301 1511 2339 si
1538 2300 1705 2338 delirare
1728 2301 1842 2338 nolis.
1896 2300 2030 2350 Atque
2049 2300 2091 2339 id

1209 2358 1371 2397 Tacitus
1407 2357 1490 2405 ipse
1523 2356 1679 2392 videtur
1710 2355 1968 2401 intellexisse,
1998 2367 2089 2392 cum

1210 2411 1350 2449 addat:
1380 2411 1423 2448 ln·
1439 2412 1540 2448 ritus
1557 2422 1705 2472 quoquo
1731 2409 1842 2447 modo
1866 2408 2032 2456 inducti,
2049 2414 2091 2447 et

1206 2470 1373 2505 tantum
1408 2468 1539 2516 partes
1575 2465 1700 2514 egisse
1743 2463 1957 2510 narrantis,
1993 2465 2089 2512 quid

1209 2521 1416 2572 scriptores
1428 2518 1665 2557 tradiderint
1676 2517 1806 2567 vulgo.
1835 2517 1944 2555 ERN.
1984 2518 2090 2556 Illud

1210 2576 1257 2614 de
1283 2576 1405 2613 ariete
1433 2576 1583 2622 spectat
1609 2572 1658 2610 ad
1689 2571 1744 2618 id,
1772 2571 1877 2620 quod
1905 2571 2090 2621 frequens

1208 2642 1279 2680 pro
1298 2629 1465 2677 peccatis
1487 2626 1623 2676 populi
1642 2625 1880 2664 immolatus.

1266 2685 1354 2730 Qua
1383 2684 1487 2732 ipsos
1517 2681 1676 2732 scabies]
1728 2681 1818 2727 Qua
1854 2679 1939 2718 MS.
1980 2679 2087 2719 Flor.

1210 2735 1343 2790 (Bud.)
1366 2737 1450 2775 edd.
1467 2741 1634 2783 veteres,
1651 2740 1794 2784 praeter
1812 2735 2091 2784 primam,om

1208 2805 1276 2830 nes
1295 2797 1388 2829 ante
1404 2791 1596 2840 Lipsium,
1614 2802 1709 2840 quas
1731 2790 1823 2828 vidi.
1856 2789 1941 2828 MS.
1958 2789 2090 2828 Guelf.

1207 2859 1232 2884 a
1250 2859 1310 2896 pr.
1330 2857 1450 2883 manu
1465 2844 1607 2883 habuit
1624 2857 1757 2895 qua-m,
1773 2843 1877 2883 unde
1895 2855 1972 2883 sec.
1992 2843 2088 2882 fecit

1210 2901 1325 2952 quod,
1351 2904 1398 2938 ut
1422 2905 1482 2937 est
1511 2900 1553 2936 iu
1585 2900 1644 2936 ed.
1672 2911 1732 2948 pr.
1780 2900 1929 2936 Caussa
1958 2903 2016 2935 cst
2045 2898 2090 2936 in

1210 2955 1340 2994 verbis
1357 2955 1542 2998 memoria
1564 2954 1716 2992 cladis.-
1745 2964 1793 2990 ea
1810 2952 1936 2990 clades
1961 2951 2087 3001 qualis

1208 3010 1345 3056 fuerit,
1363 3009 1501 3047 deinde
1520 3008 1753 3056 explicatur,
1773 3006 1877 3056 quod
1896 3006 2087 3044 desiderat

1208 3077 1299 3115 qua.
1344 3065 1482 3113 Itaque
1497 3063 1756 3100 restituimus.
1802 3061 1940 3099 Clades
1953 3065 2088 3098 autem

1210 3130 1289 3156 non
1317 3115 1570 3168 intelligenda
1589 3117 1635 3154 de
1661 3115 1886 3165 expulsione
1902 3126 1952 3151 ex
1968 3115 2089 3164 AEgy-

1210 3176 1295 3223 pto,
1314 3173 1381 3210 sed
1397 3172 1444 3210 de
1461 3171 1608 3209 morbo.
1650 3171 1758 3209 ERN.
1812 3169 1902 3217 Bip.
1931 3169 2087 3207 malunt

1236 3241 1317 3265 uza-

1210 3241 1232 3277 q
1265 3279 1522 3318 Trudentibus
1537 3277 1674 3328 Idoeis]
1698 3278 1782 3316 MS.
1801 3275 1931 3316 Guelf.
1949 3275 2085 3329 (Eud.)

1209 3334 1294 3372 cdd.
1339 3344 1473 3371 omnes
1517 3335 1610 3369 ante
1654 3333 1848 3381 Lipsium.
1902 3330 2087 3369 Judaeis:

1208 3387 1322 3426 male.
1350 3399 1440 3424 mox
1459 3386 1542 3425 MS.
1567 3386 1697 3424 Guelf.
1725 3386 1811 3423 edd.
1838 3389 1932 3423 ante
1958 3386 2091 3428 Rhen.

1209 3441 1254 3479 dc
1275 3447 1417 3492 septem
1442 3441 1516 3479 sid.
1559 3441 1667 3479 ERN.
1720 3440 1849 3478 Rhen.
1876 3453 1896 3478 e
1912 3451 1961 3478 ex
1978 3441 2089 3488 inge-

1208 3496 1288 3542 nio,
1322 3507 1414 3533 nam
1448 3496 1553 3535 Bud.
1595 3495 1654 3532 de.
1710 3497 1895 3532 Ceterum
1930 3494 2092 3543 cognito

1207 3552 1313 3587 nuuc
1332 3554 1448 3587 aucto
1467 3551 1715 3588 planetarum
1743 3561 1908 3588 numero
1936 3548 2087 3588 somnia

1207 3604 1349 3651 multa,
1365 3605 1450 3644 istis
1466 3604 1582 3652 fulta,
1599 3614 1806 3644 evanuere.
