2190 3880
624 185 785 235 LIB.
821 184 863 234 Ι.
919 184 1089 234 CAP.
1149 188 1324 240 14,15.
1813 186 1872 231 21

75 321 307 388 gressus,
340 332 443 368 nec
481 312 682 385 segniS,
707 312 780 378 e't,
805 310 979 365 donec
1019 305 1218 364 bellum
1257 302 1380 375 fuit,
1418 309 1558 362 inter
1583 321 1939 381 praesentesA.
1961 321 2014 361 U.

75 386 556 459 splendidissimus,
584 402 734 455 spem
761 384 1089 454 adoptioniS,
1117 382 1297 435 statim
1328 392 1670 453 conceptam,
1697 384 1871 434 acrius
1888 377 1998 464 1523·

72 459 132 513 in
147 459 261 511 dies
283 458 526 528 rapiebat
547 477 560 509 :
598 455 906 508 faventibus
931 456 1196 526 plerisque
1213 453 1462 518 militum,
1484 472 1652 524 prona
1679 454 1731 504 in
1749 472 1872 504 eum
1915 456 2005 523 7‘0.'

74 530 198 583 aula
225 529 476 593 Neronia,
505 540 564 580 ut
599 527 846 579 similem.
898 526 1004 578 Sed
1033 526 1228 590 Galba,
1257 537 1378 596 post
1405 526 1622 577 nuntios
1647 524 1872 577 Germa·
1898 543 1959 589 14

27 616 30 618 ’
73 602 214 658 nicae
257 599 554 664 seditionis,
579 613 905 669 quamquam
943 597 1078 650 nihil
1105 597 1374 652 adhucde
1401 596 1621 648 Vitellio
1647 609 1872 659 certum,

72 671 269 726 auxius
288 689 522 742 quonam
539 670 874 722 exercituum
900 669 979 720 vis
993 681 1315 739 erumperet,
1341 685 1407 720 ne
1434 668 1640 720 urbano
1656 667 1875 737 quidem

73 744 237 796 militi
277 743 530 806 confisuS,
580 741 726 811 quod
768 738 1061 793 remedium
1104 741 1321 792 unicum
1367 740 1603 803 rebatur,
1651 739 1875 791 comitia

73 814 298 886 Imperii
325 812 607 885 transigit:
646 811 1017 882 adhibitoque,
1045 829 1203 882 super
1229 811 1451 864 Vinium
1490 829 1552 863 ac
1582 811 1873 874 Laconem,

0 907 3 910 ⁴
73 884 259 943 Mario
302 885 480 949 CelsO,
532 882 769 936 Consule
816 883 1118 954 designate,
1165 901 1228 934 ac
1280 882 1568 936 Dueennio
1616 881 1873 946 GeminO,

71 956 348 1022 -Praefecto
410 956 576 1021 urbiS,
625 973 797 1026 pauca
851 954 1109 1026 praefatus
1163 954 1224 1006 de
1275 972 1366 1006 sua
1405 961 1660 1018 senectute,
1716 951 1870 1006 Piso-

73 1046 184 1082 nem
213 1028 543 1082 Licinianum
593 1025 772 1078 arcessi
800 1025 998 1095 jubet;
1053 1044 1144 1078 seu
1189 1026 1405 1096 propria
1423 1025 1709 1089 electione,
1738 1025 1870 1089 sive,

74 1106 136 1155 ut
160 1100 379 1171 quidam
420 1099 780 1162 crediderunt,
823 1097 1037 1149 Lacone
1071 1098 1323 1161 instante,
1350 1098 1437 1149 cui
1478 1098 1622 1167 apud
1666 1097 1870 1149 Rubel-

0 1220 4 1221 7
72 1171 205 1224 lium
234 1169 487 1224 Plautum
509 1169 749 1222 exercita
771 1186 893 1220 cum
928 1168 1126 1220 Pisone
1151 1168 1420 1222 amicitia:
1460 1169 1552 1221 sed
1578 1168 1785 1232 callide,
1812 1181 1871 1220 ut

71 1243 344 1314 ignotum,
370 1242 620 1295 fovebat:
659 1253 713 1291 et
743 1257 996 1310 prospe-ra
1022 1240 1088 1291 de
1110 1238 1308 1292 Pisone
1336 1239 1479 1292 fama
1501 1239 1727 1293 consilio
1751 1239 1867 1309 ejus

74 1315 237 1367 fidem
275 1313 570 1367 addiderat.
644 1311 792 1376 Piso,
834 1310 919 1363 M.
973 1310 1169 1364 Crasso
1214 1323 1271 1363 et
1311 1311 1596 1365 Scribonia
1634 1312 1870 1382 genituS,

73 1385 271 1438 nobilis
308 1386 593 1455 utrimque,
637 1382 785 1434 vultu
832 1381 1130 1452 habituque
1170 1383 1333 1435 moris
1379 1384 1606 1453 antiqui,
1634 1395 1688 1434 et
1723 1384 1870 1435 aesti-

72 1457 311 1510 ulatione
336 1467 482 1508 recta
507 1454 739 1518 severus-³,
766 1454 999 1506 deterius
1039 1455 1516 1525 interpretantibus
1542 1455 1746 1506 tristior
1773 1454 1869 1506 ha-

73 1529 319 1581 bebatur.
344 1546 420 1579 ea
456 1545 575 1598 pars
602 1543 810 1577 morum
848 1525 984 1595 ejuS,
1011 1544 1119 1595 quo
1157 1527 1458 1597 suspectior
1485 1525 1747 1589 sollieitiS,
1773 1527 1866 1578 ad-

72 1600 284 1670 optanti
312 1599 576 1670 placebat.
651 1596 830 1667 Igitur
859 1597 1054 1663 Galba,
1081 1598 1414 1667 adprehensa
1446 1597 1658 1650 Pisonis
1684 1615 1864 1662 manu,
1888 1604 1947 1651 15

72 1672 129 1723 in
177 1666 320 1724 hunc
361 1672 578 1723 modum
609 1669 817 1721 locutus
845 1668 1042 1722 fertur:
1107 1667 1167 1720 Si
1204 1678 1251 1721 te
1266 1668 1504 1739 privatus
1541 1668 1645 1740 lege
1668 1669 1867 1721 curiata

72 1741 211 1812 apvcd
236 1740 527 1810 Pontifices,
551 1749 606 1794 ut
627 1739 777 1792 moris
802 1747 888 1806 est,
915 1740 1222 1811 adoptarem,
1247 1749 1294 1794 et
1327 1738 1454 1792 mihi
1478 1754 1729 1812 egregwm
1759 1750 1866 1792 erat

123 1919 327 1959 Ducem&
344 1917 518 1969 Gemino]
539 1915 610 1957 me
627 1922 702 1964 est,
716 1918 764 1969 de
777 1929 855 1967 quo
873 1922 937 1963 15,

73 1973 137 2014 18.
165 1974 284 2023 legis:
313 1974 429 2011 Exin
457 1974 563 2011 Nero
592 1979 669 2010 trec
695 1972 937 2017 Cozwularec,

69 2029 122 2073 L.
175 2028 370 2074 Pisonem.
419 2029 669 2066 Damnatum
723 2027 937 2072 Geminum,

70 2083 298 2132 Pompeium
309 2083 546 2120 Pauus-num
568 2081 822 2129 vectigalibus
836 2092 940 2129 pree-

66 2139 211 2186 ponoe‘t.
258 2137 372 2175 Lm.
408 2136 469 2174 De
499 2135 628 2174 Mario
661 2135 773 2173 Celso
807 2147 844 2172 v.
875 2138 940 2181 15,

992 1917 1083 1965 legi,
1115 1916 1281 1970 Κράσσου
1309 1917 1374 1955 καὶ
1408 1915 1591 1969 Κριτῖωνος
1622 1916 1792 1970 ’ἔγγονοςε
1828 1922 1869 1956 et

991 1983 1039 2008 ex
1059 1977 1190 2009 nostro
1207 1971 1488 2020 corrigendum.
1517 1974 1627 2010 Lus.
1655 1974 1716 2010 De
1741 1985 1867 2009 corre-

991 2026 1118 2062 ctione
1129 2027 1327 2063 Plutarchi
1339 2027 1486 2065 frustra
1497 2026 1721 2076 obloquitur
1735 2028 1866 2076 Lipsio

994 2081 1179 2127 Ryckius,
1213 2081 1315 2128 quod
1359 2082 1589 2118 Plutarchus
1623 2085 1808 2131 utrosque
1841 2094 1866 2118 a

993 2135 1149 2172 Nerone
1178 2134 1352 2172 sublatos
1379 2135 1496 2181 dicat,
1527 2147 1616 2172 cum
1644 2136 1789 2172 Seneca
1823 2137 1864 2173 in

71 2195 135 2228 25.

120 2243 449 2294 Acemoijubet,
472 2255 537 2280 seu
549 2243 712 2292 propria
727 2242 940 2288 dilectione,

67 2300 147 2339 cicc
173 2305 219 2336 ut
247 2299 406 2348 quidam
432 2296 692 2347 tradiderunt]
729 2297 845 2345 Lege,
877 2309 941 2334 ar-

68 2354 175 2393 cessi.
203 2353 341 2391 Gnosi.
360 2353 493 2391 Recte.
510 2352 572 2389 Sic
589 2355 629 2388 et
645 2355 865 2388 correxerat
882 2352 942 2388 vir

67 2407 203 2444 doctus
220 2407 262 2443 in
290 2407 351 2443 ed.
380 2405 525 2454 Gryph.
556 2409 594 2442 et
620 2405 802 2443 convenit
826 2406 940 2442 hodie

67 2462 162 2499 eatis
195 2472 386 2499 accersere
400 2471 494 2496 -esse
519 2470 651 2497 vocem
679 2459 808 2505 nihili,
833 2459 941 2496 debi-

67 2518 150 2559 tam
166 2515 330 2553 inscitiae
341 2513 604 2558 librariorum,
619 2513 687 2563 qui
698 2524 782 2550 eam
800 2514 940 2551 millies

68 2568 187 2607 verbo
209 2579 394 2606 accessere
428 2567 730 2609 substituerunt.
773 2568 937 2616 ltaque,

69 2626 117 2662 ut
131 2622 219 2660 aliis
235 2622 329 2660 locis
344 2622 549 2672 permultis
566 2622 712 2660 factum
727 2626 787 2659 est
802 2633 828 2658 a
844 2623 937 2659 viris

68 2677 206 2723 doctis,
239 2676 341 2713 movi
369 2675 452 2714 loco
482 2687 613 2713 vocem
642 2678 829 2727 ineptam,
865 2677 939 2712 etsi

68 2741 202 2768 omnes
216 2729 308 2767 libri
321 2733 364 2767 et
387 2742 461 2767 scr.
478 2733 518 2767 et
535 2731 620 2771 edd.
636 2731 680 2767 in
702 2742 749 2766 ea
775 2741 934 2767 consen-

67 2785 187 2823 tiunt.
216 2783 264 2822 V.
292 2795 387 2832 quos
413 2784 547 2822 laudat
570 2784 768 2822 Drakenb.
784 2784 833 2820 ad
851 2784 935 2821 Liv.

69 2837 110 2884 2,
131 2843 192 2879 19.
218 2839 285 2886 qui
303 2842 343 2875 et
357 2838 444 2875 aliis
469 2837 563 2874 locis
578 2838 627 2874 ad
645 2839 799 2875 Livium
825 2838 872 2874 de
889 2849 936 2874 eo

66 2892 186 2937 verbo
202 2893 294 2942 egit.
321 2895 363 2929 et
376 2904 444 2929 nos
460 2892 563 2929 infra
573 2892 622 2928 ad
634 2903 667 2928 c.
684 2898 751 2930 31.
807 2891 937 2928 Credi-

68 2947 206 2987 domm
237 2956 261 2982 e
291 2946 396 2984 Flor.
441 2946 589 2993 recepit
631 2946 936 2984 Freinshemius.

70 2999 148 3054 (Sic
175 3003 218 3038 et
242 2998 360 3050 Bud.)
407 3001 535 3038 ceteri
563 2999 654 3036 libri
683 3000 937 3037 tradiderunt.

0 3082 2 3092 i
66 3054 174 3096 ΜΝ.
211 3054 320 3102 Lips.
350 3054 455 3091 Pich.
483 3054 553 3091 alii
580 3054 791 3092 dilectione.
832 3053 935 3092 Flor.

0 3104 3 3121 ²
66 3107 169 3147 Bnd.
185 3108 245 3146 ed.
259 3108 412 3146 Puteal.
431 3109 620 3146 electione.

49 3189 54 3194 .
82 3191 86 3198 .
116 3162 215 3200 -Ρίευ
231 3163 292 3201 M.
321 3164 459 3200 Crasso
482 3169 519 3200 et
541 3159 742 3199 Scribonia
755 3159 929 3210 genitus]

3 3223 4 3228 ’
66 3216 168 3255 Puto
194 3215 262 3254 illo
289 3217 348 3253 M.
371 3217 508 3253 crasso
534 3215 669 3263 Frugi,
692 3216 759 3263 qui
789 3214 936 3251 Consul

65 3269 145 3312 fuit
161 3281 253 3308 cum
279 3271 325 3307 C.
345 3271 511 3307 Leeanio
536 3270 659 3306 Basso
682 3280 718 3304 a.
739 3272 829 3306 816.
858 3268 931 3305 sub

66 3322 234 3363 Nerone.
261 3323 329 3372 qui
346 3324 429 3372 ipse
455 3335 476 3360 e
495 3322 716 3372 Calpurniis
737 3323 871 3370 Frugi,
889 3323 933 3359 in

0 3403 1 3426 l
67 3375 255 3415 hominm
280 3382 435 3426 gentem
464 3377 669 3426 adoptione
687 3376 859 3422 transiit,
885 3380 932 3413 ut

65 3441 116 3466 ex
132 3431 356 3479 cognomine
383 3435 567 3479 apparet:
597 3431 699 3468 sicut
715 3431 777 3466 hic
799 3433 931 3467 noster

65 3485 209 3521 iterum
243 3496 264 3520 e
295 3485 456 3523 Liciniis
487 3485 536 3522 ad
569 3484 800 3532 calpurnius
841 3484 927 3521 ivit.

65 3537 182 3578 Quod
198 3541 329 3575 autem
358 3539 403 3575 de
422 3538 623 3576 Scribonia
649 3538 776 3574 addit:
807 3548 854 3574 ex
884 3550 929 3575 eo

7 3599 9 3603 ·
63 3590 170 3635 vides
188 3603 389 3643 perperam
407 3593 447 3630 in
463 3592 661 3632 Plutarchi
674 3591 798 3630 Galba
815 3603 847 3631 c.
864 3596 930 3632 23.

994 2188 1155 2237 Apocol.
1174 2201 1198 2226 a
1224 2189 1386 2226 Claudio
1415 2189 1588 2227 sublatos
1617 2191 1760 2228 tradat.
1818 2191 1865 2227 In

993 2243 1151 2279 nomine
1178 2245 1429 2291 Imperatoris
1469 2244 1674 2281 dissentire
1703 2245 1866 2293 scripto-

994 2308 1055 2334 res
1084 2308 1162 2334 non
1180 2298 1338 2344 mirum,
1356 2310 1476 2347 quum
1495 2299 1536 2334 in
1552 2298 1763 2345 majoribus
1789 2299 1865 2335 dis-

995 2351 1178 2388 sentiant.
1233 2353 1285 2403 Et
1315 2352 1468 2389 Senecae
1506 2353 1569 2388 hic
1600 2353 1705 2389 haud
1747 2353 1865 2390 dubie

993 2406 1116 2452 major
1139 2406 1245 2442 fides.
1301 2407 1404 2443 Idem
1435 2407 1603 2453 Ryckius
1632 2407 1782 2444 mavult
1806 2408 1866 2443 in-

992 2460 1167 2508 telligere
1197 2461 1397 2506 Crassum,
1416 2460 1485 2509 qui
1514 2473 1552 2498 a.
1584 2467 1676 2500 780.
1697 2473 1785 2498 cum
1803 2463 1867 2498 Pi-

995 2526 1086 2550 sone
1103 2514 1248 2551 Consul
1266 2513 1357 2561 fuit,
1372 2515 1534 2552 fratrem
1558 2518 1691 2552 autem
1715 2516 1865 2552 Pisonis

991 2571 1119 2615 putat..
1153 2579 1267 2616 quem
1298 2569 1455 2618 Lipsius
1487 2573 1638 2616 patrem
1669 2570 1864 2606 credebat.

990 2622 1137 2659 Verum
1167 2626 1288 2671 puto:
1321 2627 1361 2660 et
1392 2623 1447 2660 sic
1472 2623 1556 2669 jam
1585 2625 1786 2671 Rupertus
1813 2624 1865 2663 ad

992 2676 1146 2713 Reines.
1165 2688 1202 2724 p.
1226 2680 1317 2715 679.
1342 2678 1448 2715 ERN.
1476 2686 1516 2713 et
1535 2689 1572 2724 p.
1588 2683 1682 2726 429.

1039 2731 1100 2768 Ec
1118 2730 1335 2781 Scribonia]
1367 2731 1429 2767 Sic
1445 2731 1571 2768 Rhen.
1589 2742 1610 2766 e
1626 2730 1729 2768 Bud.
1749 2731 1860 2779 prius

986 2782 1190 2832 legebatur
1205 2796 1267 2820 ατ.
1415 2788 1420 2794 “

1041 2838 1320 2874 AEstimatione
1336 2835 1457 2891 recto]
1494 2839 1613 2875 Recte
1631 2839 1686 2875 sic
1702 2837 1862 2888 accepta

990 2891 1184 2939 scriptura
1212 2895 1323 2927 vetus
1350 2892 1612 2938 extimatione,
1629 2905 1746 2941 quam
1771 2894 1857 2934 MS.

988 2943 1126 3036 zBud.)
1146 2945 1275 2982 Guelf.
1292 2945 1352 2982 ed.
1372 2955 1430 2993 pr.
1448 2946 1608 2984 habent.
1625 2951 1671 2984 ut
1683 2951 1724 2984 et
1741 2959 1776 2985 c.·
1797 2952 1858 2986 16.

1027 2999 1077 3037 id.
1090 2999 1138 3035 ad
1160 3004 1223 3045 13,
1242 3005 1302 3039 17.
1314 3000 1315 3003 ’
1327 2996 1423 3035 Mox
1435 3011 1505 3048 pro
1520 3013 1594 3049 quo
1606 3002 1665 3039 ed.
1682 3013 1741 3050 pr.
1757 3007 1860 3051 quoe,

990 3061 1038 3090 ut
1054 3053 1137 3091 cod.
1151 3054 1246 3101 Agr.
1262 3053 1425 3102 Recepit
1440 3055 1622 3102 Ryckius.
1653 3055 1754 3092 Mihi
1772 3056 1858 3093 vul·

986 3111 1121 3156 gutum
1149 3107 1276 3144 Taciti
1305 3107 1394 3143 stilo
1421 3109 1737 3146 convenientius:
1779 3122 1858 3158 quo

988 3161 1109 3210 magis
1142 3161 1230 3197 aliis
1263 3164 1442 3210 suspecta
1484 3166 1581 3208 erat,
1615 3163 1686 3199 hoc
1729 3165 1859 3211 magis

988 3215 1159 3263 Principi
1177 3214 1365 3263 placebat.
1392 3217 1499 3254 ERN.
1524 3215 1625 3254 Bud.
1643 3228 1716 3266 quo
1732 3222 1853 3255 recte.

1000 3290 1003 3292 -
1036 3269 1264 3318 Egregium
1280 3275 1363 3306 erat
1380 3269 1488 3320 tunc]
1522 3270 1650 3307 Guelf.
1668 3277 1773 3308 esset.
1799 3269 1855 3308 Τι’

983 3329 1076 3360 tunc
1096 3322 1280 3361 vitiosum
1297 3322 1395 3369 esse,
1409 3335 1522 3361 nemo
1539 3323 1723 3372 ambigat.
1740 3325 1851 3362 MSS.

984 3376 1087 3414 Flor.
1107 3376 1240 3428 (Bud.)
1269 3377 1398 3415 Guelf.
1417 3378 1510 3425 Agr.
1543 3377 1598 3428 (et
1615 3379 1708 3428 Reg.
1736 3377 1849 3431 Lau.)

985 3431 1043 3467 ed.
1076 3442 1136 3479 pr.
1164 3443 1282 3475 nunc,
1309 3431 1411 3480 quod
1437 3431 1559 3468 nihilo
1586 3432 1740 3477 melius,
1777 3431 1853 3468 etsi

983 3484 1110 3533 placet
1140 3485 1180 3521 J.
1216 3486 1425 3522 Gronovio.
1464 3486 1640 3523 Freinsh.
1685 3485 1854 3523 correxit

986 3540 1094 3575 Cnoei
1111 3538 1250 3587 Pomp.
1283 3539 1384 3586 quod
1414 3538 1511 3575 mihi
1530 3550 1681 3587 quoque
1713 3539 1853 3586 placet.

982 3592 1090 3632 ERN·
1119 3591 1227 3630 Bene
1255 3591 1434 3632 Freiush.
1463 3592 1583 3631 sensit
1602 3593 1639 3629 id
1668 3604 1770 3630 nune
1790 3590 1852 3629 vel

1053 3651 1147 3696 03
