2190 3880
158 278 208 315 A.
227 277 280 315 U.

175 333 267 369 823.

163 384 214 421 A.
233 387 277 422 C.

182 438 249 480 70.

213 1759 282 1812 59
300 1746 507 1817 pudore
539 1745 688 1797 inriti
717 1756 966 1811 conatuS,
993 1761 1116 1816 quae
1147 1761 1258 1798 non
1286 1745 1576 1812 dabantur,
1605 1743 1833 1798 remisit.

292 139 391 183 210
916 130 1515 184 HISTORIARUM

296 256 477 326 gentis
501 256 833 341 equitibuS,
821 260 1098 332 ingruenti
1137 277 1232 330 per
1260 259 1624 330 Campaniam.
1659 257 1799 312 bello
1829 255 2107 328 opposuit.

299 328 425 399 Ipse
451 346 599 399 aeger
614 330 803 396 animi,
822 303 1014 392 studiis
1041 330 1271 383 militum
1297 343 1351 383 et
1379 328 1705 383 clamoribus
1730 330 1939 400 populi,
1959 345 2109 380 arma

300 401 592 470 poscentis,
620 387 998 454 refovebatur.
1038 401 1168 453 dum
1200 401 1430 470 vulgus
1419 419 1699 471 ignavum,
1724 414 1780 452 et
1806 400 1940 452 nihil
1973 398 2111 450 ultra

300 472 463 524 verba
500 489 775 534 ausurum,
814 471 947 524 falsa
988 472 1168 541 specie
1204 444 1473 522 erercitum
1507 484 1562 522 et
1601 471 1814 541 legiones
1855 469 2110 551 adpellat.
2134 506 2143 524 .

287 541 666 623 ,ῌοηειηῐὶὸιιε
701 542 908 594 libertis
936 547 1086 607 (nam
1124 542 1422 592 amicorum
1462 541 1579 608 ejus
1616 553 1832 621 quanto
1848 542 1968 610 quis
2003 540 2134 596 cla-‘

288 614 426 677 rior,
453 614 631 664 minus
660 612 825 675 fidus)
845 611 1019 663 vocari
1044 610 1207 663 tribas
1227 611 1407 680 jubet.
1452 610 1660 669 Dantes
1689 611 1911 664 nomina
1936 629 2112 664 sacra·

295 690 484 737 men'to
514 683 707 753 adigit.
747 682 1116 752 superfluente
1153 682 1520 745 multitudine,
1547 701 1731 734 curam
1773 681 2013 734 delectus
2055 682 2111 732 in

300 753 564 807 Consules
600 753 851 824 partitur.
926 752 1215 804 Servorum
1258 770 1445 804 numer
1452 770 1539 804 um
1568 763 1624 804 et
1651 753 1864 823 pondus
1901 751 2114 823 argenti

299 825 655 878 Senatoribus
682 823 896 876 indicit.
974 822 1199 891 Equites
1231 823 1466 875 Romani
1498 823 1744 877 obtulere
1773 841 2009 904 operam
2026 840 2117 892 pe-

298 896 612 964 cuniasque,
639 894 805 946 etiam
840 893 1107 946 libertinis
1142 893 1284 946 idem
1316 912 1510 946 munus
1546 895 1685 947 ultro
1721 893 2119 976 flagitantibus·

298 966 380 1018 Ea
406 964 681 1017 simulatio
718 965 908 1028 officii,
935 983 967 1016 a
995 975 1142 1016 metu
1189 964 1452 1044 profecta,
1483 976 1716 1017 verterat
1758 965 1813 1017 in
1854 965 2120 1018 favorem.

298 1035 372 1089 Et
401 1036 643 1106 plerique
668 1035 815 1088 haud
851 1035 1073 1106 perinde
1104 1034 1402 1098 Vitellium,
1429 1053 1589 1117 quarn
1619 1054 1802 1088 casum
1830 1034 2121 1105 locumque

297 1107 669 1178 Principatus‚
714 1107 1128 1172 miurabantur.
1182 1123 1282 1159 nec
1320 1105 1505 1157 deerat
1545 1107 1700 1176 ipse:
1754 1105 1926 1172 vultu,
1965 1123 2119 1167 voce.

295 1177 554 1243 lacrimiS‚
594 1177 1018 1237 misericordiam
1060 1177 1292 1242 elicere3
1334 1176 1515 1247 largus
1553 1176 1857 1246 promissis,
1884 1187 1958 1241 et,
1994 1195 2119 1246 quae

297 1260 494 1301 natura
536 1248 922 1318 trepidantium
969 1259 1069 1312 est,
1100 1218 1446 1300 inmodicus.
1503 1248 1655 1307 Quin
1693 1259 1749 1300 et
1778 1245 2028 1302 Caesarem
2064 1265 2121 1300 se

295 1321 406 1373 dici
441 1320 632 1384 voluit,
659 1320 1015 1389 adspernatus
1055 1331 1254 1371 antea:
1295 1318 1384 1370 sed
1423 1331 1572 1383 tunc,
1601 1318 1986 1390 superstitione
2024 1335 2122 1372 no-

295 1391 480 1454 miniS,
506 1401 563 1442 et
587 1390 717 1459 quia
746 1390 800 1441 in
832 1402 981 1442 metu
1021 1389 1251 1441 consilia
1287 1389 1636 1471 prudentium
1674 1401 1731 1442 et
1759 1389 1908 1461 vulgi
1937 1407 2121 1442 rumor

291 1461 462 1532 juxta
499 1459 814 1513 audiuntur.
893 1459 1173 1541 Ceterum,
1225 1471 1285 1512 ut
1329 1461 1516 1513 omnia
1563 1433 1887 1517 inconsulti¹³
1905 1461 2122 1531 inpetus

297 1545 506 1603 coepta,
550 1531 720 1583 initiis
761 1531 958 1595 valida,
998 1530 1177 1612 spatio
1217 1530 1600 1602 languescunt,
1628 1531 1796 1585 dilabi
1841 1531 2125 1602 paullatim

299 1604 591 1656 Senatores
636 1601 990 1682 Equitesque3
1026 1601 1203 1683 primo
1248 1613 1587 1667 cunctanter,
1621 1614 1698 1668 et,
1722 1601 1816 1655 ubi
1859 1603 1976 1674 ipse
2013 1620 2157 1657 uon.

299 1675 504 1739 aderat,
529 1692 658 1725 mox
675 1673 1045 1754 contemptim
1069 1683 1125 1725 et
1150 1674 1266 1726 sine
1291 1673 1638 1740 discrimine;
1674 1673 1850 1728 donec
1869 1673 2121 1798 VIthellius

1964 1756 1985 1796 t
2014 1755 2122 1798 ter-

1238 1921 1411 1961 malebat
1429 1936 1454 1960 a
1470 1929 1576 1961 metu
1598 1923 1790 1973 prosecta.
1847 1921 1954 1960 Mihi
1973 1921 2122 1960 dudum

1239 1977 1447 2026 legendum
1478 1978 1606 2016 visum
1640 1990 1688 2016 ea
1719 1977 1926 2016 simulatio
1954 1976 2072 2026 offic&
2097 1988 2124 2014 a

352 1923 590 1960 Exere-itinn
620 1928 658 1959 et
683 1919 874 1972 legiones]
933 1921 1001 1960 Sic¹
1025 1926 1132 1960 reete
1162 1933 1184 1959 e

294 1976 401 2016 Flor.
427 1977 579 2014 editum
607 1987 632 2012 a
655 1977 838 2014 Pichena.
887 1977 1097 2014 consentit
1125 1977 1186 2014 ed.

296 2043 357 2079 pr.
401 2031 534 2068 Ceteri
557 2042 631 2067 scr.
653 2029 775 2079 (Eud.
794 2028 931 2080 etiam)
953 2035 995 2067 et
1014 2031 1100 2068 edd.
1118 2043 1183 2069 us-

296 2095 371 2134 que
389 2085 437 2120 ad
457 2085 893 2122 Pichenam.e.z·ercitus.
935 2085 1047 2122 ERN.

357 2139 503 2176 Vocem·
519 2138 646 2175 tribus
663 2137 794 2187 jubet]
844 2139 918 2175 Est
941 2139 1116 2175 delectus
1139 2138 1181 2175 in

297 2191 395 2230 urbe
423 2197 551 2238 actus,
569 2203 687 2240 quem
713 2191 838 2228 tradit
866 2194 1033 2231 Sueten.
1055 2205 1092 2230 c.
1116 2197 1181 2231 15.

295 2246 411 2283 Unde
440 2246 696 2282 confirmatur
723 2246 951 2292 conjectura
978 2250 1114 2283 nostra
1136 2247 1182 2283 de

295 2299 381 2337 loco
399 2300 560 2335 Sueton.
577 2299 673 2336 Ner.
692 2303 758 2335 44.
786 2299 857 2335 ubi
885 2299 928 2337 in
946 2299 1091 2346 verbis,
1110 2300 1183 2337 tri-

297 2353 368 2390 bus
387 2354 555 2389 urbanas
574 2353 627 2389 ad
642 2359 926 2389 naen-amentum
947 2355 1102 2398 citavit,⁴
1118 2365 1185 2389 su-

296 2409 468 2456 spectam
487 2418 619 2443 vocem
638 2406 808 2443 urbanas
821 2406 957 2444 habui.
984 2407 1046 2444 Sic
1063 2407 1184 2444 etiam

297 2464 431 2497 noster
459 2460 509 2497 A.
538 2464 606 2506 1-4,
635 2465 696 2497 1³.
725 2459 856 2497 obvias
882 2460 1006 2497 tribus
1033 2461 1182 2506 habuit,

297 2515 346 2551 de
367 2513 481 2563 plebe
508 2514 694 2551 Romauae
722 2513 847 2551 urbis.
902 2514 991 2559 Sed,
1011 2515 1107 2563 quia
1122 2519 1183 2551 ta-

296 2580 387 2605 men
407 2571 532 2616 patet,
551 2567 676 2604 tribus
694 2567 814 2604 etiam
832 2567 879 2604 de
897 2567 1011 2616 plebe
1029 2568 1187 2605 urbana

296 2622 379 2658 sola
399 2622 491 2667 dici,
507 2621 691 2665 urbanas,
710 2621 784 2657 etsi
801 2632 1106 2672 supervacuum,
1125 2627 1184 2658 ta-

296 2687 387 2713 men
416 2675 510 2712 ferri
540 2687 651 2724 posse
679 2675 867 2713 arbitror.
918 2675 1013 2713 Mox
1047 2677 1181 2714 dames

296 2741 431 2766 omnes
456 2729 542 2765 edd.
573 2735 613 2765 et
631 2734 708 2767 ser.
733 2735 875 2777 praeter
893 2729 996 2767 Bud.
1024 2730 1092 2778 qui
1112 2731 1181 2766 ba·

295 2782 415 2820 bebat
445 2784 514 2820 dat
530 2797 542 2818 .·
584 2783 687 2830 quod
717 2783 865 2819 factum
896 2787 995 2832 puto
1024 2795 1044 2819 e
1071 2783 1180 2829 data,

296 2837 400 2885 quod
418 2841 478 2873 est
507 2837 548 2872 in
569 2837 699 2873 Guelf.
719 2837 832 2874 Bodl.
860 2841 899 2874 et
920 2839 1048 2875 Oxou.
1077 2836 1182 2874 bona

296 2895 337 2927 et
370 2891 490 2939 plana.
519 2891 731 2937 sententia,
762 2891 879 2939 idque
910 2903 1051 2929 verum·
1065 2897 1180 2939 puta-

296 2943 366 2980 bat
395 2945 434 2982 J.
467 2945 704 2991 Gronovius,
734 2955 759 2980 a
800 2956 878 2993 quo
913 2944 1078 2982 allatum
1113 2957 1180 2982 ex-

295 2997 467 3044 emplum
499 3009 546 3035 ex
576 2998 627 3036 A.
658 3003 722 3044 14,
759 3003 820 3035 1-5.
861 3010 941 3036 non
964 3000 1060 3035 satis
1094 2999 1187 3035 huie

294 3050 380 3087 loco
399 3050 538 3088 simile.
572 3051 638 3088 sed
657 3053 793 3089 dantes
809 3053 966 3091 melius.
1011 3050 1110 3089 Vult
1126 3053 1186 3090 di·-

294 3116 398 3149 cere,
418 3104 468 3140 ab
488 3104 602 3142 initio
621 3106 1095 3155 promiscue,quicunque
1115 3107 1182 3143 da-

295 3161 384 3195 rent.
414 3159 589 3202 uomina,
615 3164 857 3196 sacramento
893 3161 1066 3205 adactos,
1094 3161 1179 3198 sine

293 3211 474 3248 delectu.
506 3215 618 3258 post‚-
630 3213 875 3250 redundante
904 3213 1177 3259 multitudine,

292 3266 418 3318 etiam
442 3263 638 3301 delectum
674 3265 813 3302 haberi
843 3268 1024 3315 coepisse.
1070 3268 1178 3305 ERN.

291 3320 380 3357 Put.
422 3318 530 3355 data.
575 3315 664 3356 Alc.
707 3319 831 3356 Rhen.
879 3321 1025 3362 dames.
1081 3321 1178 3359 Mox

290 3372 427 3415 Rhenz
447 3382 468 3407 e
500 3371 613 3409 Bud.
639 3373 792 3410 indicit.
826 3375 935 3421 prius
970 3372 1178 3421 legebatur

291 3421 454 3478 inducte.
510 3425 630 3462 Porro
648 3425 752 3463 Bud.
766 3428 1061 3476 pecuniamque.

344 3478 417 3518 Ea
448 3481 648 3517 simulatio
683 3477 808 3529 officia
841 3487 946 3518 metu
977 3478 1171 3530 profheta]

293 3533 354 3573 Sic
379 3531 466 3572 edd.
484 3544 617 3571 omnes
644 3532 701 3585 (et
720 3545 754 3572 c.
769 3531 891 3585 Eud.)
913 3534 964 3573 Ν
984 3534 1180 3573 Heinsius

1236 2037 1341 2069 metu
1364 2030 1541 2082 prosecta
1554 2047 1568 2070 .-
1595 2042 1723 2081 neque
1743 2031 1860 2068 aliter
1877 2042 1940 2068 res
1957 2034 1999 2068 et
2015 2029 2125 2068 Lati-

1240 2085 1342 2122 nitas
1370 2084 1536 2134 patitur.
1589 2086 1634 2124 Id
1663 2085 1757 2134 quia
1784 2087 1825 2122 et
1851 2095 1874 2122 e
1901 2084 1988 2123 MS.
2007 2082 2123 2122 Bodl.

1237 2142 1418 2176 notatum
1446 2139 1591 2188 reperi,
1610 2138 1756 2187 recepi.
1815 2138 1981 2177 Sensus:
2023 2137 2122 2176 Haec

1238 2205 1309 2242 per
1327 2192 1621 2232 simulationem
1637 2193 1754 2230 officii
1781 2191 2018 2239 offerebant,
2031 2203 2122 2241 pro-

1237 2250 1328 2295 pter
1344 2250 1510 2293 metum,
1530 2248 1596 2284 sed
1618 2250 1754 2285 tamen
1770 2247 1862 2284 inde
1879 2250 1990 2284 onus
2011 2246 2123 2283 favor

1239 2301 1280 2338 in
1298 2301 1520 2346 Vitellium,
1539 2301 1622 2338 sive
1646 2312 1717 2349 pro
1744 2301 1878 2338 favore
1905 2298 2122 2350 accipieba-

1237 2358 1319 2390 tur.
1349 2355 1459 2392 ERN.
1462 2371 1473 2380 ·

1240 2407 1340 2445 Lall.
1356 2408 1447 2456 Bip.

1293 2461 1377 2498 Nec
1395 2463 1559 2499 deerat
1543 2475 1622 2511 zpse
1641 2461 1734 2512 eta]
1775 2461 1922 2500 Similis
1939 2464 2120 2527 constru-

1237 2515 1318 2552 ctio
1336 2516 1391 2552 H.
1409 2521 1450 2561 4,
1468 2522 1502 2553 1.
1530 2521 1590 2553 11.
1610 2521 1676 2553 80.

1291 2570 1573 2618 Superstitione
1588 2567 1772 2620 nominis]
1818 2569 1914 2606 eod.
1933 2569 2032 2619 Agr.
2021 2581 2117 2620 .pro

1236 2635 1322 2672 sup.
1341 2624 1520 2661 nominis.

1294 2678 1503 2714 conterriti
1518 2673 1705 2726 maestive]
1738 2676 1890 2716 EFlor.
1911 2676 1952 2714 iu
1967 2687 2046 2725 quo
2057 2682 2117 2714 est

1235 2732 1442 2780 contempti
1492 2731 1667 2776 one-scine,
1698 2731 1878 2777 Pichena,
1909 2731 2115 2771 emendat:

1235 2786 1482 2834 concmnptim
1509 2790 1547 2821 et
1572 2785 1655 2822 sine
1683 2784 1799 2823 discr.
1854 2783 1980 2830 Belle,
2003 2783 2118 2824 belle.

1235 2838 1347 2876 ers.
1403 2839 1467 2876 Ad
1500 2838 1605 2876 Flor.
1646 2850 1768 2887 prope
1803 2837 1994 2875 accedunt
2027 2838 2113 2877 MS.

1233 2891 1333 2939 Agr.
1370 2892 1432 2929 ed.
1466 2904 1526 2940 pr.
1571 2895 1738 2930 contenti
1776 2893 1958 2930 maniae.
2011 2892 2114 2930 Nam

1235 2948 1403 2990 contenti
1426 2951 1467 2982 et
1496 2947 1680 2984 contemti
1691 2959 1705 2982 .-
1743 2946 1840 2983 item
1862 2945 1942 2982 haec
1966 2948 2008 2982 et
2029 2958 2118 2983 con-

1239 3002 1389 3037 temtim
1415 3000 1602 3037 confundi
1627 2999 1797 3037 vidimus
1824 2998 1874 3036 ad
1893 3009 1928 3036 c.
1945 3004 2013 3038 47.
2068 2999 2116 3036 In

1239 3053 1324 3092 MS.
1358 3053 1490 3092 Guelf.
1527 3057 1587 3090 est
1619 3054 1777 3091 contriti
1807 3048 2008 3090 murive.-
2047 3054 2114 3090 sed

1237 3106 1324 3144 duoe
1350 3105 1500 3144 ultime
1527 3105 1684 3156 syllabae
1710 3110 1805 3144 sunt
1830 3113 1860 3142 α’
1881 3112 2001 3143 manu
2038 3118 2117 3145 sec.

1233 3165 1275 3198 et
1321 3160 1362 3198 in
1406 3161 1543 3198 litura.
1590 3161 1702 3198 Eme.
1764 3158 1870 3197 Bud.
1912 3162 2115 3203 conterriti

1232 3213 1607 3253 meetive.'1'nller1
1627 3217 1848 3250 commenta
1866 3223 1906 3253 v.
1931 3213 1973 3250 in
1992 3213 2116 3264 ipsius

1234 3267 1330 3305 Obs.
1350 3269 1440 3305 erit.
1461 3279 1500 3315 p.
1519 3271 1613 3304 311.

1291 3321 1389 3366 Quoe
1401 3333 1477 3358 non
1496 3321 1705 3365 dabantur,
1717 3317 1884 3369 remisit]
1913 3292 1980 3361 Sic
1999 3320 2113 3359 MSS.

1232 3374 1336 3412 Ποῖ.
1356 3375 1453 3422 Agr.
1472 3373 1604 3412 Guelf.
1629 3373 1713 3411 edd.
1740 3382 1876 3410 omnes
1888 3377 1993 3415 ante
2010 3375 2116 3413 Rhe-

1231 3438 1396 3473 nanum,
1416 3429 1485 3477 qui
1506 3427 1542 3478 (e
1561 3425 1680 3476 Bud.)
1705 3425 1829 3464 edidit
1855 3428 2001 3476 ontisit,
2022 3440 2112 3467 cnm

1231 3493 1336 3531 seqq.
1358 3492 1481 3530 usque
1499 3481 1549 3521 ad
1567 3481 1790 3520 pichenam.
1833 3481 1943 3521 Em«.

1493 2353 1667 2392 Probant
1684 2354 1997 2392 emendationem
2007 2354 2121 2391 Brot.
