2190 3880
290 143 387 190 202
852 134 1507 206 ,HISTORIARUM

158 288 211 325 A,
229 286 280 326 11.
298 263 510 325 Laetum
547 276 611 313 ea
636 260 866 314 victoria
889 263 1304 335 Vespasianum,
1330 265 1543 317 cunctis
1586 281 1747 336 super
1773 272 1902 318 vota
1928 262 2103 317 fluen-

168 342 261 382 823.
295 332 457 396 tibus,
489 330 871 384 Cremonensis
915 334 1099 404 proelii
1137 336 1361 387 nuntius
1401 335 1454 386 in
1483 334 1733 405 AEgypto
1771 334 2105 404 adsequitur.

158 395 213 436 A.
234 398 280 437 0·
295 400 378 454 Eo
406 402 780 472 properantius
807 401 1196 455 Alexandriam
1235 403 1432 474 pergit,
1460 415 1540 467 ut,
1565 399 1742 456 fracto
1771 404 1978 456 Vitellii
2003 421 2105 456 ex·

195 453 260 493 70-
293 472 485 537 ercitu,
513 473 700 524 urbem
739 489 958 541 quoque
995 484 1238 525 externae
1266 475 1387 542 opis
1414 473 1655 543 indigam
1694 473 1839 526 fame
1862 482 2100 544 urgeret.

296 542 550 612 Namque
574 554 631 595 et
662 540 925 604 Africam,
953 543 1145 594 eodem
1174 542 1338 594 latere
1364 542 1543 603 sitam,
1575 553 1714 594 terra
1746 543 1989 613 marique
2016 542 2102 594 in-

295 613 491 665 vadere
530 613 775 683 parabat,
799 610 994 662 clausis
1035 629 1269 664 annonae
1308 611 1582 675 subsidiiS,
1607 612 1849 682 inopiam
1887 630 1952 666 ac
1991 612 2103 664 dis-

202 694 280 748 -49
295 684 535 736 cor-diam
563 681 708 733 hosti
747 680 1005 733 facturuS.
1083 680 1230 732 Dum
1269 681 1372 733 hac
1411 682 1577 733 totius
1615 683 1763 734 orbis
1800 682 2103 734 mutatione

294 753 514 806 fortuna
551 750 773 821 Imperii
819 750 1031 814 transit,
1062 749 1277 803 Primus
1309 750 1583 803 Antonius
1621 769 1959 821 nequaquam
1988 751 2108 821 pari

293 821 607 875 innocentia
636 829 757 890 post
786 819 1113 872 Cremonam
1143 823 1377 891 agebat3
1417 821 1755 874 satisfactum
1786 821 1924 874 bello
1954 832 2103 873 ratus

292 904 349 944 et
381 905 562 944 cetera
597 908 667 942 ex
708 890 876 954 facili,
904 907 997 942 seu
1037 889 1270 943 felicitas
1307 892 1364 943 in
1406 891 1498 942 tali
1537 891 1758 961 ingenio
1800 891 2104 956 avaritiam,

290 963 601 1032 superbiam
640 970 927 1030 ceteraque
976 960 1192 1013 occulta
1234 961 1376 1013 mala
1418 961 1715 1030 patefecit:
1767 974 1828 1014 ut
1862 972 2105 1031 captam,-

294 1032 321 1084 I
330 1033 510 1084 taliam
539 1031 869 1102 persultare3
910 1041 970 1082 ut
994 1047 1138 1095 suaS,
1156 1031 1398 1101 legiones
1423 1032 1631 1098 colere3
1667 1033 1920 1085 omnibus
1942 1032 2104 1084 dictis

292 1103 561 1175 factisque
599 1103 743 1154 viam
783 1101 888 1154 sibi
928 1101 993 1153 ad
1046 1102 1349 1171 potentiam
1391 1113 1626 1155 struere:
1671 1114 1858 1171 utque¹
1882 1102 2105 1155 licentia

342 1279 458 1318 Dum
475 1279 549 1318 hac
563 1285 594 1318 t.
613 1278 714 1317 orbis
730 1276 820 1329 etcss]
871 1279 918 1316 In
934 1277 1047 1316 libris
1065 1278 1170 1315 anti-

289 1334 378 1382 quis
406 1334 487 1370 haec
513 1345 602 1370 cum
628 1331 898 1380 superioribus
922 1333 1170 1380 conjungun-

289 1392 377 1423 tur:
426 1387 543 1423 male.
603 1386 764 1423 Transit
809 1386 958 1422 dietum
997 1389 1057 1421 est
1098 1396 1170 1432 pro

290 1440 478 1487 transigit
493 1452 505 1474 .-
555 1438 602 1475 de
660 1449 739 1486 quo
787 1449 907 1486 supra
958 1438 1168 1484 monitum,

290 1502 527 1540 quamquam
574 1491 630 1527 ibi
680 1491 761 1527 alia
799 1491 985 1540 loquendi
1030 1492 1169 1528 forma.

289 1544 506 1594 Eleganter
547 1545 645 1582 alias
674 1544 844 1592 fortuna
879 1545 1098 1593 transigere
1128 1547 1168 1580 et

290 1599 478 1646 transigi,
513 1600 561 1634 ut
601 1609 722 1644 supra
755 1609 788 1634 c.
828 1602 866 1634 5.
911 1597 1078 1634 dicitur:
1127 1602 1168 1634 et

289 1651 363 1688 hoc
397 1650 562 1687 verbum
602 1650 780 1687 absolute
815 1650 955 1687 Tacito
994 1654 1035 1686 et
1071 1649 1168 1686 alibi

289 1705 454 1749 dictum,
483 1715 603 1751 supra
629 1715 661 1740 c.
694 1707 759 1740 46.
799 1704 932 1752 Agric.
961 1708 1029 1740 34.
1071 1703 1170 1740 Post

291 1759 520 1795 Cremonam
538 1761 599 1793 est
621 1761 848 1805 expugnata
869 1761 909 1794 et
926 1757 1055 1793 excisa
1073 1757 1170 1795 Cre-

287 1821 418 1848 mona.
445 1810 549 1847 Flor.
565 1816 607 1856 3,
629 1816 663 1846 1.
687 1811 775 1846 init.
791 1811 878 1859 quis
893 1814 1061 1858 speraret
1079 1815 1170 1858 post

293 1863 573 1911 Carthaginem
605 1864 718 1900 alind
745 1865 788 1900 in
813 1863 960 1910 Africa
993 1863 1131 1899 bellum
1146 1862 1168 1898 .?

287 1917 315 1954 i.
334 1928 369 1953 e.
399 1915 643 1964 Carthagine
659 1917 764 1952 victa
782 1920 823 1952 et
839 1916 979 1958 deleta,
998 1918 1045 1952 ut
1062 1919 1167 1952 recte

286 1971 331 2007 in
356 1969 486 2006 indice
509 1970 688 2007 Freinsh.
713 1975 754 2006 et
781 1969 836 2005 sic
862 1969 964 2005 idem
986 1968 1167 2016 pluribus

284 2023 394 2061 locis.
430 2024 540 2062 ERN.
583 2024 630 2060 In
647 2023 708 2059 ed.
738 2023 828 2066 Put.
847 2022 934 2060 Alc.
955 2022 1031 2058 Rh.
1063 2022 1168 2071 Lips.

285 2081 363 2114 etc.
380 2088 405 2112 a
423 2075 552 2113 verbis
570 2075 681 2113 Dum
698 2076 771 2112 hac
788 2087 891 2112 nova
906 2075 1091 2124 periodus
1108 2075 1169 2112 in·

283 2131 344 2167 fit.
389 2130 546 2173 Nescio,
575 2141 672 2177 quas
700 2129 889 2166 editiones
918 2134 1068 2165 veteres
1096 2140 1167 2165 no-

285 2187 367 2220 ster
395 2183 605 2231 intelligat.
658 2183 744 2220 Nec
774 2182 892 2218 aliter
918 2182 1023 2219 Bud.
1068 2182 1167 2219 Post

291 2237 533 2281 Cremonam,
551 2235 633 2271 scil.
650 2234 833 2272 deletam.

336 2290 416 2327 Sea
422 2288 619 2338 felicitas]
668 2289 731 2325 Sic
749 2291 855 2325 recte
872 2288 1001 2325 Rhen.
1021 2298 1043 2323 c
1061 2287 1166 2325 Bud.

284 2343 395 2392 prius
413 2341 619 2391 legebatur
637 2354 717 2378 cea.

342 2396 394 2432 Ut
437 2400 607 2445 captam,
647 2393 761 2445 Ital]
818 2393 928 2431 Bene
959 2392 1052 2442 Rip.
1084 2392 1167 2428 haec

276 2448 480 2498 jungenda
509 2447 705 2496 prioribus
733 2452 774 2484 et
801 2447 934 2496 aptius
956 2447 1164 2494 interpun-

281 2504 410 2551 genda
435 2502 590 2548 docent,
618 2512 735 2550 quam
766 2502 973 2539 Ernestius
1000 2500 1173 2545 fecerat,

281 2556 497 2593 desciscens
515 2567 539 2592 a
554 2554 868 2605 praecedentibus
887 2553 1118 2590 editoribus.

340 2611 460 2650 Viam
476 2610 553 2646 sihi
573 2609 628 2646 ad
646 2606 878 2658 potentiam]
937 2607 1164 2655 Legi-ndum

279 2673 365 2700 esse
394 2664 472 2700 vim
499 2662 588 2707 sibi,
613 2674 634 2699 e
663 2661 777 2700 MSS.
806 2661 1008 2698 docuimus
1041 2666 1056 2697 1
1082 2659 1165 2697 Ob-

281 2727 382 2754 serv.
422 2721 486 2753 14.
539 2717 678 2753 Gnosi.
738 2714 1007 2752 Consentiunt
1051 2713 1163 2751 MSS.

279 2770 385 2808 Flor.
416 2766 554 2820 (Bud.)
593 2770 685 2818 Agr.
711 2768 844 2805 Guelf.
868 2768 955 2805 edd.
984 2779 1043 2816 pr.
1071 2768 1163 2803 Put.

279 2827 420 2861 ceterae
437 2833 561 2870 usque
579 2823 628 2858 ad
645 2823 753 2870 Lips.
809 2822 856 2858 In
882 2821 996 2868 cujus
1024 2820 1164 2856 editio·

279 2887 370 2914 nem
389 2880 538 2914 temere
561 2875 764 2924 irrepsisse
787 2876 906 2920 viam,
924 2877 996 2911 aut
1014 2885 1062 2911 ex
1081 2873 1164 2909 edi-

277 2930 387 2966 tione
416 2929 657 2977 ignobiliori,
681 2928 786 2966 unde
814 2939 943 2976 operoe
970 2925 1164 2965 describe·

279 2988 371 3019 rent
402 2982 604 3027 Tacitum,
640 2981 842 3022 silentium
881 2981 968 3028 eJus
1002 2980 1161 3017 indicat.

279 3036 354 3073 sed
377 3035 470 3071 hinc
488 3037 529 3072 in
548 3038 707 3072 caeteras
726 3035 836 3072 venit
853 3045 979 3082 usque
996 3035 1046 3071 ad
1063 3035 1163 3081 Ryc-

278 3087 407 3130 kium.
426 3089 493 3136 qui
521 3093 635 3125 vetus
662 3087 843 3125 restituit
866 3099 956 3124 cum
981 3088 1020 3124 J.
1038 3088 1161 3123 Gron.

279 3140 426 3178 Sensus
454 3143 514 3178 est
532 3153 552 3177 e
569 3146 702 3178 mente
719 3141 872 3189 Ryckii,
891 3141 1079 3190 potentiae
1095 3140 1162 3177 ad·

274 3194 398 3241 jicere
413 3194 491 3231 vim
510 3195 740 3232 conabatur.
775 3195 877 3231 Nam
894 3201 1040 3232 struere
1057 3194 1161 3231 anti-

281 3248 437 3296 quiores
460 3259 532 3296 pro
559 3248 725 3295 adjicere
751 3247 910 3292 dixisse,
929 3251 970 3284 et
998 3248 1076 3285 vim
1102 3247 1162 3284 di-

282 3301 431 3350 stingui
457 3312 481 3336 a
495 3301 670 3349 potentia
689 3299 739 3335 ab
757 3302 842 3348 ipso
856 3299 999 3336 Tacito
1016 3300 1068 3338 A.
1095 3306 1160 3344 13,

286 3360 349 3393 19.
376 3353 450 3391 ubi
465 3354 639 3403 potmztia
657 3364 734 3390 mm
759 3365 833 3389 sua
850 3353 890 3388 υἱ
905 3354 1015 3389 nima.
1061 3351 1162 3388 Gro-

280 3407 420 3445 novius
443 3410 577 3444 autem
601 3407 679 3442 vim
697 3413 843 3443 struere
869 3405 1017 3442 dictum
1046 3410 1162 3453 puta-

278 3460 362 3505 bat,
379 3466 428 3498 ut
452 3471 540 3510 opes
554 3465 700 3496 struere
721 3461 762 3495 et
779 3458 937 3502 similia,
956 3458 997 3494 in
1017 3457 1162 3505 quibus

279 3518 341 3551 est
350 3525 511 3564 parare.
535 3514 634 3551 Pace
653 3512 788 3561 magni
803 3511 993 3550 Gronovii
1011 3514 1052 3547 et
1064 3512 1164 3558 Ryo-

1223 1277 1279 1314 kii
1321 1277 1470 1315 dictum
1497 1277 1561 1321 sit,
1582 1276 1765 1314 'nondum
1799 1275 1897 1313 mibi
1925 1275 1989 1322 iis,
2017 1273 2104 1325 quoe'

1223 1332 1371 1377 dixere,
1388 1342 1620 1379 persuasum
1638 1334 1712 1376 est,
1731 1332 1779 1366 ut
1802 1331 1882 1368 vim
1898 1330 1954 1368 ad
1970 1335 2104 1379 poten·

1223 1386 1323 1421 tiam
1356 1389 1504 1422 struere
1535 1384 1720 1423 Tacitum
1755 1383 1904 1420 dedisse
1951 1386 2106 1432 putemq

1222 1437 1326 1474 Nam
1344 1440 1391 1473 ut
1406 1437 1453 1474 de
1469 1437 1669 1484 Ryckiana
1684 1436 1838 1474 ratione
1855 1436 2028 1484 primum
2044 1435 2104 1472 di·-

1222 1501 1323 1536 cam,
1339 1491 1493 1527 credam
1512 1495 1657 1527 struere
1674 1490 1752 1526 vim
1779 1489 1950 1538 augendi
1976 1488 2107 1526 habu«

1223 1544 1299 1580 isse
1320 1544 1426 1592 apud
1442 1546 1609 1587 veteres,
1628 1546 1670 1579 et
1696 1542 1841 1580 babere
1867 1548 2005 1591 posset
2034 1541 2103 1578 sed

1221 1608 1301 1633 non
1324 1600 1533 1645 propterea
1553 1600 1682 1643 potest
1703 1595 1779 1632 dici
1793 1602 1940 1633 struae
1953 1596 2033 1632 vim
2051 1595 2106 1631 ad

1216 1651 1450 1700 potentiam,
1461 1654 1509 1686 ut
1526 1649 1619 1686 licet
1635 1649 1763 1685 dicere
1779 1648 1946 1697 arh’icere
1955 1649 2035 1685 vim
2051 1648 2108 1685 aa

1217 1703 1447 1752 potentiam.
1501 1702 1608 1747 Non,
1625 1702 1659 1738 si
1675 1702 1837 1739 eandem
1854 1701 2106 1750 significatio·

1224 1767 1314 1793 nem
1350 1756 1428 1792 duo
1460 1754 1582 1792 verba
1614 1754 1776 1801 habent,
1809 1755 1945 1792 eodem
1988 1755 2105 1792 modo

1223 1812 1511 1846 construuntur
1535 1819 1626 1845 cum
1655 1808 1927 1853 substantivis,
1946 1808 2014 1844 sed
2031 1819 2105 1856 pro

1223 1861 1333 1899 verbi
1350 1863 1542 1910 cujusque
1563 1866 1718 1899 natura.
1763 1861 1880 1902 Quod
1896 1861 2036 1898 deinde
2052 1861 2103 1898 ad

1223 1916 1514 1952 Gronovianam
1534 1915 1726 1952 rationem
1745 1915 1906 1960 attinet,
1923 1925 2024 1964 saepe
2041 1914 2104 1952 vir

1222 1968 1390 2005 eximius
1418 1968 1460 2005 in
1485 1967 1625 2006 Tacito
1653 1971 1863 2005 contentus
1889 1967 1983 2014 fuit,
2014 1978 2105 2005 sen-

1222 2033 1310 2059 sum
1333 2022 1577 2058 commodum
1595 2021 1726 2058 verbis
1754 2020 1919 2069 singulis
1947 2021 2104 2058 adstru-

1222 2076 1339 2120 xisse,
1375 2075 1524 2112 nullam
1569 2076 1762 2111 rationem
1796 2073 1947 2111 habuit
1976 2075 2102 2112 totius

1219 2130 1428 2166 contextus
1444 2131 1484 2164 et
1501 2128 1668 2164 rationis
1685 2127 1963 2177 grammatica,
1981 2127 2100 2183 idque

1220 2182 1257 2218 ei
1274 2182 1460 2218 accidisse
1486 2185 1600 2230 puto,
1618 2182 1712 2218 dum
1728 2180 1923 2230 exquisite
1942 2181 2029 2218 vult
2043 2182 2101 2218 lo-
2164 2215 2166 2218 ,

1220 2238 1356 2272 cutum
1370 2235 1577 2272 Tacit-unit
1603 2235 1784 2282 idemque
1800 2235 1838 2271 ei
1855 2237 1896 2270 et
1912 2235 1954 2271 in
1971 2234 2102 2272 Statio
2168 2250 2174 2260 ⁴

1222 2288 1389 2326 subinde
1406 2288 1591 2325 accidisse
1603 2288 1757 2334 iudicat
1775 2287 2032 2326 Marklandns
2049 2289 2100 2326 ad
2170 2302 2190 2334 ῃ

1222 2342 1322 2379 Stat.
1348 2353 1388 2389 p.
1411 2346 1473 2380 19.
1527 2342 1654 2378 Nemo
1683 2343 1815 2389 negat,
1845 2342 1924 2378 vim
1951 2347 2101 2380 struere
2170 2339 2172 2342 ’

1221 2406 1330 2443 teque
1348 2394 1449 2433 bene
1467 2393 1543 2431 dici
1571 2405 1695 2442 posse,
1713 2405 1759 2430 ac
1773 2399 1919 2432 struere
1935 2407 2038 2444 oper,
2057 2398 2100 2431 et
2168 2399 2177 2442 j

1217 2448 1319 2485 aliat
1353 2448 1421 2484 sed
1446 2459 1498 2484 an
1526 2448 1606 2484 vim
1633 2448 1689 2485 ad
1706 2448 1926 2497 potentiam
1951 2453 2100 2485 etrum
2165 2450 2174 2496 ζ

1218 2502 1386 2547 dicatur,
1403 2503 1445 2538 ct
1464 2501 1532 2550 qui
1561 2512 1697 2538 sensus
1724 2500 1839 2538 istius
1861 2501 2099 2549 complexio-
2174 2547 2176 2551 y

1218 2556 1281 2593 nis
1301 2555 1370 2601 sit,
1388 2555 1461 2591 hoc
1474 2555 1683 2603 quaritur.
1735 2553 1861 2600 Dicit,
1878 2554 1940 2592 vie
1963 2558 2004 2592 et
2024 2567 2099 2604 poa·

1217 2610 1341 2646 tentia
1358 2608 1660 2657 distinguuntur
1671 2618 1696 2644 a
1711 2607 1851 2646 Tacito
1866 2606 1951 2656 ipso
1966 2608 2017 2646 A.
2033 2613 2098 2654 18,

1223 2668 1284 2702 19.
1314 2661 1438 2710 sama
1467 2662 1653 2711 potentia.-
1688 2673 1764 2699 non
1795 2671 1869 2698 sua
1901 2662 1944 2698 vi
1974 2661 2097 2700 πίσω.

1217 2715 1341 2753 Bene.
1396 2715 1471 2752 Sed
1489 2726 1567 2763 quo
1590 2714 1738 2752 sensu?
1768 2714 1953 2752 Potentia
1966 2726 2040 2752 m
2057 2716 2099 2752 vi

1218 2770 1317 2807 nixa
1335 2768 1437 2806 nihil
1453 2768 1562 2805 aliud
1579 2772 1651 2811 est,
1664 2779 1781 2817 quam
1799 2768 1994 2816 potentia,
2011 2778 2099 2818 que

1218 2833 1298 2860 non
1326 2822 1496 2870 pendeat
1518 2821 1569 2858 ab
1598 2822 1692 2866 alio,
1719 2822 1834 2870 quus
1860 2824 1908 2858 tu
1935 2822 2019 2869 ipse
2043 2822 2096 2858 sis

1217 2879 1356 2913 auctor
1383 2879 1425 2913 et
1451 2875 1575 2923 origo,
1593 2875 1721 2923 qualis
1748 2877 1808 2912 est
1835 2873 1879 2911 in
1903 2874 2097 2924 Principe.

1219 2928 1329 2970 Quid
1355 2929 1395 2966 id
1424 2929 1474 2966 ad
1499 2929 1605 2965 hunc
1635 2927 1795 2966 locum?
1855 2929 1988 2976 Longe
2016 2928 2096 2965 alia

1216 2983 1294 3019 ista
1310 2982 1370 3019 vis
1394 2985 1470 3027 est,
1488 2992 1604 3031 quam
1632 2993 1718 3030 quae
1737 2981 1910 3020 Antonio
1936 2980 2099 3030 petebas

1215 3039 1296 3072 tur.
1349 3035 1510 3073 Etenim
1526 3035 1726 3073 Antonius
1741 3035 1842 3074 nihil
1863 3034 1940 3072 nisi
1955 3037 2097 3083 poten-

1214 3089 1313 3126 tiam
1331 3088 1544 3137 quaerebat.
1587 3089 1807 3136 Imperator
1821 3098 1905 3125 esse
1922 3090 1964 3124 et
1982 3087 2097 3126 Prin-

1217 3153 1307 3190 ceps
1337 3142 1518 3179 nolebat:
1559 3141 1651 3178 Non
1683 3142 1755 3177 hoc
1783 3142 1820 3178 ei
1851 3141 1894 3178 in
1921 3144 2092 3179 mentem

1215 3195 1338 3239 venit,
1366 3199 1415 3232 ut
1441 3205 1463 3231 e
1490 3193 1744 3241 sequentibus
1774 3197 1899 3243 patet.
1955 3195 2095 3243 ltaque

1216 3248 1395 3296 ineptum
1422 3248 1524 3284 foret
1551 3248 1693 3291 dicere,
1710 3249 1789 3284 vim
1806 3248 1859 3284 ad
1877 3249 2094 3297 potentiam

1214 3307 1372 3337 ser-uere.
1428 3299 1585 3341 Quibus
1603 3301 1651 3336 de
1668 3301 1815 3337 caussis
1831 3301 1946 3337 credo
1967 3301 2095 3340 adbuc

1215 3357 1288 3390 aut
1313 3353 1419 3391 viam
1442 3353 1496 3390 ad
1515 3354 1729 3402 potentiam
1744 3364 1880 3390 verum
1907 3364 2006 3399 esse,
2022 3359 2095 3391 ant

1215 3408 1296 3444 vim
1322 3418 1370 3443 ae
1397 3407 1629 3455 potentiam,
1653 3407 1882 3455 ut-Lipsius
1910 3408 2092 3455 conjecit.

1221 3460 1341 3496 Viam
1367 3465 1527 3504 struere,
1553 3470 1604 3495 ne
1635 3459 1678 3495 in
1707 3471 1753 3496 eo
1781 3461 1942 3506 hoereas,
1970 3462 2090 3498 etiam

1215 3513 1444 3561 Propertius
1471 3512 1570 3550 dixit
1596 3518 1637 3558 3,
1660 3515 1724 3560 16⁴,
1743 3519 1783 3551 4.
1832 3514 1950 3551 Viam
1978 3525 2094 3563 pom

2184 3099 2190 3115 .,
2162 2886 2190 3051 κώμῃ..
