2190 3880
0 1267 3 1286 ἶ
61 1238 132 1279 tes,
172 1234 215 1270 in
244 1234 420 1271 Concilio
445 1235 710 1272 Vormatiensi
740 1235 842 1283 apud
873 1235 939 1271 Du

630 165 634 168 ’
672 162 829 213 1.113-.
862 165 904 212 I.
956 160 1123 213 CAP.
1157 165 1237 213 44.
1801 169 1862 215 43

62 285 283 373 Galba,
297 291 556 344 amicitiae
598 290 655 343 in
696 290 761 344 T.
802 291 1024 354 Vinio,
1015 290 1280 361 quamvis
1322 289 1567 342 inmitem
1622 291 1927 350 animuum
1946 311 1998 350 U

61 363 299 434 imagine
342 363 483 415 tristi
527 362 878 416 confuderat·
929 362 1164 428 PisoniS,
1207 373 1268 413 ut
1310 362 1518 413 inimici
1569 371 1624 412 et
1663 360 1863 430 aemuli,
1895 367 1989 404 823-

41 405 208 486 caede
250 434 442 500 laetari,
480 435 574 505 jus
615 433 804 504 fasque
840 435 1111 486 credebat.
1188 433 1427 485 Praefixa
1465 434 1643 484 contis
1685 404 1994 516 ςαρίῑεΑῚὲ

59 506 428 586 gestabantur,
452 505 591 558 inter
617 506 774 576 signa
798 504 1126 570 cohortium,
1144 505 1311 575 juxta
1338 505 1573 574 aquilam
1600 504 1866 573 leoionis:

58 576 306 628 certatim
341 577 740 630 ostentantibus
767 577 1015 629 cruentas
1050 594 1258 641 manus,
1285 576 1377 645 qui
1406 576 1736 640 occiderant,
1774 579 1868 645 qui

64 645 438 714 interfuerant,
481 649 575 729 qui
621 666 763 713 vere,
807 647 901 718 qui
948 647 1103 712 falso,
1149 659 1212 699 ut
1258 646 1544 717 pulchrum
1582 658 1636 697 et
1663 663 1870 699 memo-

6 766 10 773 .,
59 718 228 771 rabile
279 719 508 785 facinuS,
550 719 857 789 jactabant.
961 719 1147 771 Plures
1200 736 1360 789 quam
1414 717 1611 770 CXX.
1657 717 1867 771 libellos

62 789 295 862 praemia
349 790 783 862 exposcentium,
842 789 914 843 ob
981 789 1214 871 aliquam
1267 789 1563 841 notabilem
1626 789 1718 841 illa
1773 789 1863 842 die

0 886 2 889 >
61 875 299 932 operam,
327 861 574 914 Vitellius
616 874 806 934 postea
830 862 921 914 inv
925 862 1066 914 enit:
1107 879 1401 931 omnesque
1430 860 1676 930 conquiri
1705 871 1760 912 et
1787 861 1869 912 in-

63 932 455 1002 terficijussit:
513 951 624 986 non
659 932 871 996 honore
897 933 1112 999 Galbae,
1143 934 1234 986 sed
1277 933 1476 985 madito
1517 932 1868 1030 Principibus

62 1123 191 1163 media
219 1126 334 1162 aetate
354 1138 499 1175 vagare
529 1138 601 1176 pro
626 1139 762 1164 vacare
787 1123 940 1163 diceba·
996 1123 1079 1175 14.)
1100 1131 1145 1162 ut
1163 1125 1383 1172 ostenderet,
1403 1138 1450 1162 ne
1464 1125 1556 1163 hono
1573 1126 1726 1176 quidem
1742 1138 1869 1164 emem-

26 1184 33 1189 ’
61 1182 152 1216 tur:
182 1179 285 1216 unde
308 1181 446 1217 Clerici
476 1185 679 1229 vagantes,
698 1190 770 1230 pro
800 1193 939 1217 vacan-
986 1180 1055 1228 plo
1068 1179 1285 1216 audendam-
1298 1181 1461 1228 patroni
1478 1192 1614 1217 necem.
1668 1180 1868 1217 Nimirum

992 1233 1207 1281 Principes,
1239 1234 1468 1270 sollenniter
1494 1234 1693 1281 puniendo
1720 1235 1870 1271 Princi-

62 1288 271 1335 Cangium,
290 1291 331 1326 et
348 1287 457 1326 alibi.
475 1289 518 1326 in
536 1289 629 1326 Cod.
657 1289 805 1326 Theod.
825 1290 854 1326 l.
873 1294 939 1328 49.

63 1341 110 1378 de
127 1341 340 1380 Dec-urion.
365 1343 563 1392 praepositi
575 1344 688 1392 pacis
706 1355 777 1392 pro
799 1344 938 1392 pagis,

63 1398 110 1432 ut
127 1395 227 1433 vidit
243 1396 420 1433 Gothofr.
449 1397 510 1434 Sic
529 1397 635 1436 Ann.
654 1402 696 1442 3,
715 1403 779 1436 72.
799 1406 940 1446 argue-

63 1455 130 1487 rat
158 1461 230 1498 pro
263 1457 452 1488 arc-uerat.
490 1452 600 1489 ERN.
645 1450 748 1487 Bud.
780 1464 938 1500 vagare.

67 1503 142 1540 Sed
161 1504 287 1541 Rhen.
309 1517 456 1543 vacare.

120 1558 260 1607 Capita
281 1558 552 1613 gestabantur]
584 1559 668 1597 MS
699 1559 831 1596 Guelf.
861 1570 940 1596 non

67 1610 189 1651 habet
204 1613 485 1661 gestabanture
513 1613 580 1649 sed
612 1614 654 1650 in
671 1613 846 1661 margine
873 1614 941 1648 ad-

0 1665 3 1667 ’
66 1666 191 1703 ditum
209 1677 234 1703 a
250 1677 353 1703 man.
374 1677 447 1704 sec.
465 1673 682 1716 gestantur,
702 1668 804 1716 quod
822 1671 881 1704 est
899 1668 942 1704 in

66 1720 126 1756 ed.
146 1731 206 1768 pr.
227 1720 354 1758 Abest
371 1725 411 1757 et
439 1733 464 1758 a
493 1721 579 1759 MS.
599 1722 726 1759 Oxou.
748 1725 788 1758 et
811 1726 939 1772 potest

67 1775 264 1812 commode
281 1774 428 1812 abesse.
457 1775 568 1813 ERN.

123 1830 246 1874 Quive
273 1842 370 1875 vere,
389 1829 499 1880 quive
515 1828 643 1879 salso]
684 1830 823 1867 Franc.
855 1829 942 1866 Mo-

67 1881 154 1919 dius
173 1894 234 1919 me
264 1887 398 1920 monet
415 1884 458 1920 in
475 1881 589 1921 Rom.
608 1884 747 1920 codice
761 1884 854 1932 legi,
874 1884 943 1933 qui

66 1949 162 1982 vere,
182 1938 249 1987 qui
265 1938 389 1985 salso.
443 1938 560 1977 Quod
588 1937 689 1974 idem
709 1939 826 1975 etiam
846 1938 939 1973 seri-

66 1994 160 2038 ptus
197 1987 442 2029 Covarruviaie
476 1991 576 2027 liber
611 1992 793 2030 habebat.
831 1993 940 2029 L1Ps.

67 2045 245 2082 Itemed.
274 2057 335 2095 pr.
364 2046 513 2095 recepit
530 2047 713 2093 Pichena,
732 2051 851 2084 recte.
882 2051 942 2083 est

17 2108 29 2123 ¹
67 2100 172 2136 enim
192 2100 425 2148 elegantiae,
445 2103 485 2136 et
514 2101 643 2138 Taciti
667 2101 942 2138 consuetudini

65 2165 299 2201 congruens,
357 2155 467 2203 quive
513 2159 645 2192 tamen
682 2155 794 2192 MSS.
835 2156 940 2193 Flor.

70 2205 206 2257 (Bud.)
228 2207 365 2246 Guelf..
392 2208 506 2245 Unde
524 2213 619 2252 nata
636 2210 688 2246 sit
705 2208 867 2256 syllaba,
881 2220 943 2245 me

66 2266 238 2308 tacente,
268 2266 447 2312 apparet.
486 2264 595 2301 ERN.
633 2264 749 2301 Acid.
787 2263 943 2300 volebat

68 2316 138 2366 qui
154 2329 250 2362 vere,
269 2316 511 2366 quivefizlso.

123 2369 296 2408 Praemia
325 2370 495 2420 exposa]
527 2372 630 2408 Flor.
649 2371 752 2408 Bud.
784 2374 825 2408 et
842 2372 939 2420 Agr.

65 2425 284 2472 preemium,
303 2425 405 2472 quod
423 2425 569 2473 recepit
588 2426 708 2462 Gron.

127 2478 288 2516 Tradita
305 2477 557 2528 Principibus
573 2478 692 2528 more]
714 2477 795 2515 Diu
814 2478 853 2513 in
872 2478 943 2513 hoc

71 2531 170 2568 loco·
184 2529 262 2570 mei
300 2537 417 2580 atque
452 2533 570 2569 alieni
607 2533 763 2570 fluctus.
828 2532 943 2568 Nunc

71 2586 167 2623 sisto
184 2588 226 2624 in
245 2587 513 2624 emendatione
538 2597 625 2622 mea
639 2587 806 2623 ultima:
836 2597 942 2632 vera,

72 2640 148 2676 etsi
177 2641 334 2688 quidam
356 2641 596 2678 renituntur.
625 2642 691 2678 scd
716 2653 842 2689 neque
861 2652 943 2676 om-

73 2695 184 2732 nium
220 2698 295 2741 est,
329 2706 458 2732 veram
486 2695 669 2732 criticamv
701 2695 940 2743 approbare:

72 2749 167 2797 quid
185 2744 388 2785 exercere?
409 2749 470 2786 De
486 2760 549 2785 re:
581 2749 637 2784 ita
653 2748 752 2797 lego.
784 2749 945 2786 Tradita

72 2803 323 2852 Principibus
337 2814 455 2848 more,
470 2805 749 2840 munimentum
776 2803 830 2840 ad
844 2814 948 2851 prae-

72 2871 171 2903 aeene,
206 2859 250 2895 in
284 2864 481 2907 posterum
514 2858 674 2894 ultione.
736 2857 798 2893 lta
829 2856 948 2893 verba

74 2916 226 2950 structa
256 2916 363 2960 apte,
391 2922 477 2960 quae
508 2910 655 2957 alioqui
684 2921 764 2946 non
795 2910 947 2958 redigas

74 2965 148 3004 sub
160 2968 421 3015 grammaticae
429 2965 531 3012 leges
547 2977 556 3000 ε
577 2965 634 3000 ita
650 2964 845 3001 sententia
855 2975 948 3000 con—

73 3020 193 3058 cinna
207 3023 248 3058 et
264 3031 367 3058 vera.
421 3019 547 3065 Ultio,
563 3019 738 3066 inquam,
762 3018 843 3054 haec
867 3021 948 3055 tra-

75 3075 160 3112 dim
190 3077 250 3111 est
281 3073 525 3122 Principibus
555 3083 677 3117 more,
705 3072 754 3108 ad
779 3083 948 3120 praesens

74 3128 362 3166 munimentum
391 3131 432 3164 et
460 3126 626 3164 tutelam
659 3127 734 3172 sui,
772 3126 839 3163 sed
863 3138 949 3174 quae

76 3181 207 3221 ultio?
236 3184 279 3220 in
292 3188 509 3231 posterum.-
538 3182 578 3218 id
607 3184 682 3227 est,
710 3185 799 3228 post
825 3181 943 3228 ipsos,

75 3240 118 3274 et
140 3241 188 3274 ut
217 3247 413 3273 successor
439 3236 665 3272 ulciscatur.
718 3234 879 3271 Tacitus
904 3236 946 3271 in

77 3292 148 3329 hac
163 3302 206 3329 re
223 3301 257 3328 c.
274 3295 340 3328 40.
369 3290 505 3327 Fecere
507 3289 687 3337 facinus,
711 3290 822 3338 cujus
845 3290 950 3326 ultor

78 3350 134 3383 ese
152 3345 326 3395 quisquis
352 3346 543 3381 successit.
597 3343 651 3380 Et
668 3353 744 3390 quo
769 3342 871 3380 fine?
901 3346 948 3380 ut

79 3399 156 3446 ipsi
179 3399 220 3435 in
251 3398 432 3447 praesenti
451 3397 634 3434 tutiores.
684 3398 747 3434 Ita
763 3398 948 3434 Claudius

83 3452 143 3502 (in
160 3453 346 3490 Suetonio
366 3449 446 3499 11..)
472 3452 717 3488 Centuriones
734 3463 755 3487 e
772 3452 949 3500 conjura-

79 3507 133 3544 tis
150 3507 192 3542 in
218 3507 360 3543 caium
384 3507 589 3550 interemit,
610 3506 778 3554 exempli
800 3517 949 3542 caussa.

80 3565 122 3604 et
139 3560 386 3599 Domitianus
410 3559 721 3608 Epaphroditum
743 3558 801 3608 (in
817 3559 950 3598 eodem

991 1287 1090 1335 pum'
1112 1288 1400 1334 interfectores,
1420 1299 1460 1324 se
1487 1288 1674 1325 muniunt
1696 1292 1736 1325 et
1752 1292 1870 1328 tuen-

990 1346 1070 1379 tur.
1090 1379 1092 1383 ,
1127 1343 1295 1391 OEdipus
1313 1343 1383 1379 hoc
1408 1342 1466 1379 ita
1489 1342 1649 1390 pulchre
1676 1343 1781 1390 apud
1800 1343 1871 1380 So—

991 1395 1183 1444 phoclem,
1202 1395 1272 1433 ubi
1289 1398 1346 1433 ait
1371 1396 1469 1433 velle
1496 1408 1536 1432 se
1561 1398 1720 1445 exsequi
1739 1400 1778 1433 et
1795 1408 1869 1445 pu—

993 1450 1078 1486 nire
1097 1451 1180 1486 Laii
1198 1451 1365 1487 caedem'
1355 1462 1398 1487 m
1417 1449 1508 1487 OEd.
1526 1450 1618 1499 Tyr.
1635 1462 1673 1488 v.
1698 1456 1786 1491 139.

1221 1504 1231 1518 ἱ
1281 1502 1300 1519 5·
1350 1505 1360 1517 9
1409 1506 1426 1514 ⁶-

1048 1557 1146 1608 Κᾷμ’
1166 1574 1210 1595 αν
1227 1556 1377 1609 τοιαύτῃ
1392 1573 1488 1626 χειςι
1507 1561 1667 1611 τιμωρεῖν
1683 1557 1790 1596 θέλω

1049 1610 1156 1661 Κεῖνςν
1175 1625 1383 1665 προσαξκων
1401 1628 1472 1658 ουν,
1491 1611 1644 1661 ἐμαυταν
1663 1612 1805 1661 ὦφελω.

994 1667 1106 1703 ΙΛΡε.
1134 1649 1225 1703 iNon
1243 1666 1402 1703 memini
1428 1678 1489 1701 me
1517 1678 1703 1714 unquam,
1724 1677 1772 1703 ex
1790 1678 1869 1715 quo

992 1720 1122 1757 Taciti
1138 1731 1227 1757 cum
1244 1721 1376 1757 fructu
1392 1721 1588 1758 tractandi
1599 1721 1780 1758 fiduciam
1797 1722 1867 1758 ha-

994 1774 1077 1819 bui,
1096 1775 1158 1811 liic
1176 1775 1249 1811 loci
1264 1775 1432 1811 haesisse.
1460 1775 1565 1814 Quid
1579 1775 1682 1811 enim
1698 1775 1714 1811 ?
1736 1786 1868 1812 nonne

994 1829 1137 1866 clamat
1165 1833 1302 1865 auctor
1331 1840 1372 1866 se
1403 1829 1547 1874 dicere,
1580 1827 1783 1866 Vitellium
1818 1831 1869 1866 do

994 1882 1080 1920 istis
1092 1883 1326 1932 supplicium
1343 1884 1567 1931 sumpsisse,
1581 1894 1659 1920 non
1673 1888 1719 1920 ut
1733 1883 1868 1920 Galba

991 1949 1125 1974 manes
1145 1938 1217 1974 hae
1235 1938 1407 1975 vindicta
1421 1938 1579 1983 coleret,
1597 1939 1662 1974 sed
1676 1942 1723 1974 ut
1741 1938 1870 1974 solent

992 1992 1190 2040 Principes
1231 1992 1378 2039 'punire
1419 2003 1552 2028 omnes
1597 1992 1868 2028 interfectores

993 2047 1232 2094 Principum,
1244 2058 1322 2094 quo
1339 2049 1379 2083 et
1397 2045 1471 2094 ipsi
1488 2047 1529 2082 in
1540 2058 1707 2094 praesens
1722 2046 1802 2083 sint
1816 2046 1867 2082 ab

994 2101 1145 2137 insidiis
1163 2100 1381 2148 hujusmodi
1401 2101 1582 2145 tutiores,
1601 2104 1640 2138 et
1658 2102 1866 2137 successori

995 2154 1218 2203 exemplum
1242 2154 1470 2198 ulciscendi,
1490 2155 1522 2191 si
1549 2155 1642 2202 quid
1668 2156 1761 2203 ipsis
1775 2167 1869 2192 con·

995 2210 1145 2257 tigerit,
1165 2208 1376 2257 praebeant.
1402 2209 1473 2245 Ad
1482 2219 1665 2257 proesens,
1685 2211 1727 2246 in
1741 2216 1870 2257 poste·

992 2276 1097 2308 rum,
1116 2262 1170 2300 sic
1195 2263 1251 2300 H.
1276 2269 1317 2308 4,
1353 2268 1414 2302 17.
1446 2263 1565 2299 Clara
1582 2274 1628 2300 ea
1645 2265 1808 2300 victoria
1827 2264 1870 2300 iu

989 2328 1173 2366 praseae,
1207 2319 1250 2354 in
1274 2323 1469 2366 posterum
1499 2319 1603 2354 usui.
1659 2317 1714 2354 Τὰ
1741 2319 1869 2355 muni·

994 2378 1163 2408 mentum
1189 2376 1228 2408 et
1252 2373 1437 2408 ultionem
1462 2376 1554 2408 sunt
1580 2370 1792 2419 ἔτεξῆγησις
1809 2375 1871 2407 to-

994 2426 1074 2462 tius
1109 2425 1214 2462 illius
1248 2427 1423 2476 conquiri
1456 2431 1491 2462 et
1525 2426 1691 2474 interfici
1714 2425 1841 2474 jussit
1855 2440 1868 2461 .-

996 2480 1107 2528 quasi
1130 2480 1250 2516 foret:
1291 2480 1458 2516 interfici
1487 2478 1622 2525 jussit,
1654 2490 1731 2527 quo
1762 2482 1870 2516 recte

994 2534 1192 2581 Principes
1212 2538 1250 2570 et
1265 2546 1369 2570 more
1387 2535 1510 2570 veteri
1530 2533 1711 2579 judicant
1734 2544 1774 2569 se
1793 2532 1870 2570 sibi

994 2589 1282 2624 munimentum
1299 2588 1538 2624 circumdare
1557 2587 1605 2623 ad
1626 2597 1807 2635 praesens,
1826 2588 1869 2624 in

994 2643 1172 2678 futurum
1189 2654 1326 2689 parare
1349 2642 1541 2678 ultorem:
1572 2642 1632 2678 vel
1662 2641 1768 2689 quali
1784 2642 1869 2678 ani-

995 2695 1261 2732 madversione
1273 2699 1418 2744 putant
1434 2695 1631 2742 Principes
1653 2705 1696 2733 se
1714 2705 1870 2742 compa—

996 2761 1083 2786 rare
1100 2749 1190 2794 sibi,
1203 2750 1294 2786 dum
1315 2753 1421 2794 sunt,
1440 2752 1587 2785 statum
1605 2749 1868 2795 securiorem3

999 2805 1032 2840 si
1049 2804 1142 2851 quid
1168 2804 1303 2839 durius
1322 2803 1500 2849 eveniat3
1529 2813 1578 2839 ne
1595 2803 1696 2839 desit
1711 2803 1870 2849 vindex,

999 2857 1048 2893 ab
1068 2858 1240 2905 ipsorum
1270 2856 1446 2904 exemplo
1469 2857 1605 2893 doctus
1633 2857 1871 2894 decessorem

1000 2923 1079 2947 non
1098 2911 1267 2947 inultum
1284 2912 1379 2959 pati.
1425 2910 1663 2959 collegeram
1679 2909 1730 2948 ob
1745 2922 1871 2958 genus

1001 2965 1182 3013 loquendi
1198 2965 1279 3001 fere
1293 2964 1438 3010 omnia,
1458 2976 1543 3013 quae
1556 2964 1640 3010 jam
1658 2965 1727 3002 alii
1743 2965 1871 3002 edide-

987 3023 1109 3065 runt,
1137 3029 1263 3066 neque
1296 3019 1420 3066 repeti
1445 3030 1599 3056 necesse
1635 3023 1708 3056 est.
1751 3020 1812 3056 Sic
1831 3023 1872 3056 et

1007 3076 1067 3118 16,
1106 3078 1166 3113 17.
1206 3076 1400 3111 Annoeum
1433 3072 1639 3111 lam-anum
1666 3079 1872 3121 genuerat,

999 3127 1151 3175 grande
1182 3127 1446 3175 adjumentum
1479 3127 1742 3165 claritudinis.

997 3193 1080 3218 rem
1110 3182 1310 3229 pertinent
1334 3182 1422 3218 ista.
1476 3181 1684 3218 Suetonius
1710 3179 1873 3219 Claudio

1004 3240 1065 3272 11.
1088 3235 1228 3284 paucis
1239 3247 1259 3272 e
1276 3235 1563 3284 conjuratorum
1580 3236 1622 3272 in
1643 3236 1783 3272 Caium
1799 3248 1874 3272 nu-

999 3301 1101 3326 mero
1121 3290 1371 3338 interemptis,
1389 3289 1554 3338 exempli
1579 3289 1698 3326 simul
1720 3300 1870 3332 caussa,

1000 3350 1036 3381 et
1052 3343 1155 3392 quod
1170 3355 1282 3380 suam
1306 3355 1452 3391 quoque
1477 3354 1602 3380 necem
1617 3342 1872 3392 depoposcisse

1001 3402 1241 3446 cognoverat
1269 3397 1344 3432 Dio
1374 3402 1441 3441 47,
1470 3401 1533 3434 18.
1562 3395 1610 3433 de
1633 3395 1870 3432 triumviris.

1002 3450 1070 3487 οἵτε
1087 3451 1164 3502 γὰρ
1183 3465 1248 3491 της
1265 3449 1470 3515 μοναρχίας
1499 3448 1678 3498 waifarum,
1703 3450 1769 3485 καὶ
1785 3447 1876 3510 πρὸς

1001 3504 1115 3544 abo-nv
1140 3503 1370 3551 {caym-tvos,
1396 3502 1478 3544 τούς
1506 3517 1546 3540 τι
1570 3501 1738 3550 σφαγίοις
1760 3516 1874 3538 avo-ov

1003 3557 1087 3608 (τοῦ
1105 3555 1298 3610 Καίσαρος)
1322 3557 1400 3599 τοὺς
1427 3555 1573 3599 λοιπονς
1591 3555 1679 3608 ὄςγῇ
1696 3554 1874 3607 formem

1811 3125 1893 3166 Ad*
