2190 3880
317 151 423 198 208
926 151 1527 210 HISTORIARUM

178 294 232 333 A.
251 293 304 332 U.
317 273 708 329 beneficiorum
741 278 963 335 aderat:
992 283 1352 338 ,stultissimus
1392 280 1627 355 quisque
1654 284 1901 356 pecuniis
1927 293 2133 339 merce-

190 349 284 386 823·
320 345 516 399 batur:
553 349 696 419 apud
737 351 1007 420 sapientes
1044 368 1196 406 cassa
1234 354 1594 419 habebantur,-
1626 372 1750 424 quae
1787 373 1963 426 neque
1995 356 2139 420 dari,²

186 401 494 496 Aio‘fmeque
531 419 728 490 accipi,
749 421 915 473 salva
963 422 1289 493 Republica,
1335 435 1604 493 poterant.
1650 424 1920 478 -Tandem
1973 427 2134 496 flagi-

317 492 760 555 tante-exercita,
787 492 880 559 qui
910 490 1228 551 Mevaniam
1258 494 1546 557 insederat,
1571 510 1775 564 magno
1803 496 2130 553 Senatorum

314 558 554 628 agmine,
580 577 812 629 quorum
848 561 1048 613 multos
1075 564 1396 627 ambitione,
1426 563 1603 634 plures
1631 564 2130 618 formidine-trahe-

310 627 425 694 bat,
454 628 510 680 in
544 644 726 682 ,castra
754 631 920 695 venit,
947 631 1186 684 incertus
1225 634 1413 697 animi,
1440 645 1494 684 et
1533 633 1714 686 infidis
1754 635 1996 691 consiliis
2028 637 2140 688 ob·-

224 696 296 750 56
313 699 546 750 noxiuS.-
588 699 957 752 Concionanti
980 703 1383 772 (prodigiosum
1413 705 1590 767 dictu)
1617 705 2137 759 tantum-foedarum

311 769 594 821 volucrum
633 771 1065 840 supervolitavit,
1105 784 1167 824 ut
1199 775 1349 826 nube
1395 786 1515 826 atra
1559 775 1702 826 diem
1744 776 2121 829 obtenderent.

309 836 565 890 Accessit
606 840 788 892 dirum
830 859 1011 906 omen,
1052 842 1317 913 profugus
1354 845 1615 897 altaribus
1654 856 1855 910 tauruS,
1893 846 2140 917 disjecto·

308 909 565 960 sacrificii
605 911 1105 983 adparatu,-longe,
1143 931 1263 978 nec,
1293 915 1386 966 ubi
1431 915 1577 966 feriri
1621 915 1824 968 hostias
1869 935 1985 971 mos
2025 927 2127 982 est,

306 978 612 1032 confossus,
690 983 797 1034 Sed
838 984 1179 1054 praecipuum
1228 985 1345 1054 ipse
1379 985 1948 1039 Vitelliusssostentum
1991 999 2126 1052 erat,

305 1048 529 1119 ignarus
564 1051 796 1117 militiae,
823 1053 1144 1122 inprovidus
1179 1055 1414 1119 consilii,
1443 1056 1555 1126 quis
1589 1058 1712 1107 ordo
1748 1057 1987 1126 agminis,
2015 1075 2128 1128 quoe

304 1137 430 1171 cura
455 1120 773 1189 explorandi,
794 1132 1014 1192 quantus
1040 1124 1264 1195 urgendo
1291 1125 1596 1177 trahendove
1617 1125 1744 1178 bello
1769 1127 1960 1192 modus,
1988 1128 2124 1181 alios

304 1191 573 1260 rogitanS,
601 1205 657 1244 et
684 1194 751 1244 ad
780 1198 968 1245 omnes
995 1196 1236 1259 nuntiOS,
1267 1197 1417 1249 vultu
1447 1213 1665 1266 quoque
1690 1206 1745 1248 et
1779 1197 1990 1250 incessu
2018 1207 2124 1250 tre·

303 1261 656 1331 piduS‚.dein
698 1264 1045 1317 temulentus,
1126 1265 1412 1318 Postremo
1465 1268 1633 1319 taedio
1685 1277 2013 1333 castrorum,
2049 1279 2127 1333 et,—

306 1331 496 1385 audita
535 1333 844 1387 defectione
881 1334 1213 1389 Misenensis
1250 1337 1457 1403 classiS,
1495 1337 1732 1391 Romam
1770 1339 2013 1406 revertit,
2041 1356 2125 1391 re-

358 1510 440 1555 Qui
449 1509 679 1548 M'euaniam
698 1510 907 1561 insederat]
951 1501 1102 1550 Vocula
1118 1513 1188 1563 qui

222 1576 229 1580 ·
299 1562 436 1600 addita
458 1576 480 1600 e
501 1564 625 1601 libris.
675 1566 789 1602 Lu's.
845 1566 946 1603 Eam
969 1566 1187 1603 sustulerat

299 1617 428 1654 Rhen.
473 1618 547 1655 Est
562 1622 697 1655 tamen
717 1618 758 1654 in
775 1618 959 1655 omnibus
978 1619 1092 1656 libris
1109 1632 1186 1658 scr.

298 1673 342 1707 et
377 1670 464 1707 edd.
500 1674 607 1708 ante.
657 1672 765 1709 ERN.
832 1673 883 1709 In
912 1673 1018 1711 Bud.
1062 1674 1185 1711 deest.

297 1724 514 1762 Rhenanus
541 1725 646 1763 Mev.
676 1726 749 1764 ins.
784 1725 828 1762 in
859 1727 1086 1774 parenthesi
1116 1739 1186 1777 po-

298 1777 430 1815 nenda
446 1777 627 1826 putabat.

348 1831 474 1869 Diem
510 1831 768 1881 obtenderent]
825 1832 937 1870 Bene
979 1833 1038 1871 ita
1074 1831 1184 1879 libri,

294 1892 378 1921 non
423 1885 688 1931 obtunderent,
736 1890 784 1922 ut
824 1885 863 1937 (e
897 1885 1021 1937 Bud.)
1057 1886 1186 1925 visum

293 1936 435 1975 Beato.
482 1937 730 1980 Quibusdam
754 1938 820 1988 (ut
838 1938 955 1990 Agr.)
977 1941 1186 1988 scriptum,

293 1991 392 2028 nube
409 1992 567 2028 radium
586 1991 824 2030 obtenderent
839 1991 916 2043 (ed.
934 1992 1011 2043 pr.)
1032 1995 1186 2032 vitiose.

294 2043 407 2082 laps.
468 2044 722 2082 Obtenderent
768 2045 890 2083 etiam
935 2047 1040 2092 Flor.
1083 2048 1183 2095 Agr.

293 2098 428 2135 Guelf.
461 2097 548 2136 edd.
583 2102 678 2135 ante
711 2099 840 2136 Rhen.
873 2100 970 2137 item
1001 2101 1108 2150 Lips.
1142 2103 1185 2137 et

291 2161 401 2200 seqq.
419 2155 568 2189 onmes-
623 2153 757 2190 Simile
778 2152 876 2190 illud
895 2153 982 2191 Silii
1005 2159 1069 2200 10,
1087 2159 1182 2192 228.

290 2203 462 2243 obtendit
493 2206 655 2254 pulvere
691 2207 814 2243 lucem
829 2219 841 2241 .·
879 2210 924 2243 ut
954 2219 1092 2245 omnes
1123 2207 1184 2244 ibi

285 2257 398 2295 codd.
427 2258 588 2296 habent.
641 2259 732 2305 Sed,
752 2262 800 2296 ut
821 2257 879 2296 ibi
900 2260 1022 2298 obtun
1044 2262 1103 2300 dit
1126 2259 1184 2297 le-

287 2312 463 2359 gendum
492 2315 626 2349 censet
656 2312 708 2349 N.
738 2311 948 2359 Heinsius,
979 2315 1043 2351 sic
1082 2315 1122 2351 h.
1155 2314 1183 2352 l.

288 2364 506 2403 Rhenanus
540 2366 787 2403 obtunderent
820 2366 959 2412 edidit,
988 2369 1125 2405 utrum
1161 2379 1183 2404 e

288 2419 374 2457 cod.
405 2419 509 2456 Bud.
542 2429 594 2455 an
627 2430 674 2456 ex
705 2419 884 2468 ingenio,
913 2431 993 2458 non
1023 2424 1182 2458 constat

290 2471 391 2523 (non
418 2472 590 2521 amplius
616 2472 688 2509 hoc
713 2472 897 2523 dubium)
918 2474 1035 2523 idque
1055 2474 1181 2511 secuti

289 2528 386 2562 sunt
402 2526 570 2564 editores
589 2537 713 2576 usque
732 2527 781 2563 ad
799 2526 907 2575 Lips.
963 2529 1048 2577 Ego
1065 2528 1180 2565 facile

285 2575 435 2629 largior
464 2580 660 2618 obtendere
685 2580 763 2618 dici
789 2591 862 2629 pro
890 2583 1028 2620 velare
1044 2596 1059 2618 .-
1090 2583 1180 2632 quis

287 2634 393 2670 enim
421 2634 493 2670 hoc
520 2633 666 2682 neget?
714 2635 848 2683 Atque
866 2635 906 2671 id
928 2635 1098 2673 docuere
1115 2647 1181 2673 ex-

291 2687 432 2734 emplis
450 2689 572 2725 Gron.
599 2687 647 2724 ad
674 2687 808 2725 Senec.
829 2688 921 2725 OEd.
939 2693 1034 2727 625.
1078 2690 1181 2727 Dra-

285 2739 406 2778 kenb.
431 2741 480 2778 ad
506 2740 646 2779 Silium
675 2741 702 2779 1.
727 2753 763 2779 c.
815 2739 975 2781 Verum
998 2743 1071 2780 hoc
1097 2753 1179 2780 non

284 2793 443 2832 videtur
476 2795 628 2841 fecisse,
663 2799 710 2833 ut
744 2796 917 2834 haereret
947 2797 1178 2843 Rhenanus,

286 2846 354 2884 sed
389 2849 646 2886 constructio.
701 2849 820 2894 Nam,
856 2851 934 2887 etsi
980 2850 1175 2888 obtendere

286 2900 406 2946 idem,
427 2903 529 2950 quod
552 2903 762 2948 occultare,
783 2903 1003 2951 significare
1025 2907 1172 2952 potest,

286 2957 422 2991 tamen
440 2966 519 2992 non
550 2956 684 2992 eodem
709 2957 827 2994 etiam
853 2957 969 2994 modo
994 2957 1172 2994 construi

283 3016 374 3044 cum
394 3007 651 3046 substantivis
670 3013 815 3058 potest.
831 3011 934 3048 2Viri
947 3011 1051 3047 docti
1069 3021 1169 3059 saepe

283 3059 328 3097 in
358 3060 431 3097 hoc
459 3073 539 3099 non
571 3063 666 3099 satis
700 3063 909 3112 diligentes
945 3067 1054 3102 sunt.
1107 3065 1169 3101 De

281 3112 394 3150 verbi
414 3114 452 3151 vi
469 3115 700 3163 simpliciter
721 3121 917 3166 quaerunt,
934 3118 1171 3155 constructi-

283 3172 400 3204 onem
418 3178 498 3204 non
515 3172 671 3206 curant.
701 3170 824 3219 Atqui
843 3171 1170 3219 significationem

285 3222 417 3268 potest
445 3220 610 3258 verbum
648 3233 894 3261 communem
922 3236 1012 3263 cum
1043 3225 1170 3262 altero

284 3270 455 3310 habere:
485 3285 612 3322 neque
630 3278 763 3311 tamen
781 3278 915 3314 statim
938 3278 1058 3314 etiam
1076 3289 1168 3316 con-

285 3328 557 3365 structionem.
586 3328 673 3365 vid.
702 3329 749 3364 ad
775 3341 810 3367 c.
834 3334 900 3369 49.
944 3331 1169 3369 Videndum

284 3391 394 3430 ergo,
426 3391 494 3426 an,
533 3381 857 3429 quemadmodum
901 3383 978 3419 dici
1022 3387 1168 3431 potest,

285 3438 374 3471 atra
391 3433 488 3471 nube
504 3435 694 3473 occultare
712 3435 827 3481 diem,
847 3437 908 3472 vel
928 3437 1166 3482 abscondere,

285 3487 343 3524 uic
363 3488 486 3526 etiam
513 3493 602 3526 atra
630 3487 728 3527 nube
757 3490 952 3527 obtendere
980 3490 1081 3528 diem
1104 3490 1167 3527 vel

285 3540 437 3580 lucem.-
473 3540 576 3590 quod
608 3553 687 3581 non
722 3542 904 3582 omnibus
936 3543 1021 3581 istis
1053 3543 1166 3590 locis,

1701 1419 1724 1444 θ

1240 1523 1328 1562 quae
1361 1523 1388 1550 a.
1417 1512 1740 1551 Drakenborchio
1767 1512 1934 1562 aliisque
1968 1512 2123 1563 prolata

1240 1569 1350 1612 sunt,
1363 1566 1555 1604 efficitur:
1584 1567 1651 1604 sed
1664 1566 1758 1604 solis
1773 1567 1892 1605 Statii
1909 1569 1951 1605 et
1967 1567 2122 1604 Senecae

1239 1620 1359 1656 locis:
1387 1622 1544 1669 poedore
1561 1621 1676 1668 soedo
1701 1621 1924 1673 qualidum
1948 1621 2123 1659 obtentus

1240 1686 1405 1720 comam,
1424 1678 1471 1711 ut
1487 1677 1593 1722 recte
1612 1673 1667 1712 ibi
1690 1674 1873 1713 restituit
1882 1675 2123 1722 Gronovius,

1239 1739 1330 1764 cum
1359 1732 1452 1764 ante
1488 1731 1591 1765 esset
1621 1727 1790 1765 obtectus
1803 1741 1817 1765 .·
1858 1728 1963 1765 unde
1990 1732 2119 1777 patet,

1239 1791 1393 1828 semper
1422 1781 1466 1817 in
1494 1781 1567 1818 hac
1595 1780 1723 1818 forma
1743 1780 1899 1818 haesisse
1920 1781 2024 1819 viros
2052 1781 2122 1819 do-

1238 1838 1336 1871 ctos.
1382 1835 1534 1880 Quare,
1552 1845 1643 1872 cum
1659 1834 1703 1871 in
1721 1833 1851 1872 tribus
1868 1835 1962 1872 locis
1981 1835 2126 1873 simili·-

1239 1887 1315 1925 bus
1342 1888 1594 1926 consentiant
1625 1888 1740 1926 MSS.
1774 1899 1856 1927 non
1886 1889 2127 1935 tentandam,

1239 1941 1340 1978 hanc
1357 1941 1542 1990 loquendi
1559 1941 1740 1988 formam,
1762 1942 1838 1979 etsi
1862 1941 2060 1980 duriorem
2079 1946 2121 1980 et

1238 1994 1367 2044 poetis
1396 1995 1629 2044 digniorem,
1657 2006 1775 2044 quam
1804 1995 1991 2044 prosaicis
2025 1996 2120 2033 scri-

1236 2047 1433 2096 ptoribus,
1465 2052 1587 2096 puto:
1621 2053 1812 2094 ceterum,
1844 2048 1879 2085 si
1904 2048 1998 2086 libri
2024 2048 2121 2087 boni

1237 2102 1430 2147 faverent,
1453 2102 1570 2138 facile
1594 2102 1842 2141 obtunderent
1867 2103 2123 2151 praelatum-,⁴

1235 2158 1283 2192 ut
1310 2155 1466 2205 dignius
1497 2155 1571 2192 tali
1599 2155 1790 2204 scriptore
1817 2158 1858 2192 et
1885 2155 2119 2206 elegantius.

1236 2209 1345 2247 Ena.
1408 2209 1571 2247 Rectius
1617 2207 1870 2247 obtenderent.
1917 2214 1965 2250 nt
2007 2210 2118 2259 virg.

1238 2263 1388 2311 Georg.
1412 2268 1449 2310 1,
1477 2267 1571 2301 248.
1597 2263 1750 2300 obtenta
1774 2263 1987 2301 densantur
2011 2265 2121 2302 nocte

1236 2315 1411 2353 tenebrae.
1463 2316 1585 2354 Plura
1612 2314 1723 2354 dabit
1746 2317 1788 2354 J.
1817 2317 1884 2356 Et.
1913 2316 2039 2357 Gron.
2067 2315 2118 2355 ad

1237 2369 1322 2406 Liv.
1346 2374 1380 2412 1,
1400 2374 1466 2410 57.
1874 2387 1876 2389 >

1293 2423 1447 2472 Longe,
1480 2433 1551 2458 nec
1583 2420 1651 2458 ubi
1671 2421 1815 2473 feriri]
1874 2422 2033 2460 Praeivit
2065 2423 2116 2460 ad

1235 2476 1548 2512 emendationem
1581 2474 1684 2512 hanc
1713 2476 1840 2514 Vatie.
1874 2477 1943 2525 qui
1976 2476 2115 2522 refert,

1232 2529 1348 2578 longe
1374 2529 1488 2567 necui
1502 2528 1638 2577 feriri.
1692 2529 1796 2567 Nam
1823 2530 1893 2567 alii
1924 2527 2016 2567 libri
2050 2529 2114 2566 bic

1232 2583 1378 2620 mutili.
1433 2583 1668 2620 Ominosum
1695 2594 1789 2620 vero
1817 2583 2055 2632 antiquitus,
2080 2583 2116 2621 si

1234 2636 1363 2673 hostia
1379 2631 1560 2685 fugisset,
1578 2646 1651 2674 nec
1667 2648 1739 2686 suo
1758 2637 1858 2684 loco,
1878 2637 1917 2674 id
1942 2639 2003 2690 est
2019 2640 2116 2674 ante*

1233 2701 1342 2726 aram
1359 2700 1457 2726 caesa
1473 2689 1627 2728 fuisset.
1679 2691 1844 2729 Festus:
1879 2690 2121 2728 Piacularia·

1232 2743 1495 2794 appellabant,
1529 2755 1615 2794 quoe
1641 2744 1952 2794 sacrificantibus
1981 2743 2117 2781 trotio

1226 2796 1518 2846 portendebant,
1538 2809 1626 2834 cnm
1642 2805 1712 2836 aut
1729 2798 1856 2836 hostia
1873 2798 1921 2836 ab
1937 2809 2009 2834 ara
2019 2807 2115 2846 prof

1217 2850 1414 2899 fug-isset,
1431 2856 1502 2888 aut
1514 2862 1699 2900 percaeca
1714 2852 1912 2902 mugitum
1931 2850 2110 2897 decimet,

1228 2910 1299 2941 aut
1336 2904 1379 2941 in
1415 2904 1540 2941 aliam
1578 2911 1734 2953 partem
1772 2906 1957 2954 eorporis,
1991 2914 2117 2952 quam*

1227 2963 1429 3006 oporteret,
1447 2958 1656 2996 cecidisset.
1699 2957 1852 2996 Plinius
1872 2963 1911 3003 8,
1927 2961 1978 2994 45
2003 2956 2108 3007 (70),

1224 3010 1421 3048 Notatum
1438 3017 1496 3049 est
1511 3012 1668 3057 vitulos,
1685 3012 1739 3049 ad
1754 3023 1846 3049 aras
1858 3010 2027 3048 tanmem
2040 3010 2109 3048 lto-

1223 3065 1342 3102 mim's
1364 3066 1520 3111 allatos,
1538 3076 1614 3101 non
1625 3066 1717 3114 sere
1739 3065 1880 3103 litare.-
1906 3065 2011 3101 sicut
2037 3075 2109 3102 nec

1223 3118 1486 3164 claudicante,
1503 3130 1571 3155 nec
1598 3118 1727 3156 aliena
1745 3117 1873 3156 hostia
1890 3116 1998 3154 Deos
2015 3117 2108 3166 pla-

1224 3172 1325 3217 cari,
1342 3184 1410 3209 nec
1424 3171 1598 3208 trahente
1613 3183 1653 3209 se
1670 3171 1718 3208 ab
1737 3171 1834 3208 arie.
1876 3170 1988 3208 1011’8.
2040 3169 2108 3221 vNe

1223 3226 1290 3262 cui
1307 3225 1427 3261 etiam
1447 3223 1551 3261 Flor.
1572 3223 1631 3260 ed.
1650 3235 1711 3271 pr.
1743 3224 1828 3262 MS.
1846 3221 1959 3260 Bodl.
1988 3223 2106 3272 longe

1222 3288 1343 3328 quam
1358 3277 1436 3313 ubi.
1496 3276 1591 3313 Mox
1607 3277 1742 3315 eadem
1760 3276 1822 3315 ed.
1838 3276 1941 3314 male
1958 3277 2106 3326 conse&

1221 3342 1302 3368 sus.
1327 3331 1435 3367 ERN,
1472 3329 1576 3366 Bud.
1589 3330 1796 3378 longeubi,
1808 3330 1956 3373 omisso
1968 3342 2101 3380 quarn,
2136 3359 2138 3362 Α

1221 3383 1326 3433 quod
1344 3383 1386 3420 in
1403 3382 1509 3431 vulg.
1564 3383 1780 3421 Rhenanus
1797 3394 1914 3421 sunm
1932 3383 2104 3421 codicem

1220 3436 1402 3484 sequitur
1427 3440 1468 3472 et
1495 3437 1658 3485 exponit
1686 3436 1822 3485 procul
1848 3436 1898 3474 ab
1926 3447 1973 3474 eo
2000 3437 2101 3482 loco,

1220 3490 1303 3527 ubi.
1332 3490 1429 3528 Cod.
1446 3491 1545 3541 Agr.
1563 3492 1679 3540 conge
1695 3503 1742 3529 ne
1756 3491 1832 3529 cui.
1884 3489 1985 3530 Mtix
1996 3489 2100 3530 Bud.

1219 3543 1406 3583 comitiis.
