2190 3880
250 143 351 189 '1362
376 123 379 125 ’

770 141 827 190 C.
862 139 1250 194 CORNELIUS
1283 143 1565 196 TACITUS

258 267 528 319 tissimum
568 264 1062 322 initium-credunt.
1106 306 1111 311 -
1138 264 1259 323 Nec
1292 271 1498 324 dierum
1535 275 1839 336 numerum,
1869 283 1928 324 ut
1956 289 2086 349 nos!

257 338 350 390 sed
391 338 636 390 noctium
679 351 1021 410 computant.

255 427 370 461 nox
397 409 595 460 ducere
635 408 780 461 diem
815 411 1047 462 videtur.

1096 340 1190 392 Sic
1228 343 1589 406 constituunt,
1631 344 1710 395 sic
1756 345 2075 396 condicunt.

1126 410 1265 462 Illud
1298 429 1368 462 ex-
1406 411 1654 466 libertate
1688 413 1901 478 vitium,
1927 415 2085 484 quod-

205 546 212 549 -
255 497 368 531 non
413 479 591 544 simul,
619 498 720 532 nec
752 491 814 532 ut
842 480 983 549 jussi
1026 483 1379 543 conveniunt,
1408 482 1499 533 sed
1541 492 1598 532 et
1628 482 1763 535 alter
1787 497 1844 536 et.
1881 485 2074 536 tertius

256 550 370 601 dies
397 551 749 603 cunctatione
781 549 1096 602 coeuntium
1126 551 1448 601 absumitur.

879 619 1168 671 Silentium
1208 638 1304 690 per
1345 621 1684 686 SacerdoteS,
1719 623 1919 692 quibus
1958 637 2077 679 tum

256 619 548 673 considunt
590 621 803 672 armati.

1524 550 1603 603 Ut
1641 553 1815 606 turb'ae
1851 555 2075 624 placuit,

257 703 312 744 et
339 693 625 745 coercendi
658 692 753 759 jus
798 701 900 759 est,
927 691 1243 760 imperatur.
1321 690 1463 743 Mox
1503 691 1647 756 Rex,
1682 694 1762 745 vel
1799 693 2078 766 Princeps,

259 775 420 832 prout
454 775 586 814 aetas
623 761 839 831 cuique,
870 775 1032 831 prout
1079 761 1356 826 nobilitaS,
1385 774 1547 832 prout
1586 763 1750 816 decus
1794 764 2078 831 bellorum,

256 844 421 904 prout
456 831 711 884 facundia
750 844 850 895 est,
877 831 1190 897 audiuntur,
1214 835 1540 885 auctoritate
1577 835 1838 888 suadendi
1882 837 2077 907 magis,

256 922 418 973 quam
452 903 686 972 jubendi
729 913 1018 972 potestate.
1095 903 1153 954 Si
1195 903 1473 972 displicuit
1529 906 2077 970 sententia,„fremitu

258 975 686 1045 adspernantur3
750 975 832 1024 sin
893 973 1116 1044 placuit,
1165 973 1394 1025 frameas
1450 977 1801 1028 concutiunt.

1879 976 2077 1029 Hono-

185 1048 244 1093 12
262 1046 591 1102 ratissimum
619 1044 877 1096 adsensus
910 1061 1081 1115 genus
1117 1057 1218 1110 est,
1244 1045 1408 1096 armis
1438 1045 1673 1098 laudare.
1749 1046 1906 1105 Licet
1930 1049 2077 1120 apud

254 1239 295 1272 et
318 1236 527 1285 perspicax
554 1234 782 1272 habeamus.
837 1234 912 1272 Sed
937 1246 1033 1272 usus
1068 1246 1139 1272 au-

253 1290 431 1327 diendus.
471 1290 582 1326 ERN.
625 1288 699 1327 Ed.
729 1290 843 1326 Rom.
870 1290 1140 1337 auspicatissi-

253 1355 372 1381 muna

307 1397 388 1433 Sed
403 1394 596 1445 noctium]
637 1396 698 1432 De
716 1395 790 1431 hoc
808 1395 890 1431 ritu
908 1405 945 1431 v.
969 1393 1085 1442 plura
1097 1394 1141 1431 in

252 1450 428 1487 scherzii
444 1450 573 1487 Gloss.
602 1449 837 1486 Germanico
856 1448 975 1485 medii
999 1448 1084 1485 aevi.
1102 1459 1141 1485 v.

253 1502 400 1541 Nackt.
430 1504 432 1506 ’

305 1558 375 1594 Sic
400 1557 655 1602 constituunt,
683 1557 742 1593 sic
767 1553 988 1605 condicunt]
1038 1555 1142 1593 Sunt

250 1610 370 1647 verba
398 1611 583 1654 forensia,
605 1621 691 1658 quw,
719 1610 972 1646 illustrantur
998 1620 1024 1650 a
1041 1610 1141 1646 Gro-

251 1667 368 1702 novio
397 1663 494 1702 Obs.
520 1670 556 1708 1,
583 1669 615 1700 1.
669 1664 769 1700 Vult
798 1663 927 1699 dicere
950 1663 993 1699 in
1020 1662 1139 1700 rebus

250 1717 488 1764 forensibus,
507 1729 598 1754 cum
625 1720 782 1765 tempus
812 1718 965 1754 certum
994 1716 1139 1753 consti·

249 1773 442 1810 tuendum
464 1775 537 1817 est,
559 1774 606 1807 ut·
625 1771 666 1806 in
683 1771 914 1807 vadimoniis
939 1775 979 1806 et
1000 1770 1139 1807 simili-

249 1826 340 1871 bus,
374 1829 507 1863 noctes
543 1825 704 1870 finiunt,
740 1836 821 1861 non
857 1824 966 1860 dies:
1010 1835 1138 1872 neque

250 1881 327 1917 diei
357 1881 463 1928 apud
487 1879 589 1924 illos,
615 1879 682 1915 sed
708 1879 833 1914 noctis
857 1878 992 1915 dictio.
1039 1877 1138 1915 Add.

251 1936 383 1971 Caesar
400 1933 448 1970 Β.
463 1934 511 1970 G.
529 1936 571 1978 6,
589 1939 650 1969 13.
682 1933 776 1968 Mox
792 1944 870 1968 uox
888 1932 989 1968 diem
1005 1932 1140 1968 ducere

250 1988 418 2032 videtur,
438 1990 499 2023 est
516 1998 593 2023 nox
611 1986 720 2034 prlor
741 1987 820 2031 die,
838 1985 921 2022 dies
942 1985 1052 2033 sequi
1070 1997 1146 2021 no«

249 2046 369 2086 ntem,
387 2045 435 2078 ut
454 2042 583 2080 Caesar
599 2041 670 2075 ait.
715 2041 823 2077 ERN.

303 2096 396 2132 Non
412 2095 546 2140 simul,
566 2106 634 2130 uec
642 2093 769 2142 jussi]
819 2092 1138 2140 Bambergensis,

237 2148 371 2196 jussu.
426 2148 642 2186 Rhenanus
676 2148 716 2183 in
749 2148 871 2184 veteri
900 2147 1030 2183 codice
1063 2146 1138 2197 (ed.

246 2199 443 2251 Norimb.)
475 2201 554 2254 legi
583 2202 655 2246 ait,
685 2213 752 2237 uec·
785 2200 941 2249 injussi.
978 2211 1027 2236 ex
1060 2211 1138 2248 quo

248 2255 348 2292 bene
365 2255 486 2292 etiam
505 2255 720 2302 scripseris,
738 2267 808 2290 nec
826 2260 869 2291 ut
875 2254 996 2302 jussi.
1026 2254 1136 2291 L112s.

247 2309 333 2348 MS.
362 2307 558 2357 quondam
583 2308 874 2352 Pirckbeimeri,
893 2307 984 2343 dein
1005 2307 1138 2343 Comi-

244 2363 299 2399 tis
335 2362 541 2399 Arondelii
573 2373 642 2400 nec
676 2366 719 2397 ut
739 2361 858 2409 jussu
895 2362 1135 2396 conveniunt.

245 2417 302 2454 Et
337 2417 393 2452 sic
427 2415 652 2464 legendum,
689 2419 775 2460 aut,
809 2413 1136 2462 quemadmodum

245 2470 423 2518 Lipsius,
441 2476 486 2506 ut
494 2468 615 2517 jussi.
650 2467 739 2504 Hoc
759 2473 833 2513 est,
847 2478 928 2503 non
946 2471 1135 2514 tanquam

246 2535 296 2560 ex
321 2523 405 2571 lege
437 2528 477 2560 et
505 2522 684 2571 imperio,
705 2525 752 2558 ut
775 2521 824 2557 ad
841 2521 944 2557 diem
961 2520 1134 2558 edictum

245 2577 428 2625 religiosa
459 2575 734 2613 observatione
769 2579 1008 2621 occurrant3
1054 2586 1134 2611 non

245 2631 359 2679 quasi
378 2634 562 2678 parentes
581 2629 746 2677 imperio
766 2628 976 2665 indicentis
994 2626 1054 2664 vel
1074 2628 1134 2663 in-

244 2686 477 2729 dicentium,
493 2684 560 2720 sed
572 2683 682 2720 velut
694 2682 894 2719 commodo
911 2685 951 2718 et
967 2681 1134 2726 arbitrio

245 2750 329 2776 suo.
384 2738 443 2776 Ut
471 2737 529 2774 illi
558 2737 734 2774 advocati
759 2735 934 2774 Plautini
962 2736 1074 2772 Poen.
1093 2741 1134 2779 3,

250 2798 285 2837 1,
310 2798 371 2832 19.
394 2791 462 2840 qui
481 2791 617 2828 liberos
635 2791 805 2827 homines
818 2802 890 2838 per
907 2789 1036 2826 urbem
1055 2801 1139 2826 mo·

245 2848 347 2891 dieo,
365 2846 497 2895 magis
521 2857 600 2894 par
627 2857 718 2888 esse,
745 2843 878 2892 gradu
908 2844 978 2888 ire,
1007 2855 1133 2880 cense-

244 2900 347 2936 bant.
393 2901 531 2936 GRON.
585 2897 698 2934 Nihil
726 2897 834 2933 aliud
852 2897 929 2933 fuit
953 2897 995 2932 in
1013 2895 1131 2941 libro,

245 2954 348 2990 unde
377 2954 461 2990 cod.
490 2952 539 2989 K.
573 2952 702 2987 editus
729 2954 803 2996 est,
829 2950 896 2998 qui
922 2949 1043 2986 habet
1070 2951 1133 2986 in-

233 3007 355 3055 jussi.
410 3007 496 3054 Ego
515 3010 559 3042 ut
565 3006 674 3054 jussi
690 3004 804 3040 edere
830 3015 910 3040 non
934 3002 1129 3049 dubitavi,

243 3059 345 3109 quod
367 3065 407 3095 et
427 3059 679 3097 Burmannus
696 3057 901 3107 probabat.
930 3056 1130 3094 Habuisse

242 3114 402 3150 videtur
425 3113 466 3148 in
485 3114 616 3149 animo
642 3112 772 3149 locum
802 3111 945 3159 Virgil.
973 3112 1066 3148 AEn.
1087 3117 1129 3156 3,

245 3170 338 3204 236.
365 3165 474 3203 haud
488 3178 595 3202 secus
612 3162 957 3214 acjussisaciunt.
994 3163 1131 3203 Paullo

244 3224 335 3270 post
350 3219 435 3257 cod.
455 3216 584 3267 Kapp.
602 3231 673 3267 pro
686 3218 905 3256 coeuntium
922 3217 1040 3255 habet
1059 3231 1131 3255 coe-

242 3275 356 3312 tium.
403 3273 512 3310 ERN.
569 3272 651 3308 Ms.
683 3272 860 3319 Longolii
883 3284 952 3309 ‘nec
977 3273 1129 3320 injussi.

245 3329 308 3366 Sic
332 3327 457 3365 et-ed.
486 3325 598 3362 Rom.
629 3324 857 3362 Gebaverus
886 3325 911 3361 l.
934 3337 967 3362 c.
995 3338 1034 3373 p.
1061 3330 1127 3363 30.

245 3381 408 3431 perinde
437 3382 567 3429 putat,
588 3379 668 3415 sive
693 3379 799 3427 legas
820 3390 889 3414 uec
901 3379 1023 3426 jussi,
1048 3380 1128 3415 sive

243 3449 312 3473 uec
328 3441 373 3473 ut
380 3434 500 3483 jussi.
537 3433 700 3470 Sensum
722 3443 827 3469 esse:
857 3433 1014 3468 etiamsi
1021 3432 1129 3480 jussi

233 3490 406 3538 suerint,
435 3492 549 3524 extra
567 3486 741 3523 ordinem
770 3484 918 3522 scilicet
942 3488 983 3521 et
1001 3485 1049 3521 ad
1069 3496 1130 3521 re-

243 3543 408 3593 pentina
434 3540 593 3581 comitia
621 3541 762 3578 vocati.
804 3539 910 3578 Dein
928 3538 1012 3578 MS.
1029 3539 1132 3578 Lon-

1191 1235 1287 1284 golii
1305 1236 1460 1273 coetium
1488 1234 1604 1284 plane
1631 1240 1678 1274 ut
1695 1236 1780 1273 cod.
1796 1237 1942 1286 Kappii
1960 1249 1994 1276 s.
2018 1239 2079 1277 ed.

1193 1289 1372 1326 Norimb.
1403 1290 1451 1326 ad
1479 1291 1581 1338 quod
1610 1290 1862 1339 Longolifus:v
1880 1296 1909 1314 ‘⁸
1927 1292 2022 1340 quid
2045 1293 2081 1330 si

1194 1354 1266 1391 pro
1312 1349 1478 1380 coetuum
1491 1342 1538 1381 ?”
1594 1345 1668 1381 Ed.
1702 1340 1817 1382 Rom.
1851 1343 1975 1382 habet
2006 1358 2081 1385 σα-

1193 1402 1318 1434 tuum.
1353 1398 1445 1434 Put.
1473 1398 1702 1436 coeuntium.
1873 1432 1905 1450 ,
2090 1428 2095 1441 ,-

1255 1450 1307 1487 Ut
1332 1450 1455 1487 turboe
1477 1451 1644 1499 placuit,
1677 1451 1882 1491 considunt
1912 1451 2093 1504 amati]

1196 1503 1363 1552 Scripsit
1380 1505 1541 1541 omnino
1558 1505 1720 1543 Tacitus
1736 1518 1746 1542 z
1782 1505 1835 1542 Ut
1849 1506 1968 1542 turbu‘
1985 1506 2080 1555 plu-

1195 1559 1288 1594 cuit.
1316 1568 1389 1594 sua
1418 1557 1514 1605 ipsis
1534 1558 1697 1598 scilicet.
1753 1560 1965 1608 Postquam
1985 1560 2081 1597 satis

1193 1612 1419 1660 ftequentes
1434 1613 1660 1651 convenisse
1677 1612 1755 1666 sibi
1768 1612 1843 1655 visi
1860 1617 1991 1658 sunt„
2026 1613 2081 1651 Et

1195 1665 1315 1702 habet
1333 1664 1375 1702 τὸ
1387 1666 1542 1714 placuit
1557 1677 1668 1702 suam
1682 1666 1890 1713 Venerem.
1934 1667 1998 1707 Sic
2016 1667 2081 1704 Li-

1195 1719 1281 1758 vius
1299 1723 1367 1764 33,
1386 1724 1431 1756 31
1442 1746 1452 1756 .
1490 1719 1728 1758 Antiochum
1744 1722 2081 1770 transgressurum

1193 1773 1235 1809 in
1265 1773 1472 1821 Europam
1503 1785 1626 1822 quum
1651 1775 1826 1823 primum
1849 1774 1887 1811 ei
1907 1785 1969 1811 res
1997 1786 2080 1812 aeuae

1187 1828 1443 1876 placuissent,
1462 1838 1537 1863 uon
1553 1827 1796 1868 dubitabant.
1827 1827 1913 1866 Liv.
1928 1833 1997 1875 39,
2012 1833 2080 1866 80.

1199 1880 1276 1916 Ubi
1310 1881 1409 1916 satis
1436 1881 1619 1928 placuere
1646 1882 1759 1927 vires,
1787 1888 1826 1919 et
1847 1881 1942 1930 jam
1969 1882 2081 1919 miles

1193 1946 1339 1984 quoque
1357 1934 1411 1970 ad
1424 1934 1623 1971 delendam
1634 1936 1805 1983 priorem
1819 1936 2080 1983 ignominiam

1194 1988 1338 2024 hostem
1346 1987 1536 2036 poscebat.
1559 1988 1790 2035 velleius's,
1804 1994 1816 2025 l
1832 1993 1847 2024 1
1855 1994 1898 2026 2.·
1915 1989 2079 2038 Itapla-

1193 2041 1302 2078 cebat
1323 2041 1503 2078 barbaris
1523 2054 1706 2079 numerus
1719 2054 1828 2088 suus,
1845 2044 1908 2080 ita
1918 2043 2079 2092 fiducia

1193 2096 1350 2139 virium,
1368 2100 1414 2131 ut
1429 2094 1642 2146 ubieunque
1658 2095 1788 2134 Caesar
1799 2102 1910 2142 met,
1925 2097 2027 2134 nim
2035 2098 2079 2134 in

1192 2160 1232 2184 se
1247 2154 1477 2197 reponerent.
1523 2150 1672 2186 Seneca
1687 2149 1803 2198 epist.
1822 2155 1888 2187 42.
1914 2162 1990 2187 uon
2005 2152 2081 2188 mi-

1192 2214 1266 2238 nus
1282 2214 1443 2248 ausura,
1457 2214 1545 2239 cum
1559 2203 1624 2239 illi
1640 2205 1738 2240 vires
1749 2215 1832 2241 suae
1843 2204 2078 2253 placuerint.
2098 2216 2102 2218 ·

1192 2255 1342 2292 Statius
1385 2261 1426 2302 2,
1461 2257 1555 2294 326.
1598 2255 1794 2295 Thebaid.
1843 2258 1892 2294 de
1932 2264 2076 2294 muro:

1195 2310 1325 2354 Quum
1349 2309 1523 2358 profugo
1548 2311 1732 2359 placuere
1757 2311 1850 2357 tori,
1875 2313 2078 2361 cervia-que

1190 2368 1338 2410 recepto
1367 2364 1572 2411 Sanguine
1603 2375 1753 2411 magum
1779 2365 1892 2402 redit.
1937 2365 2076 2402 Gnos.
2090 2391 2102 2398 .-

1190 2415 1354 2462 Recepit
1375 2417 1490 2452 turba
1513 2416 1768 2454 Alemannus.
1823 2417 1907 2454 Nec
1935 2417 2075 2455 dubito

1190 2468 1330 2505 melius
1349 2479 1432 2506 esse
1450 2468 1624 2516 vulgato.
1660 2471 1768 2508 Ean.
1814 2471 1978 2508 Lauem.
1997 2482 2077 2508 non
2101 2487 2103 2489 ·

1189 2523 1355 2570 recepit,
1377 2522 1559 2571 probavit
1583 2527 1733 2570 tamen,
1761 2524 1866 2561 sicut
1893 2529 1933 2561 et
1962 2524 2075 2562 nrot.

1187 2575 1402 2622 Bleterius,
1417 2575 1500 2614 alii.
1525 2577 1755 2626 Bipontinis
1766 2578 1973 2627 vulgatum
1990 2578 2076 2628 pla·

1188 2634 1263 2667 cet.
1732 2646 1736 2663 τ
1932 2662 1934 2664 »

1246 2677 1394 2728 Quibus
1410 2689 1494 2721 tum
1509 2689 1547 2721 et
1566 2686 1760 2723 coercendi
1772 2684 1864 2736 jus]
1912 2686 1976 2724 Ex
1998 2686 2075 2724 Ar-

1187 2737 1315 2785 tolphi
1346 2737 1501 2774 codice:
1533 2739 1671 2787 quibus
1699 2745 1829 2776 tumen
1863 2728 2073 2786 meri-endi,

1187 2791 1404 2827 Rhenanus
1432 2794 1558 2828 notat.
1613 2792 1660 2828 In
1686 2793 1770 2830 cod.
1795 2793 1927 2841 Kapp.
1955 2804 2073 2842 quem

1186 2855 1211 2880 a
1233 2845 1316 2881 cod.
1341 2844 1528 2894 Artolphi
1555 2856 1633 2882 non
1662 2845 1857 2884 diversum
1879 2850 1992 2895 puto,
2012 2851 2073 2886 est

1185 2898 1376 2946 tfiaequod
1409 2898 1624 2936 Rhenanus
1647 2898 1745 2948 legit
1771 2906 1913 2938 tamen.
1969 2901 2072 2939 Mihi

1185 2952 1342 2988 videtur
1376 2963 1460 2988 esse
1493 2963 1701 3001 operarum
1735 2954 1877 2991 vitium
1909 2966 1980 3003 pro
2012 2955 2072 2992 tii.

1184 3005 1292 3043 ERN.
1339 3005 1412 3042 Ed.
1444 3005 1610 3042 Norimb
1642 3008 1690 3044 tvi
1704 3013 1754 3044 et.
1809 3008 2072 3045 Ed.-Rom.et

1185 3059 1271 3096 MS.
1311 3059 1489 3107 Longolii
1531 3066 1659 3097 tamen
1693 3066 1742 3098 et.
1792 3061 1880 3099 Hoc
1923 3062 2073 3109 recepit

1184 3114 1347 3161 Longol.
1373 3113 1525 3149 Puteal.
1550 3120 1649 3151 tum.

1240 3167 1367 3203 Prout
1397 3173 1492 3204 ceta-s
1520 3166 1674 3217 cuique]
1728 3166 1967 3204 Claudianus
1996 3166 2070 3204 hoc
2103 3197 2107 3202 .

1185 3222 1304 3257 etiam
1323 3221 1362 3257 in
1383 3221 1522 3257 Getica
1550 3233 1731 3258 consessu
1758 3224 1869 3257 notat
1892 3219 1939 3256 de
1965 3219 2070 3258 bello

1185 3275 1323 3311 Getico
1341 3277 1705 3323 ‹imp-primosque
1728 3285 1886 3311 suorum
1911 3275 2070 3312 (imul-

1185 3335 1268 3364 tare
1274 3329 1303 3375 j
1306 3328 1406 3369 ubet,
1426 3328 1512 3363 belh⁴
1523 3343 1532 3361 s
1551 3330 1736 3376 annisque
1751 3327 1942 3365 verendos.
1982 3329 2069 3366 On·-

1184 3382 1316 3430 nigeri
1332 3382 1458 3416 sedere
1473 3390 1613 3428 patres.
1659 3383 1770 3418 Lms.

1237 3435 1310 3471 Sin
1320 3435 1672 3482 placuit,J2·ameas
1690 3434 1932 3486 concutiunt]
1962 3433 2066 3474 Add.

1184 3489 1242 3528 H.
1263 3491 1303 3537 5,
1327 3492 1389 3528 17.
1431 3490 1539 3527 ERN.
2056 3504 2061 3517 τ
