2190 3880
321 108 442 196 190⁵
906 142 1529 196 Hls'ronlAR'uM
1600 107 1629 113 >.

182 286 233 324 A.
252 287 303 324 U.
318 280 443 332 est,
471 287 594 321 cum
649 277 888 340 teporem
951 271 1241 335 incusaret,
1293 273 1473 324 statim
1505 266 1778 343 sativum,
1827 281 1887 326 nt
1936 265 2130 327 incale-

196 341 287 407 8233
316 348 522 391 scerent.
597 340 815 392 Vernile
861 342 1067 394 dictum
1107 361 1325 394 omnem
1375 343 1634 394 invidiam
1675 346 1731 397 in
1775 346 2128 410 eum⁴vertit,

185 393 300 488 ‘'iios‘'
322 421 591 480 tamquam
620 411 819 481 signum
857 412 1177 464 incendendae
1208 414 1461 463 Cremonae
1486 413 1710 477 dedisset,
1741 433 1863 484 quae
1882 415 2000 484 jam
2031 417 2131 467 fla·-

232 475 300 552 33
318 483 530 550 grabat.
604 482 983 551 Quadraginta
1024 494 1351 534 armatorum
1381 483 1549 533 millia
1578 485 1847 553 inrupere,
1874 486 2127 538 calonum

317 551 661 620 lixarumque
688 553 918 621 amplior
955 569 1229 616 numeruS,
1266 565 1321 603 et
1349 553 1404 603 in
1445 553 1726 604 libidinem
1765 574 1830 607 ac
1855 557 2127 608 saevitiam

316 624 653 692 conruptior.
731 623 857 673 Non
898 621 1157 692 dignitaS,
1185 641 1294 673 non
1341 634 1472 675 aetas
1510 626 1852 695 protegebat,
1879 643 1988 694 quo
2028 628 2130 678 mi-

316 711 416 744 nus
440 706 625 762 stupra
646 693 909 755 caedibuS,
931 693 1109 744 caedes
1133 693 1351 763 stupriS,
1374 695 1745 747 miscerentur.
1787 695 2127 749 Grandaevos

316 781 488 825 senes,
514 774 710 813 exacta
736 773 898 814 aetate
932 762 1179 827 feminaS,
1210 764 1339 815 viles
1367 764 1434 816 ad
1460 765 1718 833 praedam,
1747 766 1798 817 in
1829 766 2124 819 ludibrium

316 834 622 884 trahebant.
699 833 810 884 Ubi
849 833 1033 884 adulta
1074 834 1248 903 virgo,
1275 845 1370 885 aut
1409 836 1528 903 quis
1564 834 1739 886 forma
1778 837 2127 906 conspicuus,

315 904 612 966 incidisset,
642 902 693 972 yi
732 905 1090 972 manibusque
1126 904 1455 973 rapientium
1505 905 1765 971 divulsuS,
1802 907 1950 976 ipsos
1977 921 2128 977 post-

314 992 464 1025 remo
505 973 804 1043 direptores
833 973 884 1024 in
936 984 1181 1026 mutuam
1211 975 1504 1044 perniciem
1541 978 1758 1045 agebat.
1799 979 1926 1029 dum
1962 995 2127 1047 pecu-

314 1045 481 1108 niam,
503 1045 588 1095 vel
615 1046 803 1114 gravia
823 1063 955 1096 auro
979 1045 1303 1114 templorum
1327 1046 1489 1109 dona,
1507 1046 1610 1097 sibi
1633 1047 1862 1116 quisque
1884 1049 2125 1113 trahunt,

314 1115 521 1183 majore
560 1115 788 1166 aliorum
828 1115 882 1166 vi
934 1117 1343 1168 truncabantur.
1420 1117 1658 1175 Quidam
1704 1118 1868 1170 obvia
1909 1119 2127 1189 adsper-

314 1187 448 1249 nati,
478 1187 790 1238 verberibus
828 1187 1222 1255 tormentisque
1263 1187 1608 1239 dominorum
1650 1188 1840 1240 abdita
1878 1191 2126 1256 scrutari,

313 1257 529 1308 defossa
555 1275 756 1309 eruere.
815 1257 982 1308 Faces
1011 1257 1068 1308 in
1096 1257 1378 1310 manibus:
1418 1276 1550 1327 quas
1581 1259 1672 1311 ubi
1704 1259 1943 1328 praedam
1970 1277 2126 1332 eges-

314 1338 512 1391 serant,
541 1328 595 1378 in
626 1345 821 1379 vacuas
862 1328 1054 1379 domos
1081 1340 1137 1379 et
1163 1329 1347 1379 inania
1387 1329 1590 1398 templa
1620 1347 1713 1399 per
1741 1329 2016 1382 lasciviam
2035 1332 2126 1400 ja-

310 1399 667 1451 culabantur:
721 1408 888 1467 utque
931 1399 1203 1463 exercitu,
1245 1400 1394 1450 vario
1446 1399 1667 1471 linguiS‚
1726 1401 1988 1466 moribus,
2033 1402 2123 1454 cui

311 1471 477 1533 civeS,
506 1469 660 1533 socii,
688 1468 902 1520 externi
931 1469 1270 1533 interessent,
1313 1469 1541 1522 diversae
1573 1471 1876 1541 cupidineS,
1902 1484 1956 1523 et
1978 1471 2124 1524 aliud

310 1541 508 1609 cuique
531 1539 629 1603 faS,
660 1539 1084 1609 necquidquam
1111 1540 1400 1592 inlicitum.
1478 1540 1583 1592 Per
1610 1541 1960 1611 quatriduum
1991 1541 2126 1594 Cre-

309 1628 475 1663 mona
513 1609 744 1662 suffecit.
823 1609 963 1662 Cum
992 1610 1176 1662 omnia
1203 1628 1354 1663 sacra
1388 1611 1807 1682 profanaquejn
1834 1613 1963 1684 igue
1989 1631 2120 1666 con-

1239 1773 1377 1814 mater,
1397 1774 1450 1814 et,
1480 1769 1605 1806 sicubi
1630 1770 1763 1819 majus
1788 1770 1956 1818 Imm,
1978 1783 2124 1823 pugna

1240 1824 1343 1859 inter
1359 1823 1532 1860 victores.
1560 1824 1678 1862 L11’s.

307 1768 430 1815 quue
447 1768 554 1804 recte
576 1767 736 1813 dicitur,
757 1774 797 1804 et
823 1767 1056 1816 exquisitius
1081 1769 1187 1804 anti-

305 1822 517 1869 quiusque,
530 1833 647 1870 quam
665 1824 810 1866 cruori,
824 1826 872 1858 ut
883 1823 968 1869 jam
986 1822 1035 1858 ad
1049 1822 1187 1858 Anna-

303 1875 361 1911 les
391 1874 555 1912 dictum.
612 1877 751 1923 Itaque
783 1875 823 1911 id
854 1879 1013 1912 secutus
1047 1886 1186 1920 essem,
1294 1875 1452 1923 Majore
1479 1889 1516 1913 a.
1548 1889 1583 1913 v.
1613 1876 1911 1928 truncabantur]
1945 1877 2122 1915 Abscisis

304 1928 383 1965 nisi
401 1928 494 1964 libri
519 1928 739 1965 Florentini
763 1930 977 1966 auctoritas
996 1928 1187 1974 obstaret,

303 1983 370 2019 cui
387 1981 519 2018 Guelf.
534 1983 744 2019 consentit.
783 1983 879 2019 Mox
895 1995 966 2031 pro
983 1984 1189 2019 incalesce-

304 2041 389 2072 rent
407 2036 518 2073 MSS.
531 2037 659 2073 oxon.
675 2036 793 2074 Harl.
810 2037 1102 2074 inardescerent.
1134 2036 1187 2072 11-

303 2089 374 2125 lud
403 2100 554 2137 verum,
575 2094 616 2126 et
642 2090 799 2135 melius,
820 2094 868 2126 ut
896 2090 1024 2138 quivis
1051 2089 1185 2126 sentit.

305 2144 396 2190 Ipse
409 2143 544 2191 tepida
560 2155 664 2191 aqua
678 2155 757 2180 non
775 2143 1053 2190 incalescebat,
1067 2155 1186 2191 quam

305 2197 675 2245 suppeditaverant:
705 2197 896 2244 minatur,
923 2198 1022 2244 fore,
1052 2201 1100 2233 ut
1128 2197 1187 2232 illi

303 2250 600 2295 incalescerent,
614 2251 681 2287 sed
691 2251 770 2286 alio
782 2252 910 2289 modo.
930 2252 1038 2288 ERN.
1059 2250 1187 2287 Rhen.

305 2314 328 2338 e
341 2304 444 2340 Bud.
464 2305 606 2340 cruori.

355 2357 465 2394 Viles
482 2357 536 2394 ad
545 2356 741 2407 praedam]
764 2356 953 2394 Turnebo
967 2368 1016 2394 ne
1029 2357 1187 2393 acceda-

303 2422 391 2447 mus
421 2411 652 2447 rescribenti
671 2412 781 2448 miles
807 2411 861 2448 ad
871 2412 1063 2460 proedam.
1109 2411 1187 2448 Ta-

301 2465 374 2501 citi
403 2464 601 2501 enimvero
630 2475 756 2510 mens,
782 2475 848 2501 eos
876 2465 995 2512 ipsos,
1015 2465 1081 2513 qui
1114 2468 1185 2500 aut

302 2522 420 2558 aetate
439 2521 510 2555 aut
542 2517 813 2555 imbecillitate
833 2529 912 2554 non
930 2523 1044 2554 erant
1061 2519 1183 2555 ullius

302 2572 407 2617 aeris,
438 2576 570 2620 raptos
599 2578 734 2608 tamen
763 2582 835 2619 per
864 2572 1051 2608 saevitiam
1074 2577 1116 2609 et
1134 2572 1183 2608 ad

302 2626 476 2663 illusum.
534 2626 697 2662 Curtius
717 2637 796 2662 non
813 2625 1048 2663 absimiliter
1067 2626 1108 2662 in
1125 2627 1182 2662 di-

301 2680 481 2728 reptione
498 2680 714 2727 Persepolis
741 2684 780 2724 5,
801 2681 840 2716 6.
899 2679 1034 2729 Neque
1052 2682 1183 2716 avari-

300 2735 361 2771 tia
378 2734 516 2778 solnm,
535 2734 604 2770 sed
619 2735 739 2771 etiam
755 2732 978 2779 cmdelitas,
997 2735 1039 2770 in
1067 2740 1183 2782 capta

299 2787 393 2824 urbe
408 2793 597 2835 grassata
618 2794 684 2824 est.
719 2799 816 2823 auro
836 2793 1072 2836 argentoque
1089 2799 1182 2824 onu-

298 2842 368 2886 sti,
404 2841 501 2878 vilia
534 2842 777 2889 captivorum
813 2852 973 2889 corpora
1008 2841 1182 2878 trucida-

299 2894 404 2931 bant.
433 2894 546 2931 Lu’s.

354 2951 442 2984 Aut
460 2948 546 2996 quis
566 2947 706 2995 forma
736 2946 980 2996 conspicuus]
1013 2948 1080 2984 An
1110 2954 1181 2984 aut

293 3013 395 3050 puer
423 3002 549 3037 forma
578 3002 819 3049 conspicuus.
859 3002 996 3037 GRoN.
1028 3002 1076 3038 In
1096 3001 1180 3037 vtali

298 3057 487 3091 contextu
517 3065 595 3090 non
620 3055 776 3091 videtur
804 3055 1067 3091 necessarium
1087 3054 1181 3090 sub-

299 3108 516 3145 stantivum
535 3108 643 3155 poni.
701 3109 836 3145 Genus
850 3109 955 3144 enim
973 3112 1014 3145 et
1031 3109 1180 3144 mentio

297 3161 404 3198 facta
422 3161 585 3208 virginis
615 3161 725 3206 facit,
744 3165 792 3197 ut
816 3165 956 3209 sponte
981 3162 1179 3210 intelliga-

297 3218 367 3252 tur
383 3215 496 3262 pueri
529 3222 686 3250 nomen.
742 3214 909 3251 Solenne
940 3216 1012 3251 hoc
1032 3215 1176 3252 Graecis

297 3267 492 3316 inprimis.
519 3267 580 3304 Sic
609 3267 713 3314 apud
739 3268 898 3306 Homer.
916 3268 963 3305 n.
981 3274 1027 3305 A.
1045 3268 1176 3314 initio,

298 3322 454 3371 ψυχαῖς
489 3318 650 3369 ἰφθίμων
683 3326 940 3368 opponuntur
969 3321 1074 3358 αὐτοὶ
1106 3333 1177 3369 pro

297 3374 481 3423 napum
511 3377 552 3410 et
569 3374 624 3409 sic
641 3374 802 3411 centies.
830 3375 936 3410 ERN.

353 3429 465 3477 Ipsos
492 3433 684 3477 postremo
711 3426 933 3476 direptores]
973 3428 1081 3464 Talis
1111 3427 1178 3463 illa

295 3482 340 3521 in
359 3485 476 3530 capta
494 3479 593 3518 urbe
623 3481 831 3529 descriptio
851 3481 1117 3520 Quinctiliani
1137 3486 1175 3525 8,

294 3541 336 3574 3.
390 3534 451 3574 Et
482 3540 620 3574 conata
647 3536 809 3575 retinere
843 3534 1034 3584 infantem
1063 3547 1178 3573 suum

1241 1928 1439 1973 manibus,
1470 1936 1518 1966 ut
1544 1931 1775 1968 omitterent
1798 1935 2003 1979 occupata.
2037 1933 2124 1976 sed,
2174 1969 2177 1974 ,

1242 1982 1285 2018 ni
1320 1982 1449 2027 fallor,
1483 1983 1575 2020 huic
1609 1985 1666 2020 rei
1702 1996 1782 2021 non
1815 1985 1911 2022 satis
1937 1984 2125 2023 convenit

1241 2035 1387 2084 majore
1414 2037 1582 2073 aliorum
1615 2040 1667 2075 vi.
1694 2037 1796 2074 forte
1825 2038 1903 2075 fuit
1919 2035 2124 2077 obtrunca-

1242 2090 1382 2126 bantur
1398 2090 1460 2136 (ut
1471 2090 1604 2127 'voluit
1623 2089 1779 2141 Heius.)
1799 2091 1861 2128 vel
1871 2094 2121 2130 trucidaban-

1240 2149 1318 2180 tur.
1385 2143 1518 2180 Etiam
1547 2155 1668 2192 supra
1699 2146 1800 2181 dixit
1829 2145 1873 2182 in
1907 2148 2120 2193 perniciem

1240 2200 1347 2232 actos
1364 2196 1524 2241 milites,
1539 2198 1632 2235 dum
1646 2199 1693 2234 de
1707 2197 1925 2247 virginibus
1941 2205 2013 2238 aut
2025 2212 2122 2250 pue·

1241 2250 1295 2286 ris
1315 2251 1493 2287 formosis
1511 2256 1750 2300 pugnarent.
1779 2254 1889 2289 ERN.

1300 2304 1354 2340 Vi
1387 2306 1659 2354 tormentisque
1699 2307 1939 2343 dominorum
1982 2306 2120 2344 abdita

1238 2356 1426 2406 scrutari]
1459 2357 1521 2394 Sic
1539 2364 1579 2403 2,
1604 2364 1666 2395 13.
1691 2364 1857 2396 matrem
1881 2371 1951 2407 per
1969 2361 2119 2396 crucia-

1240 2416 1306 2448 tus
1326 2410 1571 2458 interrogant
1586 2412 1731 2449 milites
1748 2412 1817 2450 ubi
1829 2412 1953 2450 filium
1966 2415 2118 2459 occule-

1237 2468 1313 2502 ret.
1370 2463 1535 2501 Frustra
1561 2466 1695 2513 itaque
1727 2467 1896 2504 Ursinus
1922 2471 1963 2504 et
1983 2467 2118 2505 Mure-

1237 2522 1304 2555 tus
1323 2519 1528 2566 corrigunt
1545 2518 1754 2557 domorum.
1782 2521 1890 2557 ERN.

1297 2572 1421 2621 thue
1445 2573 1632 2617 exercitu,
1651 2573 1774 2623 vario]
1808 2574 1834 2611 i.
1864 2585 1900 2610 e.
1927 2579 2046 2622 atque
2071 2578 2118 2611 ut

1237 2626 1283 2662 fit
1301 2626 1343 2662 in
1362 2627 1538 2662 exercitu
1553 2626 1626 2662 tali
1645 2630 1719 2664 etc.
1755 2627 1984 2675 Praepositio
2000 2628 2118 2664 omis·
2181 2657 2185 2669 ;

1238 2690 1282 2715 sa
1315 2677 1367 2728 (v.
1384 2678 1433 2714 ad
1450 2691 1483 2715 c.
1505 2678 1585 2728 19.)
1614 2681 1722 2725 feeit,
1739 2684 1786 2717 ut
1819 2680 1977 2728 quidam
2007 2693 2117 2718 eser-

1238 2734 1338 2770 citui
1365 2733 1546 2777 fecerint,
1564 2741 1611 2769 ut
1638 2738 1698 2771 est
1717 2734 1759 2770 in
1777 2733 1909 2771 Guelf.
1933 2734 2019 2771 edd.
2039 2734 2115 2771 Pu-

1235 2787 1329 2823 teol.
1345 2786 1438 2822 Ber.
1454 2785 1538 2823 Alc.
1568 2788 1663 2824 Mox
1675 2787 1815 2824 melius
1830 2791 1927 2837 puto
1937 2788 2116 2826 inessent.

1235 2841 1347 2878 ERN.
1375 2840 1478 2876 Bud.
1497 2841 1624 2878 Rhen.
1641 2843 1824 2878 exercitu.

1292 2895 1342 2930 In
1361 2894 1455 2941 igne
1471 2894 1729 2944 considerent]
1756 2894 1947 2933 Heinsius
1961 2905 2007 2931 ex
2020 2895 2115 2932 Ovi-

1236 2947 1300 2994 dio
1317 2946 1538 2994 corrigebat
1550 2949 1695 2996 ignem.
1751 2947 1813 2984 Sic
1837 2948 1957 2985 etiam
1974 2948 2116 2996 Virgil.

1235 3002 1327 3038 AEn.
1347 3006 1386 3045 2,
1405 3003 1498 3037 624.
1519 3002 1622 3038 unde
1651 3001 1733 3037 scil.
1751 3001 1891 3039 sunsit
1917 3011 2050 3053 suum,
2066 3007 2114 3040 ut
2133 3020 2139 3025 -

1236 3055 1329 3099 alia,
1349 3055 1513 3091 Ovidius
1529 3068 1538 3091 ι
1569 3067 1676 3092 omne
1695 3055 1792 3092 mila·
1809 3056 1934 3092 vasum
1951 3061 2007 3091 est
2024 3067 2113 3092 con-

1234 3109 1358 3145 sidere
1387 3109 1429 3144 in
1466 3110 1579 3156 ignes
1605 3109 1737 3145 Ilium.
1793 3107 1915 3156 Atqui
1948 3108 2111 3146 Tacitus

1234 3161 1403 3197 libenter
1433 3161 1613 3198 imitatur
1641 3161 1863 3209 Virgilium.
1903 3161 2022 3197 etiam
2047 3175 2111 3211 ap.

1232 3214 1441 3261 Virgilium
1461 3215 1547 3250 MS.
1568 3213 1788 3262 Hamburg.
1807 3215 1850 3251 in
1862 3215 1958 3261 igne
1971 3216 2109 3252 vitiose

1232 3268 1349 3303 dedit.
1379 3269 1517 3314 Itaque
1535 3267 1646 3303 valde
1664 3268 1812 3303 arridet
1826 3267 1903 3304 ista
1920 3270 2110 3307 correctio

1231 3322 1273 3357 in
1296 3322 1428 3368 ignem
1464 3320 1521 3356 vel
1552 3323 1590 3357 in
1611 3323 1734 3367 ignes.
1780 3321 1887 3358 ERN.
1919 3320 2108 3360 Heinsius

1231 3375 1278 3409 de
1307 3374 1472 3420 Virgilio
1499 3375 1724 3421 cogitabat3
1753 3385 1843 3410 nam
1876 3376 1982 3422 apud
2013 3378 2108 3414 Ovi-

1231 3428 1338 3463 dium
1353 3427 1432 3463 tale
1451 3427 1561 3464 nihil.
1589 3429 1639 3463 In
1652 3429 1744 3475 igne
1755 3427 1845 3475 Bip.
1865 3429 2108 3467 subaudiunt

1232 3481 1420 3517 cineribus
1467 3481 1611 3517 obruto.
1666 3481 1739 3518 Sed
1786 3482 1936 3519 Statius
1985 3484 2106 3521 etiam

1231 3533 1356 3573 Theb.
1376 3541 1417 3582 3,
1441 3539 1528 3573 184.
1545 3536 1586 3572 in
1601 3535 1763 3573 cinerem
1781 3537 1960 3575 consedit.
