2190 3880
669 156 833 209 12113.
876 156 919 207 1.
971 155 1134 206 cAP.
1169 158 1250 203 48.
1801 157 1870 207 47

61 297 337 342 maternus
353 303 485 340 avus
508 303 538 338 e
555 283 892 357 proscriptis.
907 299 912 304 ·
931 282 1118 350 Prima
1132 278 1330 333 militia
1348 278 1564 332 infamis
1570 320 1585 346 ‚
1603 281 1869 352 Legatum
1882 298 1934 335 A.
1952 295 2006 334 υ.

67 359 367 412 Calvisium
406 358 669 410 Sabinum
704 355 1000 408 habuerat:
1041 354 1197 423 cujus
1236 361 1395 416 uxor,
1439 351 1581 402 mala
1616 352 1870 423 cupidine
1903 352 1994 390 323·

64 429 272 482 visendi
296 430 458 482 situm
486 438 803 492 castrorum,
830 444 925 498 per
950 438 1167 477 noctem
1194 422 1415 476 militari
1442 422 1634 474 habitu
1664 405 2005 503 ingres-‘³505'

44 512 46 515 ·
68 518 147 565 sa,
171 518 294 553 cum
326 500 538 571 vigilias
565 513 620 552 et
647 509 826 551 cetera
851 497 1061 550 militiae
1088 495 1274 548 munia
1299 494 1488 547 eadem
1514 493 1736 546 lascivia
1759 505 1876 547 ten-

69 582 237 624 tasset
262 571 317 624 in
357 571 488 642 ipsis
529 570 812 642 principiis
852 580 1099 639 stuprum
1141 585 1301 619 ausa:
1343 575 1400 617 et
1439 564 1681 618 criminis
1713 564 1877 635 hujus

68 660 190 695 reus
216 640 281 696 T.
309 642 503 695 Vinius
530 642 876 713 arguebatur.
951 639 1131 710 Igitur
1150 637 1305 707 jussu
1335 637 1402 691 C.
1429 637 1662 691 Caesaris
1689 654 1880 689 onera·

69 726 157 766 tus
184 714 408 778 cateniS,
432 731 581 779 mox,
611 713 911 765 mutatione
934 721 1261 780 temporum,
1287 707 1559 771 dimissuS,
1587 725 1744 760 cursu
1775 709 1874 760 ho·-

69 803 265 838 norum
293 785 577 850 inoffen50‚
605 783 806 854 legioni
835 794 960 854 post
986 781 1291 833 Praeturam
1317 779 1644 851 praepositus
1682 782 1881 851 proba*

74 867 302 927 tusque:
364 855 542 908 servili
595 854 849 924 deinceps
898 854 1096 924 probro
1146 869 1417 924 respersus
1456 862 1555 917 est,
1604 862 1882 922 tamquam

74 927 341 998 scyphum
379 943 599 980 aureum
641 926 694 978 in
724 925 979 978 convivio
1007 923 1225 976 Claudii
1260 922 1498 976 furatus:
1537 932 1594 974 et
1621 921 1881 976 Claudius

78 1009 292 1070 postera
318 998 406 1050 die
444 998 542 1050 soli
580 997 824 1049 omnium
861 996 1026 1048 Vinio
1066 994 1328 1048 fictilibus
1366 993 1663 1047 ministrari
1694 993 1882 1064 jussit.

76 1070 183 1124 Sed
210 1067 403 1123 Vinius
443 1068 834 1122 Proconsulatu
864 1067 1099 1120 Galliam
1129 1065 1542 1119 Narbonensem
1582 1083 1764 1119 severe
1799 1067 1884 1118 in-

76 1153 335 1212 tegreque
371 1141 532 1197 rexit,
573 1159 700 1193 mox
731 1138 924 1192 Galbae
963 1137 1207 1191 amicitia
1242 1136 1298 1189 in
1329 1137 1629 1208 'abruptum
1659 1147 1883 1204 tractuS,

77 1213 278 1279 audaX,
329 1211 572 1277 calliduS,
622 1220 866 1284 promtus
917 1221 991 1275 et,
1043 1219 1208 1279 prout
1251 1207 1494 1260 animum
1545 1209 1884 1275 intendisset,

73 1302 272 1356 pravus
309 1297 404 1337 aut
443 1284 758 1350 industrius,
800 1281 988 1338 eadem
1028 1280 1100 1334 vi.
1172 1278 1582 1333 Testamentum
1620 1278 1684 1333 T.
1716 1279 1884 1347 Vinii,

108 1489 113 1493 -
131 1461 337 1499 ᾹΙατενηω
354 1474 450 1499 avus
466 1474 487 1500 e
499 1459 741 1511 proscriptis]
764 1461 849 1510 Ego
867 1471 957 1496 cen·

76 1516 258 1562 finissem,
302 1520 524 1566 paternum.
578 1516 683 1552 Nam
716 1516 870 1564 reperio
890 1519 894 1522 “
914 1515 957 1551 in

78 1571 207 1608 Dione
234 1575 302 1616 47,
321 1576 359 1611 7.
386 1571 436 1609 Τ.
455 1570 616 1608 Vinium
644 1569 905 1619 proscriptum
933 1580 958 1605 a

79 1625 329 1670 Triumviris‚
349 1628 389 1661 et
415 1626 516 1661 mira
541 1625 614 1660 fide
640 1628 760 1672 atque
790 1627 879 1660 astu
907 1622 956 1660 ab

80 1689 202 1715 uxore
228 1678 404 1716 Tanusia
429 1681 640 1715 servatum.
692 1678 798 1715 Fieri
825 1681 957 1714 autem

82 1736 227 1781 potest,
246 1736 294 1770 ut
310 1733 427 1780 hujus
446 1734 509 1770 avi
530 1732 604 1769 etsi
630 1731 799 1769 materni
817 1743 959 1768 nomen

82 1788 308 1836 sumpserit,
344 1791 596 1833 testamento,
641 1796 694 1823 an
737 1785 959 1834 adoptione.

84 1841 198 1882 ers.

144 1892 264 1944 Cujus
281 1899 380 1930 uxor
396 1894 502 1930 mala
521 1889 714 1943 cupidine]
741 1891 961 1929 Historiola

84 1949 166 1986 haec
184 1948 289 1998 apud
306 1947 488 1992 Dionem,
508 1947 549 1993 in
567 1946 684 1984 rebus
704 1947 790 1983 Caii
810 1951 876 1991 59,
900 1951 962 1983 18.

87 2001 298 2047 Καλουίσιος
325 1997 359 2038 δὲ
391 2001 538 2042 Σαέἴνσς
566 2000 602 2038 ’ἐν
631 2016 671 2038 τε
702 2002 776 2042 τοῖς
809 1999 961 2052 πράτοις

87 2056 153 2097 τῆς
169 2056 303 2100 βουλῆς
317 2052 378 2100 ὢν,
396 2054 462 2092 καὶ
479 2053 562 2092 ‘rei-rt
581 2055 621 2092 ἔκ
639 2054 703 2096 τῆς
732 2054 766 2092 ἐν
794 2055 842 2106 τῇ
860 2059 962 2090 112⁹-

87 2106 180 2159 νονίᾳ
197 2109 318 2162 ἀρχῆς
332 2106 544 2158 ἀφιγμένος,
556 2107 621 2150 ἥτε
639 2108 727 2158 γυνὴ
744 2106 860 2145 αὐτοῦ
877 2113 965 2159 Κορ-

87 2162 196 2204 νηλία
214 2162 410 2215 ’γραφέντες
433 2161 514 2212 (καὶ
532 2161 609 2215 ’γὰρ
626 2161 752 2207 ἐκείνη,
771 2161 816 2203 ὦς
845 2168 965 2210 φυλα-

88 2216 159 2258 κάς
192 2230 233 2254 τε
268 2212 485 2265 ἰφοδιύσωσα.
519 2216 585 2254 καὶ
617 2215 701 2257 τοὺς
733 2213 966 2267 στρατιώτας

87 2269 291 2312 &exuam-ag
318 2267 454 2315 ι’δοῧεαι,
471 2268 595 2308 αἰτίαν
620 2268 746 2320 ἐ’σχεν)
778 2269 861 2319 οὐχ’
880 2267 966 2306 ὑπέ-

52 2332 57 2349 x
87 2338 209 2373 μιιναν
236 2321 445 2376 τὴνκρίσιν,
463 2323 555 2360 ἀλλ’
578 2323 724 2365 {amala
755 2322 966 2376 προανοίλω·

89 2392 171 2416 cm.
201 2379 311 2417 Lu’s.
369 2378 429 2414 De
459 2377 627 2415 Calvisio
658 2390 695 2415 v.
727 2381 768 2414 et
792 2378 879 2415 Seu.
905 2388 967 2426 ep.

92 2437 158 2471 27.
186 2432 368 2470 habuerat
386 2431 414 2470 i.
434 2444 468 2469 e.
488 2431 560 2469 sub
580 2444 625 2468 eo
643 2431 894 2470 militaverat.

100 2483 102 2485 ’
145 2485 300 2526 Eadem
355 2487 516 2524 lascivia
568 2485 762 2537 tentasset]
819 2485 969 2534 Regius

95 2537 229 2590 (Bud.)
252 2539 385 2585 codex,
402 2546 658 2590 temperasset,
677 2552 726 2577 ex
745 2551 823 2589 quo
840 2540 968 2578 Rben.

94 2600 335 2631 temerasset:
352 2595 464 2632 erS.
522 2595 653 2631 Ceteri
681 2605 814 2631 omnes
835 2605 908 2632 scr.
929 2597 970 2631 ct

95 2646 180 2684 edd.
199 2653 450 2696 tmperasset.
478 2647 606 2686 Rhen.
629 2648 891 2696 conjecturam
908 2659 971 2684 re,-

94 2701 200 2749 cepit
235 2701 410 2739 Freinsh.
454 2702 536 2738 Alii
581 2708 761 2740 tentasset
804 2703 970 2741 edidere.

95 2754 200 2792 Illud
226 2755 399 2791 defendit
426 2755 617 2794 Heinsius
641 2756 690 2793 ad
715 2755 817 2794 vell.
843 2762 884 2803 2,
904 2759 969 2793 60.

96 2808 167 2845 ubi
186 2809 233 2846 de
251 2809 478 2846 confusione
488 2810 628 2856 horum
645 2810 854 2847 verborum
872 2809 972 2847 vide.

96 2863 204 2901 Ean.
258 2863 349 2900 Non
368 2862 521 2911 dubito,
540 2863 583 2904 iu
599 2863 703 2902 Bud.
730 2864 868 2901 vitiose
895 2863 974 2911 legi

96 2922 340 2967 temperasset
367 2929 438 2966 pro
461 2923 694 2967 temptasset,
711 2921 758 2955 ut
782 2917 878 2956 alias
905 2917 976 2954 ha·

95 2969 179 3009 bet.
235 2971 397 3020 Repono
439 2982 531 3020 ergo
565 2971 782 3020 vulgatum.
837 2972 899 3009 Sic
935 2975 975 3008 et

96 3023 189 3073 Bip.
217 3025 307 3073 Ipse
334 3036 488 3074 quoque
504 3025 632 3064 Rhea.
659 3029 845 3063 servarat.
873 3026 976 3064 Con-

15 3129 19 3133 .
97 3080 163 3115 tra
185 3078 305 3127 Ryck.
322 3079 433 3117 Brot.
453 3079 551 3119 Lan.
570 3080 730 3120 Dottev.
753 3083 976 3129 sequuntur

97 3131 423 3171 Freinshemium.

155 3185 207 3223 In
241 3187 335 3235 ipsis
374 3185 596 3237 principiis]
639 3186 874 3227 Plutarchus
909 3199 976 3226 ex-

99 3240 243 3289 pressit
271 3238 398 3277 Galba
432 3246 494 3279 12.
535 3241 600 3281 καὶ
633 3237 822 3294 δμίφθειςεν
846 3241 878 3278 ἰν
903 3243 976 3283 τοῖς

99 3347 299 3384 .,.,
314 3293 583 3385 aazia
607 3294 774 3385 2:2²&
802 3294 980 3386 -2520‘35-‘2

103 3401 151 3436 1oe
168 3403 209 3436 et
227 3359 354 3449 spigna,
383 3402 422 3438 id
440 3406 514 3447 est,
533 3373 601 3439 Di’i
616 3360 830 3440 qmilitdtried.
867 3361 980 3440 ageri-

102 3453 268 3492 tentiam
287 3466 334 3492 ex
361 3456 496 3492 eadem
520 3467 562 3492 re
591 3456 885 3496 Quinctilianns
913 3468 981 3504 pe-

101 3506 184 3554 tiit,
204 3518 274 3556 pro
291 3508 421 3545 Milite
433 3520 467 3546 c.
486 3515 525 3546 2.
552 3510 631 3547 Sed
645 3522 761 3559 neque
779 3510 849 3548 Ιιοο
865 3510 980 3548 Mars

98 3571 257 3622 parens,
274 3572 340 3601 nec
356 3563 473 3612 signa
491 3564 682 3603 militnia
693 3564 905 3615 aquiloeque
921 3566 979 3602 vi-

1008 1459 1140 1497 ctrices
1170 1458 1315 1504 sinant,
1352 1464 1397 1496 ut
1425 1464 1494 1496 tua
1522 1470 1666 1508 quoque
1699 1459 1888 1497 sententia

1008 1515 1210 1564 quisquam
1228 1514 1302 1559 vir,
1321 1519 1358 1550 et
1381 1513 1581 1549 Romanus
1607 1519 1645 1550 ee
1673 1514 1797 1559 mile-r,
1826 1515 1888 1550 ni·-

1009 1568 1131 1604 mium
1142 1568 1310 1616 pudicus
1325 1567 1391 1613 =rit,
1410 1566 1518 1615 apud
1542 1579 1652 1616 quem
1675 1573 1764 1604 ante
1776 1568 1889 1616 prin·

1011 1623 1115 1669 cip-ia
1134 1622 1328 1669 agendum
1345 1627 1413 1658 est.
1469 1620 1564 1657 Haec
1583 1620 1776 1669 principia
1802 1622 1890 1659 Sta·

1010 1676 1107 1720 tius,
1143 1675 1218 1711 etsi
1263 1675 1307 1711 in
1341 1686 1384 1710 re
1420 1675 1568 1720 Graeca,
1605 1674 1891 1713 circumscribit

991 1728 1136 1771 ¹Theb.
1158 1734 1221 1774 10,
1245 1732 1333 1768 176.
1378 1729 1543 1765 Ventum
1570 1728 1624 1765 ad
1650 1731 1801 1767 concilii
1821 1742 1892 1779 pe·

1011 1784 1170 1829 netz-ace,
1188 1784 1412 1832 domumque
1440 1783 1639 1820 verendam
1666 1784 1893 1832 Signorum,

1013 1838 1128 1875 L1Ps.
1183 1837 1367 1874 Ceterum
1400 1841 1607 1874 contextus
1637 1837 1793 1874 videtur
1821 1849 1894 1886 po-

1015 1890 1161 1928 stulare
1174 1903 1309 1939 passa.
1361 1890 1464 1927 Nam
1477 1896 1652 1939 stuprum
1671 1894 1730 1927 est
1747 1891 1894 1929 facien.

1014 1946 1094 1991 tis;
1123 1945 1162 1981 id
1194 1945 1328 1990 infert,
1361 1945 1481 1980 audet
1516 1956 1614 1991 mas,
1650 1945 1803 1994 patitur
1835 1947 1893 1983 fe·

1015 2000 1147 2036 mina:
1191 2003 1328 2046 estque
1360 1998 1414 2035 ·de
1442 1999 1551 2037 Vinii
1572 2000 1737 2039 erimine
1766 2012 1894 2038 sermo

1016 2053 1164 2102 potius,
1203 2064 1321 2102 quam
1359 2053 1526 2090 feminae.
1579 2054 1635 2090 Et
1676 2054 1731 2090 sic
1775 2055 1895 2094 etiam

1017 2108 1172 2144 videtur
1206 2107 1346 2155 legisse
1380 2107 1625 2145 Plutarchus,
1678 2108 1895 2159 Vulgatum

1018 2162 1339 2209 intelligendum:
1370 2165 1551 2210 stuprum
1570 2162 1787 2209 pativausa.
1840 2165 1897 2201 Et

1020 2215 1203 2263 objicitur
1231 2215 1428 2252 interdum
1465 2216 1583 2252 etiam
1621 2217 1776 2254 feminis
1813 2221 1898 2254 stu-

1020 2282 1149 2319 prum.
1202 2270 1428 2306 Perizonius
1457 2281 1573 2317 porro
1601 2271 1648 2307 de
1674 2272 1832 2309 Praetor.
1858 2283 1899 2319 p,

1023 2329 1087 2364 57.
1107 2337 1138 2361 S.
1165 2335 1244 2360 non
1271 2324 1320 2360 ad
1339 2325 1586 2361 sanctitatem
1608 2324 1682 2361 loci
1706 2325 1811 2362 dicta
1836 2338 1899 2363 re-

1020 2379 1112 2424 fert,
1147 2389 1263 2426 quam
1299 2378 1348 2414 ad
1382 2378 1643 2426 frequentiam
1678 2379 1899 2425 hominum,

1022 2445 1107 2482 quae
1135 2431 1191 2468 ibi
1224 2436 1344 2468 esset:
1379 2433 1482 2468 unde
1512 2433 1744 2481 magnitudo
1772 2434 1901 2483 impu·

1022 2487 1163 2524 dentiae
1181 2486 1438 2534 intelligatur.
1472 2487 1685 2524 Enimvero
1701 2499 1763 2525 res
1781 2492 1902 2526 noctu

1021 2542 1126 2579 facta
1144 2544 1219 2586 est,
1240 2545 1281 2578 et
1298 2540 1471 2578 criminis
1499 2541 1661 2579 verbum
1680 2542 1813 2591 Lipsio
1831 2553 1903 2590 po-

1022 2596 1103 2634 tius
1133 2595 1253 2632 favet.
1278 2595 1387 2635 ERN.
1441 2596 1629 2644 Stuprum
1653 2608 1750 2634 mesa
1778 2596 1901 2634 nolim

1023 2654 1177 2687 mutare
1206 2660 1294 2686 cum
1324 2648 1416 2698 Rip,
1471 2649 1736 2697 significatur,
1762 2654 1903 2699 provo-

1024 2715 1129 2741 casse
1148 2707 1344 2753 stuprum,
1362 2703 1464 2751 quod
1483 2715 1531 2741 ex
1548 2704 1727 2751 adposito
1739 2705 1902 2743 lascivia

1026 2761 1150 2807 patet.

1077 2811 1241 2854 Audax,
1267 2811 1445 2855 callidas,
1465 2809 1657 2860 promtus]
1688 2812 1730 2850 J.
1750 2812 1904 2850 Grono-

1026 2865 1113 2903 vius
1131 2877 1154 2902 e
1171 2865 1275 2903 mor.
1302 2864 1424 2901 edidit
1441 2865 1604 2902 calidus.
1626 2866 1704 2916 (Sic
1722 2869 1764 2903 et
1779 2865 1901 2916 Bud.)

1034 2917 1193 2959 Calidas
1219 2922 1262 2955 et
1295 2919 1430 2956 audax
1458 2929 1552 2958 sane
1581 2923 1622 2956 et
1656 2931 1720 2968 ap.
1747 2921 1904 2959 Livium

1022 2971 1250 3022 junguntur
1278 2977 1348 3018 35,
1385 2977 1453 3011 32.
1496 2972 1570 3013 ,ubi
1606 2985 1645 3012 v,
1682 2974 1832 3012 Duker.
1863 2982 1906 3012 et

1029 3028 1150 3065 Gron.
1178 3027 1538 3077 permisceaturque
1564 3038 1664 3075 saepe
1688 3029 1838 3066 calidus
1864 3034 1906 3066 et

1028 3081 1207 3120 callidus.
1260 3081 1335 3119 Sed
1367 3081 1571 3129 vulgatum
1609 3083 1776 3129 servavi,
1812 3085 1907 3132 quia

1029 3146 1163 3173 omnes
1198 3133 1266 3172 alii
1300 3134 1392 3172 libri
1428 3134 1576 3175 habent
1613 3137 1793 3174 callidus.
1851 3138 1907 3175 Et

1029 3189 1165 3227 audam
1194 3194 1313 3237 atque
1343 3189 1507 3226 callidus
1535 3188 1634 3225 bene
1663 3190 1905 3238 junguntur,

1030 3243 1126 3292 quia
1151 3253 1230 3284 non
1255 3254 1387 3285 omnes
1421 3243 1585 3283 audaces
1614 3243 1731 3281 iidem
1760 3244 1907 3290 callidi,

1030 3308 1102 3334 nec
1119 3307 1253 3334 omnes
1271 3297 1399 3333 callidi
1427 3297 1560 3333 statim
1578 3298 1743 3334 audaces
1759 3311 1767 3334 :
1796 3299 1905 3336 deni·

1032 3362 1107 3400 que
1135 3354 1177 3388 et
1205 3349 1293 3393 aliis
1320 3350 1413 3387 locis
1442 3349 1744 3399 duplicationem
1773 3352 1906 3389 litera-

1032 3417 1120 3442 rum
1140 3404 1182 3441 in
1200 3404 1268 3441 illo
1286 3404 1415 3442 codice
1434 3405 1578 3452 negligi
1599 3405 1778 3443 vidimus.
1797 3407 1907 3444 ERN.

1040 3457 1215 3497 Callidus
1250 3459 1292 3497 in
1328 3459 1450 3495 Gron.
1488 3459 1580 3495 edit.
1617 3458 1776 3507 legitur,
1805 3459 1909 3496 forte

1033 3512 1188 3549 incuria
1220 3522 1439 3560 operarum.
1467 3512 1514 3549 In
1542 3512 1643 3549 Bud.
1675 3525 1763 3551 mox
1789 3512 1908 3560 etiam

1032 3577 1068 3608 c.
1089 3570 1153 3607 51.
1173 3570 1233 3608 est
1251 3565 1373 3608 calide
1391 3577 1462 3615 pro
1478 3566 1628 3605 calcide.
