2190 3880
229 135 325 182 286
827 130 1427 192 HISTORIARUM

96 257 481 329 A.U.capitolii
522 258 575 310 in
608 258 671 311 L.
698 256 984 312 Vestinum
1027 258 1260 325 confert,
1289 259 1567 331 Equestris
1606 259 1810 312 ordinis
1849 258 2045 320 virum,

115 335 206 401 824:
236 331 325 382 sed
368 331 694 383 auctoritate
734 329 987 402 famaque
1028 332 1170 384 inter
1213 350 1479 403 proceres.
1551 329 1642 384 Ab
1675 350 1741 384 eo
1775 329 2044 384 contracti

105 388 570 480 “af-Haruspices
613 420 886 467 monuere,
912 412 969 455 ut
1013 402 1241 475 reliquiae
1278 402 1467 472 prioris
1504 401 1700 456 delubri
1739 403 1795 454 in
1828 401 2042 472 paludes

141 459 151 484 ⁴
191 467 202 479 ⁰
235 472 602 526 avellerentur.-
644 474 884 543 templum
921 473 1105 527 iisdem
1141 472 1364 544 vestigiis
1400 474 1676 526 sisteretur.
1706 473 1846 526 7ηιοῖίε
1885 473 2043 537 Deos,

231 545 428 598 mutari
452 554 663 598 veterem
673 545 930 616 sormam.
1004 545 1312 598 Undecimo
1343 544 1466 598 Kal.
1494 542 1526 598 J
1537 545 1687 610 uliaS,
1714 563 1900 597 serena
1925 546 2046 597 luce

234 618 472 688 spatium
502 635 685 682 omne,
723 617 870 686 quod
907 616 1112 686 templo
1139 616 1444 680 dicabatur,
1469 617 1746 669 evinctum
1778 617 1927 668 vittis
1953 635 2047 668 co-

232 690 504 760 ronisque.
582 688 820 758 Ingressi
864 688 1083 752 milites,
1129 687 1252 758 quis
1299 690 1478 740 fausta
1516 689 1758 752 nomina,
1795 685 2045 740 felicibus

231 762 414 816 ramiS.
457 760 583 813 dein
624 759 863 830 virgines
915 758 1180 827 VestaleS,
1228 776 1353 814 cum
1393 760 1574 832 pueris
1613 759 1913 833 puellisque
1953 778 2048 831 pa-

230 945 351 984 verba
367 947 434 983 sed
445 947 631 984 immensa
643 946 974 996 pecnniaferunt,
987 957 1122 995 eaque,
1166 945 1490 984 antecedentibus
1517 945 1792 995 conjungenda
1806 941 1990 997 putabat,
2007 949 2048 984 et

229 1001 364 1051 paullo
380 1004 474 1038 ante
501 1001 864 1049 transpositionem,
883 1001 930 1037 de
958 1011 1038 1049 qua
1056 1000 1114 1038 ibi
1168 1001 1223 1039 sic
1239 1001 1280 1039 in
1297 1001 1358 1038 ed.
1376 1013 1436 1050 pr.
1456 1001 1598 1050 reperi.
1641 1001 1750 1039 ERN.

230 1055 379 1093 dictum
395 1068 405 1092 ι
432 1056 530 1093 adde
546 1056 650 1092 dicta
662 1055 711 1092 ad
729 1059 905 1093 extrema
917 1055 1035 1103 huJus
1051 1066 1116 1093 ca-
1227 1056 1377 1102 Quibus
1389 1056 1534 1105 fausta
1559 1054 1739 1105 nomina]
1778 1054 1885 1102 Non,
1901 1055 2047 1100 omina,

231 1110 338 1159 pitis.
394 1110 495 1151 Quae
525 1110 623 1147 mihi
653 1110 915 1159 suspicionem
946 1122 1130 1157 movere,-

230 1165 302 1201 hoc
336 1169 459 1213 caput
495 1164 670 1211 aliunde,
700 1165 739 1203 h.
776 1178 810 1202 e.
847 1177 894 1202 ex
927 1169 1115 1214 sequente

229 1218 332 1256 libro
365 1220 442 1256 huc
481 1219 716 1258 translatum
747 1230 847 1263 esse,
877 1222 948 1257 aut
977 1219 1116 1257 saltem

230 1274 383 1322 aliquid
409 1278 502 1312 ante
519 1274 558 1312 id
582 1275 782 1312 omissum.
837 1274 940 1312 Nam
966 1274 1116 1312 clarum

231 1329 329 1366 satis
346 1332 407 1366 est
429 1341 478 1367 ex
505 1328 624 1367 initio
651 1329 786 1366 statim
805 1329 962 1376 capitis,
979 1340 1114 1367 curam

232 1383 433 1421 reficiendi
483 1384 658 1433 capitolii
702 1384 944 1432 Vespasiano
993 1384 1117 1420 fuisse

231 1438 471 1476 mandatam.
527 1439 572 1476 Id
597 1441 732 1475 autem
757 1438 827 1475 ubi
854 1438 1003 1475 dictum
1023 1437 1113 1475 est?

231 1492 312 1530 Res
331 1496 466 1531 autem
485 1497 546 1531 est
573 1496 702 1539 tanta,
728 1496 776 1529 ut-
803 1504 829 1530 a
853 1492 992 1530 Tacito
1020 1504 1119 1542 prae-

233 1547 346 1584 teriri
367 1557 446 1586 non
462 1547 650 1596 potuerit.
681 1547 784 1586 Nam
803 1558 888 1596 quae
905 1559 941 1586 c.
957 1552 996 1587 9.
1015 1550 1116 1585 extr.

233 1601 436 1649 dicuntur,
465 1614 544 1639 nou
573 1602 786 1639 sufficiunt.
839 1602 978 1650 Neque
1005 1601 1120 1639 facile

235 1657 407 1703 credam,
438 1656 602 1694 absente
634 1657 877 1705 Vespasiano
913 1656 960 1693 de
993 1668 1040 1694 ea
1076 1667 1118 1693 re

234 1711 384 1760 aliquid
404 1724 487 1748 esse
506 1715 715 1750 statutum.
771 1710 828 1748 At
851 1711 923 1748 hoc
941 1715 1118 1761 tempore

234 1767 409 1805 nondum
439 1767 573 1804 Romae
602 1766 739 1813 fuisse,
769 1766 838 1803 sed
865 1767 969 1803 circa
996 1767 1115 1804 finem

232 1822 382 1858 aestatis
411 1821 582 1866 demum,
612 1833 658 1858 eo
687 1821 854 1867 venisse,
884 1821 1002 1859 series
1032 1824 1119 1858 tota

230 1887 365 1913 rerum
405 1875 590 1913 declarat.
652 1875 743 1914 Vid.
772 1887 807 1913 c.
842 1880 906 1914 81.
953 1875 1118 1925 ‹Ioseph-

228 1930 332 1968 Bell.
349 1931 442 1969 Jud.
462 1937 502 1976 7,
519 1936 558 1969 4.
614 1926 757 1979 Pagius
771 1930 927 1980 quidem
947 1942 1027 1968 non
1047 1930 1120 1968 du-

229 1983 348 2031 bitat,
367 1986 570 2025 advenisse
594 1986 760 2023 Romam
781 1997 915 2022 mense
941 1985 1120 2034 Septem-

228 2038 307 2078 bri.
362 2040 435 2078 Sed
460 2041 541 2078 haec
569 2040 616 2077 de
640 2041 890 2088 conjectura3
919 2051 1035 2089 quam
1059 2040 1119 2077 in-

230 2099 379 2132 certam
397 2106 480 2132 esse
497 2094 612 2136 facile
639 2096 800 2145 largiar.
853 2097 908 2133 Et
929 2100 1022 2132 sunt
1040 2094 1120 2132 alia

229 2149 278 2186 de
307 2150 494 2198 capitolio
522 2151 745 2188 instaurato
772 2149 960 2198 ambigua
995 2150 1116 2187 etiam

229 2203 273 2240 in
290 2204 479 2253 Josepho,
498 2205 545 2241 de
562 2205 705 2253 quibus
731 2205 814 2252 jam
834 2205 962 2242 dicere
979 2202 1037 2241 nil
1055 2209 1117 2242 at·

228 2259 347 2296 tinet.
392 2259 500 2296 ERN.
555 2260 617 2296 De
652 2259 897 2297 restituendo
930 2258 1117 2307 capitolio

225 2312 311 2360 jam
327 2324 432 2350 anno
451 2314 642 2362 superiori
663 2314 706 2351 in
722 2313 873 2351 Senatu
887 2317 1034 2350 actum.
1054 2313 1116 2351 Cf.

230 2380 264 2405 c.
295 2373 335 2406 4.
370 2371 412 2404 et
440 2373 480 2408 9.
540 2370 670 2408 Quam
707 2378 857 2425 parung
878 2367 1116 2405 concordent

229 2421 438 2472 scriptores
463 2423 505 2459 in
524 2423 631 2460 omui
649 2423 720 2459 hoc
739 2423 852 2459 restit
882 2423 913 2459 ti
938 2422 1115 2470 capitolii

230 2477 389 2527 negotio
409 2477 621 2523 narrando,
639 2478 752 2514 docet
767 2477 846 2514 etia
906 2476 1115 2514 Reimarus

230 2532 280 2569 ad
297 2531 467 2569 Diouem
487 2531 514 2570 l.
537 2543 570 2570 c.

284 2586 335 2624 L.
354 2585 558 2624 Vestinum
570 2586 778 2637 Equestris
795 2584 956 2636 ordinis]
988 2585 1113 2624 Estne

230 2641 308 2683 ille,
329 2641 376 2677 de
394 2652 473 2690 quo
490 2641 668 2678 oratione
692 2653 762 2689 pro
779 2639 905 2678 Gallis
921 2639 1115 2679 Claudius

231 2694 390 2733 Caesar?
433 2695 506 2733 Ea·
524 2707 601 2746 qua
619 2695 770 2733 colonia
787 2694 1034 2746 (viennensi)
1055 2696 1116 2732 in·

229 2756 288 2788 ter
300 2756 449 2800 ‘paucos
465 2749 674 2800 Equestris
686 2749 835 2788 ordinis
852 2755 1118 2787 oruamentum

229 2805 280 2842 L.
305 2805 506 2843 Vestinum
514 2806 837 2854 familiarissime
853 2803 992 2854 diligo.
1031 2802 1118 2853 Ego

229 2863 341 2908 puto.
373 2859 491 2908 idque
523 2859 657 2908 paullo
684 2859 846 2904 certius,
875 2870 993 2907 quam
1020 2869 1120 2896 eun-

229 2914 318 2951 dem
336 2913 516 2952 Martiali
541 2912 721 2963 intellegi
740 2918 782 2959 4,
802 2918 867 2953 73.
907 2914 1005 2951 Cum
1019 2925 1120 2963 gra·

230 2969 288 3005 vis
304 2974 497 3006 extremas
517 2967 700 3007 Vestinus
727 2967 895 3011 duceret.
903 2968 1032 3014 horas,
1051 2967 1114 3005 Et

219 3022 313 3071 jam
351 3035 422 3071 per
463 3023 632 3074 Stygias
666 3027 763 3061 esset
807 3023 936 3060 iturus
974 3035 1125 3073 aquas-5

233 3074 384 3114 Ultima
419 3077 607 3115 volventes
643 3081 770 3116 oravit
798 3088 919 3126 pensa
952 3087 1113 3123 sorores,

234 3130 287 3167 Ut
304 3129 500 3168 traherent
515 3144 640 3179 parva
665 3131 837 3169 stamina
850 3131 967 3180 pulla
983 3126 1109 3170 mbra.

230 3212 243 3221 .
258 3210 268 3220 .
288 3184 404 3231 Tum,
429 3186 568 3233 largas
583 3187 763 3234 partitus
782 3197 883 3235 opes,
901 3198 925 3223 α
951 3185 1037 3224 luce
1052 3198 1111 3223 re-

229 3241 343 3277 cessit
360 3252 372 3273 .·
401 3238 525 3288 Seque
543 3241 643 3277 mori
663 3245 754 3288 post
771 3239 841 3277 hoe
859 3240 1024 3279 credidit
1045 3241 1112 3278 ille

227 3305 364 3330 senem.
392 3291 494 3330 Nam
512 3292 574 3329 hic
592 3293 714 3330 fuerit
732 3293 862 3340 potius
880 3293 985 3332 filius
1001 3294 1110 3342 ejus:

228 3347 296 3396 qui
328 3345 484 3386 videtur
515 3359 537 3383 e
567 3346 744 3385 clausula
767 3347 927 3394 juvenis
953 3348 1110 3386 obiisse.

229 3402 345 3440 Lxrs.

288 3456 339 3493 In
362 3453 526 3505 paludes
552 3453 818 3505 aveherentur]
857 3455 1013 3504 Edspr.
1039 3454 1112 3493 ad-

227 3509 462 3548 veherentur.
483 3509 599 3563 male.
627 3509 716 3548 Vid.
734 3508 783 3547 ad
806 3512 869 3556 16,
891 3515 928 3547 2.
966 3510 1076 3548 ERN.

283 3565 461 3612 luerem·
483 3562 645 3615 milites]
685 3563 886 3603 Acidalius
915 3564 996 3603 haec
1022 3574 1113 3603 cum

1169 1114 1217 1148 ut
1245 1110 1376 1159 vulgo.
1415 1109 1645 1154 ,Vaticanus
1674 1109 1732 1146 ita
1755 1108 1874 1157 jubet
1897 1114 1937 1147 et
1964 1121 2048 1147 mos

1170 1164 1371 1214 religionis
1401 1164 1552 1214 priscas.
1579 1162 1723 1213 quibus
1748 1175 1899 1212 magna:
1929 1175 2047 1211 curae,

1171 1221 1278 1257 utin
1297 1220 1357 1256 his
1383 1218 1534 1256 talibus
1562 1217 1688 1255 initiis
1711 1218 1888 1256 homines
1910 1229 2050 1268 praees-

1170 1278 1260 1311 sent
1276 1272 1380 1312 bono
1398 1274 1569 1311 nomine.
1592 1273 1632 1310 id
1649 1276 1710 1310 est
1725 1286 1734 1310 :
1759 1285 1780 1309 e
1796 1284 1961 1321 quorum
1979 1284 2050 1310 no-

1169 1329 1344 1366 minibus
1361 1330 1513 1378 captari
1532 1327 1640 1365 velut
1663 1329 1876 1376 augurium
1891 1327 2051 1377 aliquod

1171 1389 1301 1433 posset
1350 1383 1622 1432 prosperitatis
1669 1387 1708 1420 et
1762 1383 2051 1420 diuturnitatis.

1170 1437 1288 1477 Talia
1305 1441 1400 1474 sunt
1425 1437 1595 1483 Salvius,
1622 1437 1838 1486 Longinus,
1855 1436 2050 1475 Statorius

1172 1497 1247 1532 etc.
1301 1492 1410 1530 Mala
1436 1496 1587 1543 contra,
1616 1503 1637 1527 e
1668 1491 1812 1541 quibus
1837 1493 1952 1529 triste
1979 1491 2052 1529 ali-

1171 1546 1291 1597 quod,
1311 1547 1525 1594 infirmum,
1542 1547 1676 1594 breve,
1703 1551 1750 1583 ut
1777 1547 1953 1594 curtim,
1972 1547 2051 1584 Mi·

1173 1603 1328 1649 nucius,
1347 1602 1507 1648 Furius,
1526 1600 1735 1639 Hostilius.
1775 1602 1912 1640 Cicero
1928 1602 1976 1640 de
1993 1601 2050 1640 di·

1172 1658 1295 1696 vinat.
1316 1662 1351 1703 1,
1370 1661 1435 1694 45.
1482 1657 1579 1694 Cum
1597 1656 1813 1706 Imperator
1823 1658 2050 1702 exercitum,

1175 1712 1316 1749 Censor
1325 1712 1530 1761 populum,
1547 1711 1746 1756 lustraret,
1763 1711 1871 1749 bootia
1885 1713 2052 1749 nomini-

1171 1768 1254 1813 bus,
1283 1767 1353 1816 qui
1378 1766 1524 1803 hostias
1557 1766 1752 1811 ducerent,
1782 1765 2024 1815 eligebantur
2037 1780 2051 1802 .-

1170 1823 1275 1873 quod
1290 1820 1393 1859 idem
1409 1822 1452 1858 in
1467 1821 1614 1858 delectu
1633 1820 1816 1857 Consules
1840 1819 2053 1866 observans,

1171 1883 1217 1914 ut
1240 1877 1393 1926 primus
1416 1871 1528 1912 miles
1542 1874 1626 1924 fiat
1651 1875 1744 1911 bono
1770 1874 1937 1912 nonum.
1972 1874 2051 1912 Pli-

1172 1931 1263 1968 nius
1295 1935 1364 1978 28,
1395 1935 1418 1967 2
1449 1927 1523 1980 (5.)
1570 1929 1748 1967 Publicis·
1775 1929 1912 1967 lintris
1931 1929 2053 1967 etiam

1171 1986 1330 2024 uomina
1347 1985 1525 2022 victimas
1542 1984 1764 2022 ducentium
1779 1994 1967 2033 prospera
1983 1983 2055 2022 eli-

1170 2041 1317 2090 giwius.
1370 2039 1468 2077 Tale
1498 2039 1728 2076 vaticinium
1763 2037 1916 2076 lenonis
1946 2037 2052 2076 illius

1173 2093 1363 2140 Plautini,
1382 2094 1424 2130 in
1440 2094 1606 2131 Lucride
1626 2093 1744 2130 Persa
1760 2097 1802 2140 4,
1815 2097 1858 2140 4,
1871 2097 1938 2133 73.
1968 2093 2054 2134 No-

1169 2161 1256 2186 men
1274 2154 1386 2199 atque
1403 2160 1512 2186 omen
1542 2148 1737 2198 quantivis
1766 2153 1823 2185 est
1845 2147 1968 2197 pmii
1986 2174 1999 2186 .
2011 2173 2023 2185 .
2040 2174 2050 2186 .

1169 2202 1280 2253 Mihi
1307 2215 1454 2254 quoque
1477 2203 1687 2240 Lucridem
1712 2201 1860 2251 confido
1876 2202 1971 2251 sore
2000 2209 2052 2241 te.

1184 2257 1194 2295 '.
1211 2259 1250 2295 di
1270 2262 1310 2295 et
1323 2258 1482 2295 Festum
1503 2258 1544 2294 in
1563 2258 1688 2296 Lacus
1704 2257 1910 2295 Lucrinus.
1938 2256 2050 2297 Ltus.

1205 2313 1352 2350 irmant
1382 2312 1498 2350 MSS.
1530 2313 1633 2350 Flor.
1661 2312 1752 2349 Vat.
1782 2311 1881 2360 Reg.
1908 2311 1969 2350 ed.
1990 2322 2052 2362 pr.

1169 2367 1237 2405 sed
1274 2367 1436 2415 insuper
1469 2368 1568 2416 quis.
1614 2366 1722 2404 ERN.
1777 2365 1880 2403 Bud.
1913 2366 2052 2416 quibus

1156 2421 1301 2470 fausta
1318 2423 1491 2466 nomina,
1512 2421 1580 2458 ubi
1598 2425 1638 2457 2.
1656 2431 1710 2458 m.
1731 2419 1774 2458 τὸ
1789 2420 1946 2457 nmina
1963 2431 2050 2458 mu-

1167 2481 1254 2513 tare
1277 2475 1443 2524 parabat
1471 2474 1513 2512 in
1541 2476 1671 2512 omina
1691 2474 1752 2512 vel
1780 2471 1924 2512 oniniu-
1959 2475 2050 2524 Bip.

1168 2530 1309 2580 legunt
1325 2531 1393 2580 qui
1413 2540 1483 2578 per
1499 2530 1782 2579 adpositionem
1806 2525 1882 2577 'pro
1899 2530 2052 2580 quibus,

1168 2590 1209 2622 et
1224 2589 1438 2635 provocant
1464 2584 1513 2621 ad
1541 2582 1661 2621 verba
1685 2583 1752 2620 cit.
1786 2584 1919 2622 Plinii.
1978 2584 2053 2622 Sed

1169 2641 1212 2677 in
1229 2640 1289 2676 liis
1308 2652 1353 2676 eo
1372 2650 1490 2676 sensu
1514 2638 1722 2676 dicendum
1748 2638 1889 2675 fuisset
1913 2638 2052 2677 ducen-

1170 2695 1245 2740 tia,
1263 2705 1343 2730 non
1368 2694 1601 2731 ducentium.
1657 2693 1720 2730 Sic
1746 2697 1786 2730 et
1804 2693 1942 2731 Cicero
1971 2694 1999 2731 1.
2016 2706 2050 2731 c.

1172 2760 1252 2787 nou
1268 2749 1365 2785 dicit
1381 2749 1478 2785 bona
1490 2750 1664 2794 nomina,
1679 2747 1745 2784 sed
1763 2748 1869 2785 bonis
1884 2749 2052 2794 maini-

1172 2802 1254 2842 bus..
1311 2803 1426 2841 Falso
1442 2802 1634 2851 Ryckium
1653 2803 1756 2840 Flor.
1784 2803 1906 2840 codici
1922 2802 2051 2841 tribu-

1172 2869 1239 2894 ere
1259 2859 1340 2908 qui,
1355 2861 1526 2895 testatur
1543 2858 1629 2895 Juc.
1649 2858 1822 2895 Gronov.

1230 2912 1426 2950 Felicibus
1450 2910 1589 2963 ramis]
1648 2910 1693 2949 ld
1721 2917 1796 2957 cst,
1813 2922 1834 2948 e
1860 2911 1964 2948 felici
1987 2922 2050 2949 ar-

1167 2965 1264 3005 bore
1296 2966 1385 3016 (Dis
1413 2971 1542 3016 grata,
1579 2967 1866 3015 interpretatur
1894 2965 2047 3002 Macro-

1169 3020 1258 3059 bius
1286 3026 1327 3068 2,
1356 3021 1438 3071 16.)
1471 3022 1691 3070 decerptus.
1748 3019 1979 3058 Ammianus
2006 3020 2049 3058 in

1168 3076 1360 3125 religione
1389 3075 1510 3114 simili
1539 3081 1608 3122 29,
1637 3082 1672 3113 1.
1707 3075 1864 3113 Linteis
1889 3075 2047 3124 quidam

1166 3131 1399 3169 indumentis
1434 3131 1616 3177 amictus,
1649 3130 1777 3168 torulo
1811 3129 1936 3177 capiti
1971 3129 2047 3166 cir-

1167 3185 1373 3236 cumflexo,
1410 3186 1588 3223 verbenas
1620 3184 1760 3234 felicis
1800 3182 1947 3219 arboris
1976 3196 2047 3232 ge-

1165 3246 1287 3278 stans.
1315 3239 1423 3277 Huic
1442 3238 1532 3277 usui
1551 3239 1718 3276 maxime
1735 3236 1881 3274 laurus.
1913 3237 2047 3276 Livius

1165 3293 1194 3331 l.
1211 3299 1280 3340 40,
1297 3299 1362 3333 ³7.
1411 3293 1550 3330 Omnes
1567 3293 1743 3329 coronati
1758 3297 1795 3328 et
1813 3292 1988 3329 lauream
2005 3293 2047 3331 in

1164 3360 1284 3386 manu
1307 3351 1475 3385 tenentes
1499 3347 1826 3396 mpplicaveruut.
1882 3346 2045 3384 suidas:

1165 3400 1341 3439 Αἴσακος.
1371 3400 1388 3438 ὅ
1403 3397 1539 3442 κλάδος
1561 3401 1624 3442 τῆς
1643 3396 1793 3450 δάφνης,
1811 3398 1846 3437 ἓν
1864 3400 2051 3450 κατέχον-

1167 3469 1227 3497 τες
1261 3452 1388 3503 ὕμνουν
1415 3454 1496 3497 τοὺς
1536 3453 1656 3496 θεούς.
1701 3455 1812 3492 ers.
1870 3455 1994 3492 Locus
2022 3467 2047 3493 a

1167 3508 1302 3557 Lipsio
1318 3509 1531 3558 productus
1551 3521 1630 3547 non
1648 3509 1776 3548 Suidae
1792 3513 1866 3558 est,
1885 3511 1951 3548 sed
1965 3509 2049 3550 He-

1167 3563 1303 3613 sychii.
