2190 3880
648 130 832 182 ,LIB.
869 132 963 182 ΠΙ.
1019 133 1186 183 CA-P.
1219 138 1302 183 22.
1830 142 1925 186 1811

115 256 407 325 cornibusg
458 255 628 311 latera
665 275 730 310 ac
769 258 925 328 terga
966 256 1150 328 equite
1190 256 1557 312 circumdata:
1597 260 1728 314 Sido
1756 270 2056 331 atqueA,u,

119 330 363 395 ItalicuS,
404 329 588 392 Sucvi,
622 346 749 380 cum
790 328 1014 381 delectis
1055 327 1419 398 popularium,
1447 329 1671 398 primori
1700 333 1753 383 in
1801 333 1919 384 acie
1950 331 2045 373 823.

118 399 487 454 versabantur.
525 399 603 451 At
628 399 952 451 Vitellianus
979 399 1271 463 exercituS,
1295 398 1384 451 cui
1411 399 1757 468 adquiescere
1787 402 1918 454 Cre-
1931 387 2056 478 Asoc-

113 486 295 523 mon‘ae
321 482 395 535 et,
423 471 734 541 reciperatis
761 471 887 522 cibo
921 486 1218 538 somnoque
1246 470 1469 534 viribuS‚
1503 469 1814 523 confectum
1843 473 1919 524 al-
1934 459 2029 547 ρξ’

113 558 248 611 gore
287 551 450 610 atque
497 540 676 593 inedia
712 541 943 605 hostem,
979 551 1196 610 postera
1235 540 1324 591 die
1366 541 1657 610 profligare
1703 560 1766 593 ac
1796 561 1921 612 pro—

115 628 269 663 ruere
328 612 467 663 ratio
516 611 653 664 fuit:
727 611 1235 682 indigustrectoriS,
1290 611 1448 680 inops
1492 611 1726 676 consilii,
1764 613 1925 665 tertia

116 681 287 734 ferme
334 682 509 734 noctis
554 682 705 746 hora,
731 683 934 751 paratis
965 680 1083 750 jam
1129 681 1514 751 dispositisque
1543 681 1813 733 Flavianis
1843 683 1925 734 in-

117 753 380 822 pingitur.
457 751 719 805 Ordinem
745 751 998 821 agmini8‚
1025 752 1237 820 disjecti
1268 770 1361 821 per
1388 753 1522 803 iram
1565 771 1628 804 ac
1657 753 1924 818 tenebram,

116 822 429 875 adseverare
457 839 562 875 non
595 822 800 874 ausim:
840 839 1166 891 quamquam
1193 822 1279 873 alii
1321 821 1657 887 tradiderint,
1682 831 1925 893 quartam

119 890 511 945 Macedonicam
536 892 713 944 dextro
738 910 942 943 suo-rum
970 910 1156 944 cornu:
1195 892 1446 962 quintam,
1482 902 1530 944 et
1554 893 1923 963 quintamdeci-

117 979 271 1026 mam,
293 980 406 1015 cum
424 961 622 1014 vexillis
639 980 781 1014 norece
801 962 1122 1032 secundaeque
1148 971 1195 1014 et
1221 963 1469 1014 vicesimae
1492 962 1925 1016 Britannicarum

117 1031 390 1104 legionum,
416 1033 634 1084 mediam
676 1033 864 1099 aciem3
901 1033 1325 1085 sextadecimanos
1358 1033 1926 1105 duoetvicesimanosque

114 1111 172 1155 et
179 1103 448 1172 primanos
473 1103 654 1155 laevum
695 1121 853 1156 cornu
896 1103 1171 1172 complesse.
1250 1102 1496 1172 Rapaces
1532 1115 1695 1173 atque
1745 1104 1925 1157 Italici

117 1174 373 1226 omnibus
401 1192 457 1225 se
493 1174 781 1243 manipulis
827 1173 1169 1226 miscuerant.
1248 1172 1427 1242 Eques
1467 1175 1778 1244 auxiliaque
1819 1176 1925 1228 sibi

116 1243 222 1314 ipsi
261 1243 443 1297 locum
492 1243 688 1314 legere.
754 1243 1011 1296 Praelium
1060 1255 1175 1294 tota
1228 1255 1390 1295 nocte
1440 1245 1672 1310 varium,
1707 1264 1926 1316 ancepS‚

115 1325 314 1380 -atrox;
352 1314 456 1378 his,
483 1332 662 1366 rursus
691 1313 813 1378 illis,
854 1314 1154 1366 exitiabile.
1234 1314 1386 1365 Nihil
1424 1315 1654 1379 animm,
1691 1327 1786 1366 aut
1814 1334 1927 1367 ma-

118 1402 240 1450 nue,
262 1403 332 1436 ne
358 1384 740 1454 oculiquidem
771 1384 989 1455 provisu
1010 1384 1301 1453 juvabant.
1341 1385 1528 1436 eadem
1557 1398 1784 1456 utraque
1811 1386 1928 1438 acie

118 1462 308 1508 arma:
365 1455 568 1509 crebris
617 1453 1136 1525 interrogationibus
1182 1468 1372 1507 notum
1424 1473 1625 1526 pugnae
1670 1458 1925 1526 signum:

159 1525 393 1578 ermixta
446 1525 662 1588 vexilla,
700 1537 761 1577 ut
809 1526 1039 1595 quisque
1079 1525 1294 1595 globuS‚
1335 1538 1497 1596 capta
1547 1544 1616 1578 ex
1660 1526 1929 1590 hostibuS‚

118 1543 227 1649 iiuc
259 1596 338 1648 vel
365 1595 492 1648 illuc
537 1597 806 1666 raptabat.
881 1597 1196 1667 Urgebatur
1235 1597 1473 1648 maxime
1502 1598 1734 1667 septima
1762 1597 1928 1669 legi0‚

119 1683 292 1737 nuper
341 1686 375 1719 a
414 1665 594 1719 Galba
643 1666 971 1738 conscripta.
1063 1666 1248 1719 Occisi
1293 1685 1387 1718 sex
1437 1667 1735 1737 primorum
1783 1667 1930 1719 ordi-

116 1755 250 1789 num
290 1737 692 1790 Centuriones:
744 1738 972 1814 abrqpta
1021 1737 1272 1812 quaedam
1323 1736 1509 1807 signa:
1563 1737 1736 1809 ipsam
1776 1738 1931 1810 aqui-

1522 1862 1544 1876 'x

173 1912 380 1956 Promere,
396 1909 612 1959 ratiosuit]
644 1911 789 1948 Notavi
814 1911 857 1948 in
882 1907 999 1948 Anti·

120 1966 210 2015 quis
226 1970 263 2009 2,
283 1967 345 2002 16.
361 1964 485 2002 videri
501 1965 664 2002 inducta
679 1976 772 2002 voce
790 1965 998 2012 legendum

118 2029 171 2056 αι·
188 2030 373 2068 proruere
376 2018 484 2067 suit,
513 2018 554 2054 id
568 2022 643 2064 est,
660 2018 786 2055 licuit.
841 2018 916 2055 Sed
932 2029 998 2054 ve·

118 2083 224 2119 reor,
243 2075 292 2109 ut
309 2083 382 2119 ego
413 2083 568 2120 quoque
593 2072 791 2109 interdum
814 2070 902 2120 (cur
930 2082 999 2107 ne-

119 2137 209 2174 gem
225 2129 298 2163 aut
328 2136 494 2174 purgem
511 2136 757 2166 communem
774 2125 1000 2162 criticorum

119 2179 222 2216 hanc
239 2190 383 2216 noxam
396 2177 431 2227 ?)
462 2179 568 2215 inter
585 2182 769 2224 sectores,
783 2190 863 2215 non
879 2178 1001 2215 medi-

120 2245 200 2271 cos.
227 2233 345 2270 Nunc
361 2243 457 2269 sane
475 2243 608 2269 vocem
626 2243 711 2269 eam
723 2232 862 2269 tolero.
888 2232 999 2268 Ln’s.

79 2328 82 2329 ⁷
120 2287 291 2325 Sensus:
327 2287 396 2335 qui
417 2288 575 2334 postera
601 2286 664 2322 die
694 2285 903 2334 profligare
931 2285 1001 2321 ho-

121 2344 221 2378 stem
245 2343 288 2377 et
314 2350 502 2387 promere
530 2338 714 2384 debebat,
730 2339 764 2375 si
792 2339 1002 2384 rationem,

121 2393 328 2435 eonsilium
346 2393 472 2441 sequi,
491 2393 707 2441 prudenter
731 2403 847 2441 agere
870 2393 1003 2430 vellet.

122 2448 220 2486 Mox
237 2449 362 2495 inops,
381 2447 486 2495 quod
513 2457 535 2482 e
553 2446 660 2484 Flor-
679 2457 752 2495 pro
777 2457 923 2483 vacuus
940 2446 1002 2483 Pi-

123 2501 250 2538 chena
270 2500 408 2546 edidit,
427 2500 546 2537 etiam
566 2499 608 2536 in
625 2500 686 2536 ed.
702 2511 762 2549 pr.
779 2499 924 2547 reperi.
959 2502 1003 2534 at

119 2554 375 2604 paratis-jam
390 2553 676 2602 dispositisque,
693 2564 765 2602 pro
777 2565 868 2602 par.
890 2552 1001 2600 jam-

125 2618 198 2654 que
214 2606 314 2654 disp.
341 2606 461 2642 etiam
479 2606 612 2643 Guelf.
640 2607 751 2644 Ean.
779 2607 925 2644 Noster
943 2609 1002 2642 et-

126 2659 205 2695 iam
220 2659 271 2696 A.
297 2664 340 2705 3,
359 2664 424 2696 21.
442 2660 536 2696 dum
548 2671 594 2696 ea
610 2660 712 2695 ratio
730 2659 890 2697 barbaro
895 2659 999 2706 fuit.

126 2712 218 2749 Non
246 2723 339 2760 ergo
372 2715 530 2749 tantum
547 2712 752 2748 toleranda
775 2724 863 2749 vox.
906 2712 1001 2748 Mox

125 2765 229 2803 Rud.
256 2767 367 2814 inops
393 2766 568 2809 consilio,
591 2769 640 2801 ut
669 2766 752 2803 Cic.
781 2765 910 2810 Bmto
935 2770 1002 2804 70.

126 2820 237 2868 inops
248 2819 382 2856 verbis.
399 2819 504 2855 Dein
519 2818 620 2854 idem
630 2830 720 2866 par.
723 2818 888 2868 jamque
904 2818 1004 2867 disp.
1025 2861 1027 2863 ¹

126 2871 296 2909 alterum
315 2871 422 2909 Pich.
439 2882 461 2908 e
479 2872 583 2908 Flor.
600 2871 721 2917 dedit.

180 2926 337 2970 Dextro
366 2937 524 2962 suorum
555 2923 692 2974 cornu]
723 2925 803 2961 lut.
837 2924 1006 2969 stetisse,

127 2978 161 3015 si
179 2990 274 3015 vera
301 2979 432 3016 lectio.
488 2979 545 3015 At
564 2979 737 3015 Faernus
756 2978 936 3014 dextrum
951 2977 1008 3013 le-

128 3031 270 3081 gebat:
317 3032 421 3081 quod
446 3030 600 3080 placet:
642 3043 735 3068 nam
762 3034 803 3068 et
830 3042 920 3067 mox
948 3034 1009 3066 est

124 3087 328 3135 primanos
355 3086 495 3122 loevum
532 3097 649 3122 cornu
678 3081 891 3133 consplesse.
931 3084 1008 3120 nisi

128 3138 231 3175 forte
265 3137 428 3175 verbum
462 3138 561 3175 latet
598 3139 637 3174 in
670 3149 852 3182 suorum3
907 3136 1010 3185 quod

130 3202 225 3228 sane
243 3195 382 3229 contra
398 3191 722 3229 consuetudinem
743 3191 805 3227 hic
824 3191 1009 3238 ponitur-3

129 3252 205 3281 nec
231 3245 392 3282 memini
427 3245 582 3293 uspiam
612 3245 654 3281 in
682 3244 754 3281 tali
787 3244 1011 3280 narratione

132 3297 237 3336 addi.
266 3299 374 3336 Emv.
403 3299 626 3347 Legendum
658 3298 853 3343 dea-trum,
881 3297 1014 3334 admo-

134 3350 228 3387 dum
246 3351 472 3389 verisimile.

192 3405 292 3442 Cum
308 3403 480 3454 vexillis]
526 3405 686 3441 Vetula
701 3414 775 3452 pro
797 3404 1016 3442 vexillariis

139 3457 284 3505 passim
301 3458 407 3508 apud
437 3461 631 3496 nostrum.
657 3457 719 3495 ef.
755 3458 862 3495 Pich.
887 3457 939 3501 ad
967 3458 1019 3495 A.

143 3514 178 3553 1,
197 3515 264 3548 38.

1105 1909 1576 1960 Duoetvicesimanosque]
1612 1911 1697 1948 MS.
1725 1911 1858 1949 Guelf.
1892 1914 1935 1948 et

1051 1966 1130 1999 vet.
1156 1963 1240 1999 cod.
1259 1963 1393 2000 Ursin.
1419 1964 1506 2000 edd.
1526 1967 1618 2000 ante
1648 1965 1776 2002 Rhen.
1794 1965 1934 2001 duode-

1051 2017 1163 2053 vices.
1182 2017 1298 2052 solita
1327 2017 1569 2054 confusione.
1589 2018 1650 2055 ed.
1678 2030 1739 2066 pr.
1773 2017 1829 2068 (et
1845 2017 1933 2054 cod'.

1050 2067 1164 2118 Agr.)
1186 2070 1375 2107 duovices.
1427 2071 1522 2107 Mox
1539 2083 1649 2121 eques
1670 2071 1770 2107 bene
1788 2082 1809 2106 e
1828 2069 1933 2108 Flor-

1053 2126 1095 2159 et
1112 2123 1208 2170 Agr.
1228 2123 1350 2160 edidit
1365 2123 1548 2171 Ryckius.
1578 2125 1787 2161 Consentit
1799 2123 1935 2162 Guelf.

1053 2176 1119 2211 sed
1139 2176 1194 2212 sic
1206 2176 1289 2222 jam
1307 2177 1399 2213 olim
1420 2177 1570 2214 editum
1589 2178 1631 2214 in
1647 2172 1732 2216 edd.
1750 2189 1813 2227 pr.
1843 2178 1935 2215 Put.

1052 2229 1146 2266 Ber.
1166 2230 1294 2267 Rhen.
1315 2228 1354 2280 (e
1370 2228 1492 2279 Bud.)
1517 2231 1609 2268 Ald.
1628 2232 1775 2280 Gryph.
1794 2232 1933 2268 Corre-

1053 2285 1206 2320 ctorum
1225 2283 1323 2319 vitio
1348 2283 1506 2332 irrepsit
1531 2285 1675 2334 equites
1701 2285 1873 2333 primum
1891 2284 1934 2320 in

1055 2336 1117 2374 ed.
1148 2336 1278 2374 Rhen.
1308 2348 1386 2374 sec.
1419 2338 1525 2374 Dein
1559 2350 1767 2389 rursusque
1801 2338 1936 2375 Guelf.

1056 2390 1142 2426 edd.
1164 2389 1315 2427 Puteol.
1339 2390 1431 2427 Ber.
1456 2390 1539 2428 Alc.
1568 2403 1705 2429 rursus
1723 2394 1934 2428 consuetu-

1056 2443 1139 2479 dini
1156 2443 1285 2481 Taciti
1310 2455 1528 2492 congruens
1547 2446 1685 2493 magis.
1707 2445 1782 2490 Itis,
1800 2456 1937 2482 rursus

1053 2497 1150 2541 illis,
1174 2496 1244 2546 (sic
1264 2497 1338 2534 Rh.
1358 2509 1380 2532 e
1397 2496 1516 2547 Bud.)
1537 2509 1608 2546 pro
1624 2499 1739 2535 modo
1760 2498 1836 2543 his,
1853 2509 1937 2534 mo-

1054 2549 1103 2585 do
1127 2550 1217 2587 illis.
1248 2551 1296 2587 V.
1333 2551 1383 2586 ad
1406 2562 1441 2588 c.
1470 2557 1534 2589 83.
1567 2551 1656 2589 init.
1692 2553 1800 2588 ERN.
1831 2550 1937 2587 Bud.

1053 2602 1240 2641 duoetvic.
1278 2604 1434 2640 Rursus
1459 2605 1588 2641 Rhen.
1615 2616 1636 2640 e
1660 2605 1763 2641 Bud.
1799 2602 1937 2640 Proelii

1056 2657 1170 2694 istius
1198 2658 1380 2693 nocturni
1409 2658 1647 2694 mentionem
1677 2658 1803 2693 facere
1836 2657 1938 2701 Cur-

1053 2711 1155 2746 tium
1182 2715 1244 2755 10,
1270 2715 1310 2748 9.
1339 2710 1574 2760 Rutgersius
1600 2709 1818 2752 arbItratur
1840 2710 1936 2756 Var-

1057 2765 1163 2800 Lcct.
1184 2769 1219 2807 l,
1246 2768 1306 2801 19.

1111 2816 1266 2853 Eadem
1295 2821 1457 2865 utraque
1482 2815 1580 2866 acie]
1615 2817 1677 2854 Sic
1708 2816 1813 2854 Flor.
1840 2814 1938 2864 Agr.

1058 2870 1144 2906 edd.
1165 2881 1223 2915 pr.
1254 2869 1374 2916 Ryck.
1403 2870 1443 2906 J.
1470 2870 1592 2906 Gron.
1622 2871 1669 2915 In
1702 2869 1815 2908 MSS.
1835 2867 1940 2906 Bud.

1060 2923 1190 2959 Guelf.
1210 2924 1413 2971 eademque
1430 2923 1524 2961 acie.
1543 2924 1646 2970 quod
1664 2926 1705 2960 et
1722 2924 1764 2960 in
1781 2933 1856 2960 sec.
1878 2922 1939 2959 ed.

1060 2977 1188 3015 Rhen.
1219 2974 1362 3024 reperi‘.
1418 2976 1627 3013 Exciderat
1650 2983 1756 3022 utra,
1776 2977 1877 3026 quod
1898 2977 1941 3012 in

1061 3030 1146 3066 MS.
1183 3030 1313 3066 Guelf.
1348 3040 1454 3066 man.
1489 3041 1564 3070 sec.
1592 3030 1811 3079 adscripsit.
1866 3029 1942 3067 Sed

1063 3083 1245 3119 addidere
1277 3087 1453 3135 utraque.
1492 3083 1585 3119 hinc
1621 3083 1738 3122 lectio
1769 3083 1943 3132 vulgatis

1063 3137 1265 3190 eade-mque
1299 3142 1474 3186 utraque.
1531 3138 1721 3186 Copulam
1756 3137 1820 3173 hic
1847 3137 1945 3172 alie-

1063 3200 1154 3225 nam
1172 3201 1271 3235 esse,
1289 3190 1495 3238 sequentia
1511 3189 1664 3229 docent.
1692 3192 1802 3228 ERN.
1827 3189 1944 3230 Quod

1064 3243 1128 3278 hic
1144 3243 1191 3285 de
1222 3242 1394 3280 secunda
1410 3243 1594 3281 Rhenani
1623 3244 1784 3289 dicitur,
1803 3243 1946 3280 falsum

1067 3299 1159 3341 θεῖς
1188 3296 1391 3344 vulgatum
1411 3300 1553 3334 servat.

1123 3350 1274 3395 Notum
1288 3361 1439 3399 pugnoe
1449 3348 1625 3399 signum]
1645 3350 1671 3387 i.
1685 3361 1719 3387 e.
1731 3352 1893 3392 tessera,
1902 3349 1949 3383 ut

1073 3414 1194 3451 supra
1218 3403 1380 3441 dictum.
1416 3403 1516 3442 Add.
1548 3404 1656 3454 Lips.
1687 3404 1735 3441 de
1767 3403 1824 3441 M.
1843 3402 1891 3439 R.
1913 3403 1950 3437 ⁴·

1073 3457 1148 3494 ult.
1178 3457 1286 3494 Ean.

1141 3566 1244 3612 NS
