2190 3880
639 96 805 159 ΜΒ(
836 109 931 156 111.
989 109 1151 158 cAP.
1185 112 1265 158 26.
1288 114 1367 163 27.
1817 114 1908 158 185

107 245 193 287 tur
266 235 396 288 ictos
462 233 591 286 atris
617 231 822 298 Manes,
848 249 968 285 neve
1002 250 1051 284 se
1087 241 1143 284 ut
1170 231 1493 302 parricidam
1522 243 1968 298 aversarentursA.
1990 258 2047 301 U.

92 255 363 374 piabat-um
387 252 700 376 ifffacinuss
739 313 786 356 et
810 322 965 355 unum
990 303 1203 354 militem
1240 311 1448 373 quotam
1485 303 1712 356 civilium
1738 323 1906 357 armo-
1940 316 2033 352 823.

102 394 218 427 rum
243 374 492 444 partem?
541 374 702 426 simul
739 374 997 426 adtollere
1033 392 1252 443 corpuS,
1289 373 1496 443 aperire
1534 372 1779 438 humum,
1818 365 2037 460 su-Aioc·

101 462 291 514 premo
333 463 466 516 erga
499 457 777 515 parentem
819 444 1004 497 officio
1054 444 1232 515 fungi.
1304 442 1604 494 Advertere
1647 446 1906 512 proximi,
2004 444 2015 456 “

102 514 299 567 deinde
324 515 534 586 plures:
575 517 703 568 hinc
747 533 842 584 per
881 528 1096 567 omnem
1137 515 1308 566 aciem
1339 513 1658 565 miraculum
1685 525 1741 564 et
1777 533 1910 583 que-

102 594 216 637 stus
243 597 300 637 et
334 587 618 638 saevissimi
661 586 787 639 belli
826 586 1150 638 exsecratio.
1190 603 1290 636 nec
1327 603 1393 636 eo
1434 584 1653 653 segnius
1686 585 1910 654 propin-

92 674 257 724 quos,
284 657 508 722 adfineS,
537 652 728 709 fratres
767 655 1063 707 trucidatos
1102 655 1369 725 spoliant:
1411 654 1616 706 factum
1649 672 1765 706 esse
1793 673 1909 707 sce-

101 725 185 778 lus
222 726 520 797 loquuntur
562 726 898 795 faciuntque.
974 727 1052 779 Ut
1082 725 1409 777 Cremonam
1452 742 1664 788 venere,
1702 734 1904 778 novum
1923 734 1994 787 26

102 796 518 867 inmensumque
557 815 695 866 opus
732 797 988 848 occurrit.
1065 796 1385 848 Othoniano
1424 795 1585 858 bello,
1618 795 1907 848 Germani-

101 884 198 919 cus
225 868 390 919 miles
428 869 707 920 moenibus
737 867 1184 919 Cremonensium
1226 879 1403 920 castra
1432 885 1547 930 sua,
1576 867 1768 919 castris
1798 868 1908 919 val-

99 936 212 989 lum
239 938 686 1007 circumjecerat:
727 955 897 1007 eaque
925 939 1263 989 munimenta
1290 955 1470 989 rursus
1497 949 1743 989 auxerat.
1773 956 1910 1007 quo-

100 1006 218 1059 r'um
249 1007 508 1078 adspectu
540 1010 743 1062 baesere
771 1010 1022 1073 victoreS,
1050 1009 1269 1060 incertis
1301 1007 1568 1070 DucibuS‚
1595 1008 1726 1077 quid
1746 1008 1910 1077 jube-

100 1089 239 1130 rent.
280 1079 519 1149 incipere
557 1079 1044 1150 oppugnationem,
1083 1078 1227 1130 fesso
1266 1095 1360 1148 per
1397 1078 1542 1130 diem
1581 1091 1909 1147 noctemque

99 1150 366 1214 exercitu,
392 1151 641 1214 arduum,
666 1162 740 1213 et,
766 1149 914 1200 nullo
945 1149 1115 1218 juxt-a
1145 1149 1407 1212 subsidi0‚
1435 1165 1654 1217 anceps,
1695 1149 1775 1201 sin
1804 1150 1910 1201 Be-

99 1218 346 1272 driacum
384 1221 640 1285 redi-rent,
675 1219 1044 1272 intolerandus
1083 1230 1194 1271 tam
1232 1219 1382 1287 longi
1411 1219 1618 1269 itineris
1656 1218 1828 1283 labor,
1856 1232 1912 1271 et

18 1312 25 1322 ·
99 1290 332 1343 victoria
367 1292 432 1344 ad
472 1292 696 1343 inritum
732 1290 1129 1342 revolvebatur.
1175 1290 1385 1341 munire
1422 1292 1639 1341 castra?
1679 1289 1733 1341 id
1775 1308 1911 1359 quo-

99 1378 224 1430 que,
265 1362 583 1431 propinquis
633 1361 901 1425 hostibuS‚
941 1361 1374 1424 formidolosum,
1415 1377 1481 1410 ne
1526 1360 1816 1429 dispersos,
1855 1371 1911 1412 et

98 1448 237 1500 opus
289 1431 572 1484 molientes
633 1432 815 1484 subita
865 1433 1153 1501 eruptione
1210 1431 1511 1484 turbarent.
1570 1448 1694 1499 quae
1748 1449 1910 1500 super

98 1512 300 1554 cuncta
327 1504 560 1554 terrebat
587 1503 826 1573 ipsorum
857 1502 1028 1566 mileS,
1058 1502 1280 1573 periculi
1309 1518 1473 1572 quam
1500 1518 1668 1552 morae
1699 1502 1911 1570 patien-

98 1571 224 1624 tior.
263 1573 468 1644 quippe
495 1574 728 1644 ingrata,
754 1591 877 1642 quae
908 1584 1043 1635 tnta,
1071 1591 1139 1625 ex
1174 1574 1478 1624 temeritate
1510 1589 1662 1641 spes:
1704 1574 1908 1625 omnis-

98 1660 207 1711 que
233 1644 409 1694 caedes
436 1655 492 1695 et
522 1643 740 1696 vulnera
761 1655 816 1695 et
845 1644 1065 1715 sanguis
1085 1643 1346 1696 aviditate
1414 1642 1574 1694 raedae
1603 1644 1908 1712 pensaban-

99 1724 206 1764 tur.
255 1712 386 1766 Huc
413 1714 698 1767 inclinavit
721 1713 1014 1778 AntoniuS,
1039 1714 1276 1784 cingique
1296 1662 1491 1766 valgum
1512 1730 1700 1781 corona
1718 1713 1989 1782 jtissit.27

96 1783 277 1855 primo
301 1785 516 1855 sagittis
542 1785 794 1854 saxisque
820 1785 1030 1836 eminus
1055 1787 1356 1849 certabant,
1383 1783 1590 1852 majore
1620 1782 1909 1836 Flaviano-

99 1862 219 1905 rum
257 1856 515 1924 pernicie,
554 1856 608 1907 in
651 1874 786 1925 quos
829 1855 933 1907 tela
970 1856 1198 1925 desuper
1231 1855 1588 1907 librabantu'r.
1634 1855 1911 1920 mox-val-

97 1924 209 1977 lum
249 1938 537 1997 portasque
577 1926 882 1996 legionibus
922 1926 1204 1989 adtribuit,
1232 1942 1292 1977 ut
1321 1926 1585 1977 discretus
1614 1923 1770 1976 labor
1798 1925 1909 1977 for-

99 2006 179 2046 tes
209 1995 542 2066 ignavosque
571 1997 950 2066 distingueret,
979 2008 1141 2065 atque
1170 1997 1287 2066 ipsa
1313 1996 1665 2048 contentione
1694 1995 1906 2048 decoris

94 2065 536 2119 accenderentur.
615 2067 877 2119 Proxima
900 2067 1247 2118 Bedriacensi
1276 2068 1379 2119 viae
1411 2066 1624 2117 tertiani
1650 2067 1908 2136 septima-

96 2137 262 2206 nique
287 2155 593 2208 sumpsere:
634 2138 944 2190 dexteriora
990 2138 1109 2188 valli
1146 2149 1341 2189 octava
1377 2156 1440 2188 ac
1484 2137 1717 2205 septima
1744 2137 1910 2189 Clau-

94 2207 288 2259 diana:
326 2209 800 2262 tertiadecimanos
828 2209 892 2259 ad
926 2208 1243 2260 Brixianam
1275 2220 1488 2276 portam
1519 2208 1732 2276 inpetus
1763 2207 1907 2260 tulit.

97 2275 346 2330 Paullum
389 2278 514 2331 inde
550 2297 737 2344 morae,
766 2279 894 2331 dum
934 2296 962 2330 e
1005 2279 1268 2348 proximis
1308 2278 1453 2350 agris
1491 2276 1722 2348 ligoneS‚
1758 2278 1909 2331 dola-

90 2454 328 2503 amplector3
357 2454 565 2503 explicatio
582 2455 741 2492 Ernesti
760 2466 840 2492 non
867 2455 963 2492 mihi
1020 2457 1196 2493 ercitum.
1256 2456 1351 2494 Mox
1368 2456 1520 2493 munire
1539 2461 1670 2492 castra
1691 2467 1761 2504 per
1786 2455 1909 2494 inter-

93 2508 311 2554 satisfacit3
339 2508 507 2556 probant
524 2514 658 2546 tamen
675 2509 787 2545 Brot.
802 2514 843 2546 et
862 2508 965 2546 Lau.
1020 2510 1264 2558 rogationem
1293 2510 1413 2555 dicta,
1439 2509 1488 2546 ad
1508 2509 1733 2546 variandam
1761 2510 1907 2546 oratio-

147 2562 356 2598 Publt‘cum
400 2563 445 2598 id
470 2562 633 2609 sacimas
669 2562 762 2612 eta]
823 2563 966 2599 Sensus

93 2617 177 2650 est:
205 2625 256 2651 ne
269 2613 344 2650 sibi
357 2615 488 2662 potius
507 2615 702 2663 imputent
717 2616 787 2651 hoc
801 2616 968 2660 facinus,

92 2678 211 2716 quam
229 2667 421 2704 universis
437 2667 616 2704 civilibus
635 2669 769 2713 armis,
786 2669 970 2705 universo

92 2721 299 2766 exercitui,
327 2720 472 2757 bellum
496 2721 609 2758 civile
637 2733 758 2758 auso:
788 2723 902 2769 cujus
929 2733 970 2758 se

91 2774 295 2811 minimam
321 2778 470 2822 partem
500 2786 598 2820 csse,
629 2785 700 2810 nec
725 2779 850 2812 totam
887 2775 971 2812 cul-

92 2838 185 2875 pam
218 2827 322 2864 ferre
358 2827 512 2864 debere.
566 2827 767 2866 Acidalius
801 2828 971 2876 putabat

91 2880 311 2918 haec-verba
335 2891 418 2918 esse
440 2881 569 2918 alieno
593 2881 693 2927 loco,
713 2885 753 2919 et
771 2885 858 2930 post
883 2883 972 2920 belli

92 2936 304 2973 exsecratio
321 2936 514 2982 ponenda.
568 2935 675 2971 ERN.

119 3002 127 3009 ·
147 2988 380 3026 Trucidatos
401 2987 587 3037 spoliant]
630 2987 709 3038 (Sic
725 2985 846 3036 Bud.)
869 2988 972 3026 mor.

89 3042 306 3079 trucidati.-
351 3042 454 3090 quod
489 3042 529 3078 J.
567 3041 788 3078 Gronovius
822 3042 969 3078 factum

11 3092 19 3102 ⁸
91 3097 208 3142 putat
240 3107 289 3131 ex
317 3096 542 3132 trucidant.-
578 3094 694 3140 bene,
730 3099 778 3132 ut
806 3097 966 3143 opinor:

90 3148 184 3196 quia
196 3147 376 3197 sequitur
381 3149 546 3197 facium
563 3149 698 3185 scelus.
753 3150 861 3186 ERN.

145 3201 321 3251 Affinis]
381 3202 445 3239 Ita
462 3201 564 3239 Bud.
581 3202 650 3251 qui
669 3202 895 3252 frequenter
915 3202 970 3238 sic

92 3253 303 3292 adcusandi
322 3265 454 3293 casum
471 3255 597 3293 effert.

149 3307 368 3346 Othoniano
386 3307 500 3357 bello]
533 3309 592 3346 Cf.
614 3314 651 3353 2,
675 3314 741 3346 22.

145 3360 260 3398 Feaeo
273 3374 316 3410 p.
333 3362 422 3399 dm.
443 3361 634 3411 eaeercitu]
668 3362 754 3400 MS.
773 3363 871 3410 Agr.
882 3360 968 3409 ses-

90 3425 154 3449 sos
185 3416 398 3452 eoeercitus:
433 3416 536 3463 quod
569 3419 610 3451 et
640 3416 770 3463 ipsum
803 3419 968 3451 rectum.

92 3466 167 3502 Sed
202 3466 402 3514 vulgatum
446 3468 587 3506 melius
623 3473 664 3504 et
695 3469 848 3506 verius:
894 3468 970 3504 etsi

91 3519 196 3557 Flor.
217 3520 335 3557 etiam
350 3523 389 3557 et
407 3521 466 3557 ed.
485 3533 546 3570 pr.
550 3519 698 3571 fisi-0⁸,
711 3522 778 3558 sed
796 3533 885 3561 mox
903 3532 970 3558 ea·-

1021 2574 1125 2600 nem.
1156 2575 1247 2600 nam
1265 2562 1363 2600 alias
1382 2574 1463 2600 non
1479 2563 1662 2599 convenit
1686 2563 1731 2599 id
1744 2575 1907 2611 quoque,

1024 2617 1128 2663 quod
1146 2621 1204 2654 est
1224 2615 1508 2664 respondentis.
1547 2617 1657 2653 ERN.
1701 2616 1803 2652 Bud.
1817 2615 1908 2662 ses-

1023 2682 1084 2705 sos
1103 2682 1146 2718 p.
1166 2672 1203 2707 d.
1220 2682 1261 2707 n.
1275 2671 1461 2707 exercitu.
1491 2668 1718 2717 Bip.fi‘ssos
1742 2668 1790 2704 ad
1808 2669 1908 2705 inci·

1018 2734 1111 2771 pere
1137 2724 1315 2759 referunt
1343 2726 1384 2758 et
1410 2722 1530 2758 verba
1550 2734 1622 2771 per
1639 2722 1676 2759 d.
1696 2734 1734 2757 n.
1760 2723 1908 2759 exerci-

1024 2783 1108 2812 tum
1140 2775 1182 2812 in
1212 2776 1437 2824 parenthesi
1469 2778 1637 2823 ponunt.
1691 2775 1789 2811 Mox
1817 2780 1908 2823 post

1022 2830 1174 2866 munire
1193 2834 1321 2866 castra
1348 2828 1615 2876 interrogandi
1643 2828 1799 2875 signum
1825 2839 1907 2867 non

1024 2882 1208 2931 probant.
1262 2882 1401 2919 Paullo
1416 2887 1506 2930 post
1526 2881 1628 2920 Bud.
1647 2883 1839 2930 ruptione.

1078 2935 1152 2972 Ex
1179 2937 1392 2973 temeritate
1415 2934 1517 2984 spes]
1578 2934 1731 2982 Copula
1755 2940 1794 2972 et
1811 2939 1906 2972 ante

1025 3001 1088 3034 ex,
1108 2993 1267 3027 auctore
1297 2989 1402 3026 Flor.
1421 2993 1528 3025 recte
1546 2988 1676 3025 deleta
1693 2988 1733 3026 J.
1753 2989 1907 3026 Grono-

1024 3043 1100 3079 vio.
1154 3043 1255 3079 Nam
1282 3042 1324 3079 in
1347 3042 1554 3079 contrariis
1582 3041 1731 3090 copulae
1755 3042 1906 3087 nullus,

1024 3100 1130 3133 certe
1149 3108 1227 3132 non
1253 3096 1423 3141 elegans,
1441 3107 1549 3133 usus.
1605 3096 1814 3132 Consentit
1841 3098 1904 3134 ed.

1026 3160 1084 3196 pr.
1140 3150 1188 3187 In
1208 3150 1291 3186 MS.
1311 3149 1443 3187 Guelf.
1470 3146 1606 3200 (Bud.)
1629 3149 1716 3186 edd.
1752 3150 1906 3188 Puteol.

1025 3206 1066 3238 et
1097 3213 1203 3251 seqq.
1242 3206 1334 3239 ante
1370 3203 1563 3252 Lipsium,
1595 3209 1632 3239 et
1663 3204 1905 3240 temeritate.-

1025 3255 1094 3293 ubi
1112 3263 1148 3293 et
1169 3256 1304 3293 vitiose
1325 3267 1395 3304 pro
1414 3268 1478 3302 ex,
1495 3261 1542 3292 ut
1567 3255 1655 3292 aliis
1674 3256 1783 3293 locis.
1813 3256 1905 3292 hinc

1023 3309 1186 3357 vulgata
1206 3315 1242 3346 et
1269 3323 1318 3347 ex
1346 3314 1455 3356 nata,
1474 3321 1499 3346 a
1517 3310 1650 3357 Lipsio
1671 3314 1819 3346 temere
1843 3321 1905 3346 re·

1023 3367 1137 3412 cepta
1155 3375 1202 3400 ex
1220 3363 1336 3409 libro,
1355 3375 1471 3412 quem
1492 3363 1541 3399 ad
1562 3363 1772 3399 editionem
1793 3374 1903 3400 suam

1023 3417 1341 3455 accommodavit.
1373 3418 1480 3456 ERN.
1519 3416 1623 3454 Bud.
1644 3427 1796 3464 quoquc
1813 3426 1903 3453 mox

1023 3477 1059 3509 et
1071 3482 1188 3520 prooe.
1208 3473 1326 3519 agras
1340 3482 1410 3519 pro
1428 3483 1447 3506 e
1461 3482 1575 3519 prooe.
1594 3482 1634 3508 α.
