2190 3880
679 151 834 201 11113.
885 149 978 201 111.
1026 148 1194 198 CAP.
1233 155 1312 199 55.
1803 152 1902 203 207.

100 275 408 330 constantia
434 273 718 340 centurie,
743 275 923 330 Julius
944 273 1211 345 Agrestis,
1238 280 1364 342 post
1386 269 1584 323 multos
1611 286 1965 338 sermoneS,A.
1985 284 2045 325 U.

100 349 301 415 quibus
325 345 604 397 Vitellium
641 346 709 398 ad
739 348 995 397 virtutem
1033 344 1233 395 frustra
1261 342 1611 404 accendebat,
1648 344 1900 411 perpulit,
1919 342 2026 431 {3235

97 427 163 468 ut
200 417 266 469 ad
307 416 444 468 vires
475 415 716 468 hostium
755 415 1093 485 spectandam,
1131 429 1363 482 quaeque
1403 411 1545 480 apud
1576 410 1900 464 Cremonam
1941 417 2036 485 {os

99 485 434 549 actaforent‚
461 486 576 556 ipse
604 487 928 537 mitteretur.
1002 484 1121 536 Nec
1147 482 1524 552 exploratione
1550 481 1765 532 occulta
1803 482 1903 533 fal-

96 553 206 606 lere
229 554 534 610 Antonium
573 557 821 619 tentavit,
850 555 941 606 sed
969 554 1224 605 mandata
1252 550 1604 621 Imperatoris
1638 568 1902 619 suumque

96 625 339 677 animum
379 625 668 695 professuS,
696 638 757 676 ut
793 636 992 677 cuncta
1024 626 1239 686 viseret,
1266 622 1524 691 postulat.
1599 619 1781 684 Missi,
1808 621 1901 688 qui

33 730 47 735 -
98 693 280 747 locum
317 695 519 765 proelii,
547 695 833 747 Cremonae
866 693 1111 762 vestigia,
1146 705 1334 762 captas
1373 692 1614 760 legiones
1652 692 1903 743 ostende-

96 775 236 817 rent.
307 765 556 835 Agrestis
605 766 680 816 ad-
711 763 990 816 Vitellium
1027 764 1306 825 remeavit,
1357 761 1744 829 abnuentique,
1783 778 1903 812 vera

97 851 212 898 esse,
238 852 348 905 quae
384 833 624 904 adferret,
651 844 814 902 atque
851 834 990 884 ultro
1029 840 1326 901 conruptam
1355 832 1637 901 arguenti3
1673 830 1903 900 quando-

100 904 320 974 quidem,
346 904 542 972 inquit,
568 922 750 973 magno
788 906 1079 955 documento
1121 920 1243 972 opus
1267 910 1355 965 est,
1378 920 1468 967 *nec
1505 901 1639 953 alius
1655 902 1777 970 jam
1806 901 1904 952 tihi

23 983 26 988 '
102 983 196 1026 aut
220 975 356 1039 vitae,
381 983 473 1025 aut
498 975 672 1026 mortis
695 992 814 1025 meae
848 992 981 1037 usuS,
999 972 1156 1035 dabo,
1182 972 1264 1024 cui
1295 971 1486 1024 credas·
1526 982 1688 1040 atque
1717 971 1794 1022 ita
1819 971 1902 1022 di-

101 1061 336 1114 gressus,
362 1044 666 1095 voluntaria
693 1056 865 1096 morte
886 1044 1035 1096 dicta
1060 1042 1314 1094 firmavit.
1378 1042 1780 1110 Quidamjussu
1809 1039 1902 1093 Vi-

99 1113 230 1166 tell-ii
277 1111 630 1183 interjectwm3
680 1114 748 1165 de
773 1113 891 1182 fide
938 1113 1318 1180 constantiaque
1367 1111 1573 1174 eadem,
1617 1112 1898 1163 tradidere.

33 1208 35 1210 ’
103 1183 372 1247 Vitellius,
401 1194 460 1235 ut
493 1201 522 1243 e
556 1201 746 1235 somno
778 1183 1011 1247 excituS,
1039 1181 1243 1233 ,Iulium
1270 1180 1509 1231 Priscum
1533 1189 1580 1232 et
1608 1180 1898 1250 Alphenum
1913 1203 1944 1249 5
1950 1201 1985 1248 5

109 1251 305 1307 Varum
342 1268 455 1306 cum
494 1251 644 1304 XIV
674 1252 946 1305 Praetoriis
987 1250 1275 1306 cohortibus
1315 1259 1362 1302 et
1405 1251 1636 1302 omnibus
1676 1251 1902 1319 equitum

102 1323 201 1377 alis
223 1323 446 1376 obsidere
465 1322 794 1393 Apenninum
810 1323 991 1392 jubet.
1045 1322 1245 1373 Secuta
1270 1339 1300 1372 e
1325 1320 1561 1373 classicis
1587 1321 1750 1390 legi0.
1794 1320 1906 1373 Tot

106 1394 276 1447 millia
303 1403 651 1457 armato-um,
678 1393 817 1444 lecta
852 1393 1004 1461 equis
1035 1391 1288 1460 virisque,
1324 1392 1367 1441 si
1404 1390 1535 1442 Dux
1577 1391 1711 1442 alius
1745 1390 1905 1456 foret,

103 1463 386 1533 inferendo
411 1481 628 1533 quoque
655 1463 794 1514 bello
823 1465 950 1513 satis
976 1461 1269 1532 pollebant.
1323 1461 1533 1512 Ceterae
1559 1461 1810 1513 cohortes
1837 1463 1906 1513 ad

104 1534 360 1586 tuendam
391 1535 578 1585 urbem
608 1533 670 1585 L.
691 1533 912 1585 Vitellio
940 1531 1092 1584 fratri
1121 1532 1283 1583 datae.
1361 1530 1504 1599 Ipse,
1530 1530 1665 1582 nihil
1690 1549 1719 1582 e
1746 1531 1929 1597 solito,
2004 1579 2010 1585 .

105 1605 237 1657 luxu
287 1603 586 1667 remittenS,
623 1614 678 1654 et
715 1603 1018 1654 diffidentia
1054 1619 1333 1671 properUS,
1375 1601 1629 1652 festinare
1665 1603 1908 1666 comitia,

107 1675 304 1745 quibus
351 1673 623 1725 'Consules
686 1674 743 1724 in
795 1673 994 1724 multos
1058 1689 1227 1724 annos
1290 1671 1634 1724 destinabat:
1699 1671 1910 1724 foedera

103 1745 289 1810 vsociiS,
333 1743 548 1796 Latium
593 1744 850 1808 externiS,
898 1742 1170 1812 dilargiri:
1231 1740 1315 1792 his
1365 1741 1567 1793 tributa
1616 1741 1915 1808 dimittere,

107 1815 243 1869 alios
294 1814 711 1867 inmunitatibus
752 1813 978 1882 juvare:
1031 1813 1282 1880 denique,
1331 1811 1476 1865 nulla
1523 1811 1577 1863 in
1634 1824 1908 1881 posterum

107 1903 256 1952 cura,
293 1884 526 1942 lacerare
572 1883 888 1954 Imperium.
965 1884 1072 1935 Sed
1119 1882 1312 1953 vulgus
1364 1882 1431 1934 ad
1475 1882 1909 1953 magnitudinem

104 2030 205 2069 oth.
222 2040 257 2069 c.
278 2034 340 2068 10.
367 2029 411 2067 ‘m
430 2028 553 2078 priori
579 2040 669 2066 cum
695 2028 852 2067 Othone
880 2027 985 2066 bello
1051 2022 1055 2026 ’
1091 2024 1258 2064 Latium
1277 2023 1464 2074 eoeternis]
1521 2023 1689 2062 Tirones
1714 2025 1913 2072 monendi,

31 2115 36 2119 ,
105 2084 200 2123 huic
214 2083 400 2122 accidisse
422 2083 650 2128 traduntur,
665 2087 711 2119 ut
729 2083 813 2129 jam
833 2083 985 2119 notavit
1038 2077 1085 2117 ut
1106 2080 1172 2126 jus
1201 2079 1427 2116 Latinitatis
1455 2077 1695 2126 intelligant,
1717 2090 1796 2115 non
1825 2091 1914 2127 par-

106 2136 288 2176 Savilius.
337 2138 429 2174 Post
445 2142 505 2182 ut,
519 2147 544 2172 a
559 2137 749 2173 Rhenano
766 2130 982 2182 sublatum,
1035 2138 1116 2170 tem
1136 2133 1276 2177 Italiae,
1294 2143 1379 2180 quae
1397 2131 1555 2167 Latium
1575 2135 1724 2168 vocata.
1767 2133 1875 2169 ERN.

100 2190 204 2227 bene
218 2189 396 2227 restituit
413 2189 584 2226 Pichena
603 2187 641 2239 (e
660 2187 805 2236 Flor.),
821 2189 923 2237 quod
942 2189 984 2225 in
1102 2187 1266 2223 Tribata
1281 2183 1489 2232 dimittere]
1549 2184 1611 2220 sie
1638 2181 1772 2220 omnes
1794 2184 1886 2222 libri
1903 2198 1915 2223 z

106 2243 290 2283 omnibus
309 2243 406 2280 meis
432 2243 563 2290 reperi
585 2246 679 2279 ante
700 2243 829 2279 Rhen.
876 2242 984 2278 ERN.
1040 2240 1079 2276 id
1096 2251 1176 2276 uon
1191 2238 1440 2283 tentandum,
1458 2237 1590 2274 docuit
1608 2238 1796 2285 exemplis
1813 2239 1919 2276 Gre-

113 2297 166 2334 Ut
182 2297 290 2333 deest
307 2297 350 2333 in
365 2297 468 2333 Bud.
497 2295 706 2334 subaudiri
723 2298 838 2344 putat
854 2294 984 2332 Rhea.

108 2350 204 2387 Mox
221 2346 324 2387 Bud.
342 2349 443 2386 male
459 2349 754 2386 ostenderentur.

169 2404 269 2448 ραι·
298 2402 483 2452 afferret]
550 2402 612 2439 Sic
647 2401 759 2438 MSS.
792 2401 852 2438 Fl.
888 2401 986 2448 Agr.

109 2457 241 2514 Guelf.
259 2456 345 2493 edd.
367 2459 460 2492 ante
487 2454 614 2492 Rhen.
642 2465 723 2491 non
748 2454 922 2502 referret,
941 2456 987 2490 ut

110 2510 174 2546 hic
191 2508 230 2560 (e
242 2506 364 2558 Bud.)
382 2508 500 2545 dedit.
519 2507 716 2555 ceterique
731 2508 781 2543 ad
796 2507 988 2554 Ryckium

27 2562 31 2563 ⁷
110 2574 250 2611 usque.
290 2562 385 2599 Mox
403 2567 459 2598 est
474 2572 608 2597 omnes
625 2572 699 2599 scr.
725 2564 766 2597 et
782 2559 870 2597 edd.
892 2571 990 2606 prae-

110 2622 173 2653 ter
191 2615 343 2653 Puteal.
369 2614 549 2650 Beroald.
574 2614 662 2651 Alc.
707 2614 816 2650 Emi.
860 2613 989 2649 Rhen.

110 2667 260 2705 addidit
285 2679 308 2703 e
333 2668 437 2705 Bud.
480 2667 664 2715 Afferret
691 2667 810 2703 etiam
838 2665 938 2704 Lau.
964 2677 986 2701 e

113 2721 240 2769 Regio
258 2732 343 2758 suo.

165 2775 308 2812 Secuta
339 2787 360 2810 e
388 2773 560 2810 classicis
591 2770 711 2821 legio]
771 2771 868 2809 Haec
895 2781 988 2807 vera

113 2827 231 2865 lectio
249 2827 351 2876 (quae
367 2830 408 2862 et
420 2826 462 2863 in
471 2823 613 2874 Bud.).
643 2826 730 2862 MS.
742 2824 840 2872 Agr.
850 2830 988 2861 sec-ata:

111 2881 284 2919 claseicae
322 2880 506 2927 legiones,
540 2881 588 2915 ut
619 2878 745 2915 voluit
788 2878 986 2915 Muretus.

111 2934 213 2976 Quae
244 2931 467 2980 corruptela
497 2931 600 2968 unde
629 2935 731 2975 orta,
755 2931 866 2967 docet
895 2930 988 2965 scri-

112 2990 232 3036 ptura
249 2986 310 3024 ed.
334 2997 394 3034 pr.
413 2990 552 3022 secutoe
569 2984 742 3020 classicis
758 2981 873 3031 legio.
901 2982 988 3019 MS.

113 3039 245 3078 Guelf.
275 3045 407 3077 secuta
435 3043 492 3074 est
517 3038 566 3074 cl.
620 3037 740 3084 Legio
767 3047 789 3072 e
819 3035 988 3072 classicis

112 3093 323 3142 quomodo
339 3095 447 3136 nata,
467 3102 502 3126 v.
520 3100 639 3137 supra
655 3101 687 3125 c.
708 3095 773 3126 50.
820 3089 876 3126 Et
891 3087 988 3124 alias

113 3157 266 3196 quoque
293 3157 319 3182 a
342 3145 502 3181 classica
517 3143 661 3179 militia
678 3143 728 3179 ad
754 3142 988 3189 pedestrem,

111 3202 159 3238 ut
174 3199 477 3242 honoratiorem,
494 3196 678 3233 traducti.
732 3195 792 3231 De
814 3194 984 3232 classicis

112 3251 194 3288 dixi
209 3252 306 3289 satis
324 3255 366 3288 et
383 3250 565 3287 distincte
583 3249 633 3284 ad
653 3247 709 3287 H.
733 3254 769 3293 l,
788 3250 853 3286 36.
889 3247 985 3283 Mox

112 3305 150 3341 sa·
174 3303 279 3343 Duae
309 3305 426 3349 atius,
445 3302 548 3352 quod
575 3301 670 3338 libri
701 3305 799 3340 vett.
835 3312 909 3337 scr.
946 3303 986 3336 et

113 3355 201 3394 edd.
232 3361 325 3395 ante.
356 3357 482 3394 Rhea.
515 3354 678 3400 habent,
711 3354 869 3391 mollius
909 3357 983 3399 est,

114 3408 538 3459 quamei.a12·usDu.2-.
582 3408 698 3445 ERN..
743 3407 832 3444 Hoc
855 3406 983 3444 Rhen.

112 3474 134 3499 e
167 3461 273 3502 Bud.
324 3462 385 3500 De
418 3461 592 3501 classicis
618 3472 655 3500 v,
685 3459 733 3498 ad
765 3459 822 3500 H.
854 3458 984 3505 1,'31.

1039 2297 1149 2329 terus
1174 2293 1215 2328 in
1242 2290 1454 2340 suspicion.
1480 2289 1606 2327 libris.
1661 2290 1723 2329 Sic
1745 2294 1786 2327 et
1803 2294 1918 2329 vetus

1040 2345 1091 2383 N.
1107 2346 1155 2383 T.
1181 2346 1375 2392 interpres
1404 2345 1556 2381 dim-itte
1574 2343 1681 2380 nobis
1708 2344 1833 2381 debita
1850 2358 1917 2381 πο-

1039 2406 1137 2436 stra.
1194 2399 1248 2435 Et
1266 2398 1403 2435 Cicero
1430 2403 1584 2445 quoque
1609 2407 1709 2445 saepe
1727 2398 1917 2434 dimittere

1041 2464 1112 2499 pro
1129 2452 1320 2489 remittere
1336 2451 1450 2495 dixit,
1467 2450 1509 2486 in
1527 2449 1613 2486 aliis
1640 2450 1758 2486 etiam
1782 2450 1917 2486 formis

1042 2505 1239 2552 loquendi.
1283 2504 1378 2541 Mox
1396 2515 1468 2551 pro
1485 2516 1593 2549 cara,
1611 2503 1671 2539 ed.
1693 2514 1751 2551 pr.
1770 2516 1918 2540 curare.

1042 2557 1158 2596 male.
1204 2558 1397 2594 Lacerare
1414 2554 1618 2604 imperium
1642 2556 1842 2604 eleganter
1861 2557 1919 2591 di-

1043 2614 1204 2656 cuntur,
1233 2611 1300 2659 qui
1327 2611 1411 2657 ejus
1439 2609 1721 2656 patrimonium
1750 2613 1789 2645 et
1816 2609 1919 2646 bona

1041 2664 1256 2711 dissipant:
1297 2667 1345 2700 ut
1379 2664 1549 2699 lacerare
1585 2662 1630 2698 de
1664 2662 1918 2710 dissipatione

1041 2717 1099 2753 rei
1115 2715 1319 2754 familiaris
1337 2718 1378 2751 et
1394 2715 1582 2763 pecunioe.
1625 2715 1751 2752 Cicer.
1772 2715 1916 2755 Quint.

1045 2775 1108 2806 15.
1140 2770 1252 2806 Verr.
1279 2771 1321 2814 3,
1350 2774 1414 2807 70.
1443 2767 1513 2804 ubi
1541 2769 1712 2805 lacerata
1734 2769 1916 2817 pecunia,

1041 2823 1152 2870 cujus
1170 2833 1260 2870 pars
1276 2832 1412 2858 aversa
1429 2825 1500 2858 est.
1544 2821 1652 2857 Eam.

1101 2877 1257 2923 Vulgus
1292 2874 1346 2912 ad
1377 2874 1687 2922 magnitudinem
1722 2873 1917 2921 beneficio-

1040 2941 1127 2966 rum
1144 2926 1297 2977 aderat]
1345 2929 1390 2964 In
1409 2928 1512 2964 Flor.
1530 2929 1590 2962 est
1606 2926 1774 2963 haberat.
1802 2926 1918 2963 Vide-

1041 2986 1109 3017 tur
1131 2979 1348 3028 significare
1374 2981 1518 3017 hiabat.
1549 2991 1639 3016 nam
1663 2979 1735 3016 hoe
1754 2978 1919 3019 verbum

1042 3033 1136 3070 alibi
1150 3045 1303 3082 quoque
1323 3034 1377 3070 sic
1394 3035 1620 3080 corruptum
1637 3035 1706 3069 nos
1723 3033 1918 3070 invenisse

1041 3088 1305 3124 meminimus.
1352 3087 1490 3123 GRON.
1548 3086 1724 3122 Haberat
1762 3086 1918 3123 videtur

1043 3151 1127 3176 esse
1143 3140 1288 3183 aberat,
1307 3143 1353 3175 ut
1369 3139 1429 3176 ed.
1446 3150 1505 3187 pr.
1527 3135 1584 3188 (et
1602 3136 1720 3188 Bud.)
1741 3138 1916 3178 exhibet.

1038 3193 1079 3229 id
1107 3204 1196 3230 cum
1224 3192 1358 3229 aderat
1381 3203 1481 3240 saepe
1507 3191 1549 3228 in
1574 3191 1686 3228 libris
1712 3191 1919 3228 confundi-

1040 3250 1119 3282 tur.
1173 3245 1284 3283 Alias
1319 3246 1453 3282 hiabat
1487 3247 1626 3292 aptum
1667 3245 1706 3282 h.
1741 3244 1766 3281 1.
1801 3245 1917 3282 foret.

1039 3299 1147 3336 ERN.
1202 3299 1290 3336 Hoc
1318 3298 1359 3334 in
1386 3300 1538 3334 textum
1559 3309 1739 3345 recepere
1753 3297 1845 3344 Bip.
1875 3301 1916 3333 et

1040 3363 1087 3388 ex
1104 3351 1160 3388 H.
1184 3357 1220 3396 1,
1245 3357 1306 3388 12.
1334 3352 1487 3388 firmare
1505 3350 1703 3388 nituntur.
1759 3350 1832 3386 Sed
1850 3351 1914 3386 vix

1039 3405 1289 3451 credendum,
1317 3405 1358 3441 in
1394 3404 1497 3441 Flor.
1532 3415 1579 3440 ex
1606 3404 1740 3440 hiabat
1765 3403 1914 3439 factum

1039 3469 1122 3494 esse
1155 3457 1327 3495 haberat.
1371 3458 1468 3505 Agr.
1503 3456 1586 3493 cod.
1627 3458 1731 3495 clare
1763 3456 1914 3500 aderat,

1039 3511 1120 3549 scil.
1140 3522 1263 3559 prono
1280 3510 1412 3551 animo
1430 3509 1633 3558 avidoque.
