2190 3880
734 102 888 151 LIB.
935 102 1027 151 111.
1079 102 1242 149 cAP.
1277 108 1358 152 24.
1848 107 1940 150 183

133 225 380 298 corpora,-
403 225 535 290 ictu,
558 225 666 278 tela
688 223 929 278 hostiurn
959 225 1097 278 citra'
1117 225 1418 279 cadebant:
1446 225 1722 279 Vitelliani
1750 226 1940 280 miver—
1956 251 2003 290 A.
2021 249 2074 288 n,

134 316 195 349 so
221 296 423 350 lumine
443 297 809 362 conlucenteS,
835 297 980 348 velut
995 315 1063 348 ex
1086 296 1302 348 occulto
1321 295 1712 366 jaculantibus,
1735 298 1938 351 incauti
1970 305 2064 343 883·

133 367 516 419 offerebantur.
567 367 744 437 Igitur
770 368 1076 431 AntoniuS‚
1122 369 1215 419 ubi
1253 384 1478 418 noscere
1520 385 1643 417 suos
1682 358 2069 453 nosciquessoc·

130 449 363 507 poterat,
389 438 522 506 alios
557 440 762 508 pudore
804 450 860 490 et
901 438 1130 508 probriS,
1166 438 1368 489 multos
1410 437 1567 489 laude
1607 448 1661 487 et
1701 436 2042 516 hortatu‚24'

130 525 317 558 omnes
351 525 446 576 spe
485 510 868 578 promissisque
908 508 1226 572 accendenS,
1262 526 1353 559 cur
1395 525 1598 558 rursum
1630 508 1943 575 sumpsissent

131 576 319 629 arma(²
358 578 704 631 Pannonicas
731 580 970 648 legiones
993 579 1411 647 interrogabat:
1450 577 1566 629 illos
1601 595 1698 627 esse
1724 596 1942 646 campos,

131 646 188 698 in
213 648 397 717 quibus
421 649 622 701 abolere
646 649 811 701 labem
839 649 1038 718 prioris
1055 649 1364 718 ignominiae,
1392 649 1483 700 ubi
1519 647 1797 715 reciperare
1827 647 1943 718 glo-

131 718 262 770 riam
288 729 510 786 possent.
583 719 722 771 Tum
757 719 822 770 ad
860 719 1129 770 Moesicos
1157 737 1466 782 conversuS,
1484 717 1742 787 principes
1765 727 1944 770 aucto-

131 806 303 858 resqtae
329 788 449 840 belli
473 790 683 841 ciebat:
705 788 917 859 frustra
944 789 1094 840 minis
1118 798 1168 841 et
1193 790 1357 841 verbis
1374 797 1676 858 provocatos
1704 785 1755 837 V
1750 786 1942 841 itellz'a-

131 877 236 922 nos,
260 858 305 909 si
328 859 509 910 manus
533 878 704 911 eorum
729 859 989 929 oculosque
1015 877 1116 911 non
1138 859 1430 912 tolerarent.
1507 858 1668 922 Haeo,
1694 870 1754 910 ut
1779 878 1944 928 quos-

129 930 602 997 queaccesserat:
646 929 799 999 plura
838 931 902 982 ad
947 931 1223 992 tertianOS,
1254 942 1495 982 veterum
1535 930 1943 1000 recentiumque

129 999 426 1051 admonens
451 1021 463 1053 :
494 1012 552 1051 ut
577 1002 668 1052 sub
695 1001 781 1052 M.
804 999 1034 1052 Antonio
1059 1000 1305 1065 Parthos,
1321 1001 1411 1052 sub
1439 998 1727 1052 Corbulone
1755 1000 1944 1053 Arme-

128 1069 254 1134 nios,
279 1088 439 1139 nuper
481 1070 753 1123 Sarmatas
777 1070 1101 1140 pepulissent.
1179 1070 1318 1121 Mox
1351 1070 1612 1121 infensius
1651 1070 1943 1123 Praetoria-

127 1139 248 1192 nis:
293 1138 410 1205 Vos,
439 1141 634 1209 inquit,
666 1141 766 1192 nisi
804 1141 1034 1203 vincitiS,
1063 1141 1283 1210 pagani,
1310 1141 1424 1210 quis
1461 1139 1596 1191 alins
1633 1139 1942 1209 Imperator,

126 1222 238 1279 quae
263 1219 431 1262 castra
457 1211 566 1263 alia
592 1208 884 1280 excipient?
923 1210 1046 1262 Illic
1082 1211 1229 1280 signa
1265 1228 1509 1279 armaque
1541 1219 1706 1261 vestra
1731 1220 1865 1275 sunt,
1895 1222 1942 1264 et

127 1298 260 1332 mors
284 1281 447 1334 victis.
477 1300 597 1338 nam
621 1281 955 1351 ignominiam
977 1280 1360 1350 consumpsistis.
1426 1280 1675 1348 Undique
1702 1281 1939 1335 clamor:

127 1362 182 1418 et
209 1353 471 1404 orientem
500 1352 665 1404 solem
696 1352 798 1419 (ita
820 1351 879 1416 in
910 1350 1067 1422 Syria
1094 1370 1210 1402 mos
1239 1354 1343 1415 est)
1376 1351 1593 1402 tertiani
1623 1351 1941 1405 salutavere.

126 1486 247 1523 seam,
265 1481 312 1514 ut
328 1478 401 1515 hoc
418 1489 498 1516 non
515 1479 678 1527 ceperit.
711 1479 823 1515 Lxrs.
851 1479 1005 1526 Nempe

123 1533 218 1567 ante
246 1535 333 1568 erat
360 1533 403 1568 in
432 1545 599 1582 corpore,
627 1535 675 1569 ut
709 1531 829 1568 habet
866 1529 1002 1580 (Bud.)

123 1583 256 1622 Guelf.
311 1585 512 1623 Acidalius
535 1587 654 1622 etiam
681 1585 855 1622 malebat
871 1585 1003 1633 jactu.

74 1651 77 1653 ·
122 1638 255 1677 Etiam
285 1638 332 1675 de
359 1639 449 1676 telis
473 1639 688 1676 missilibus
716 1640 817 1676 ictus
844 1639 1004 1683 dicitur,

124 1691 192 1728 sed
210 1694 313 1737 tum,
330 1703 418 1728 cum
443 1693 556 1740 jactu
582 1693 654 1730 teli
682 1693 895 1740 attingitur
921 1703 1006 1728 cor—

123 1755 223 1796 pus:
260 1746 387 1794 quoad
419 1748 652 1791 mittuntur,
671 1746 811 1794 jactus
844 1745 1003 1794 dicitur.

124 1798 242 1837 Clare
266 1799 321 1835 sic
337 1799 547 1848 distinguit
573 1800 707 1837 Livius
723 1804 791 1845 30,
814 1803 875 1835 10.
930 1799 1004 1836 Ex·

122 1853 303 1889 rostratis
322 1853 436 1892 Poma·
453 1865 555 1890 vana
571 1855 770 1902 pleraque,
790 1859 922 1900 utpote
938 1865 1003 1888 su-

118 1906 215 1954 pino
228 1906 356 1952 jactu,
373 1908 451 1944 tela
463 1907 505 1943 in
521 1908 756 1955 superiorem
772 1907 898 1942 locum
914 1907 1003 1942 mit-

122 1959 253 1996 tebant
264 1975 276 1995 .-
300 1961 465 2008 gravior
481 1972 528 1996 ac
541 1960 708 2008 pondere
724 1961 807 2007 ipso
826 1959 1005 1995 libratior

120 2024 282 2062 superne
306 2024 358 2049 ex
387 2015 571 2050 onerariis
596 2013 703 2049 ictus
733 2018 830 2049 erat.
864 2013 1003 2060 ltaque

111 2065 232 2115 jactu
258 2066 301 2102 h.
331 2066 361 2103 l.
389 2066 529 2114 placet.
565 2066 762 2103 Confundi
793 2066 868 2102 ista
885 2065 1005 2102 verba

122 2122 260 2156 notum
279 2123 350 2157 est.
386 2120 435 2156 V.
451 2119 654 2158 Drakenb.
673 2120 722 2155 ad
741 2119 826 2156 Liv.
849 2122 916 2164 26,
937 2124 1003 2156 40.

122 2171 194 2210 ubi
230 2173 380 2221 pariter
412 2185 484 2221 pro
522 2175 623 2211 ictus
665 2173 817 2210 mavult
851 2172 1002 2220 jactus.

122 2227 234 2264 Eun.

176 2279 251 2316 Ex
267 2281 416 2317 occulto
433 2280 709 2329 jaculantibus
735 2279 887 2316 incauti
913 2279 1004 2326 offe-

121 2332 320 2384 rebantur]
358 2334 433 2371 Ed.
467 2345 527 2382 pr.
556 2345 636 2370 non
665 2333 841 2381 agnoscit
870 2344 1001 2368 vocem

122 2387 288 2431 irwauti,
315 2390 370 2432 et,
389 2398 478 2424 cum
506 2387 748 2435 praecesserit
772 2400 822 2424 ex
839 2387 1002 2432 occ-utto,

123 2440 219 2476 satis
238 2440 407 2488 intelligi
425 2443 543 2489 putat
559 2440 768 2477 Gruterus.
822 2439 930 2476 ERN.

184 2494 262 2530 Cur
295 2495 380 2530 rari
406 2493 644 2542 mmsis-rent]
678 2494 738 2530 Ex
767 2493 932 2528 historia
962 2495 1003 2528 et

123 2546 335 2590 sententia,
366 2559 436 2583 cur
463 2548 739 2584 resumi-issent.
775 2546 876 2582 Nam
902 2547 1002 2582 Pan-

123 2599 255 2635 nonici
280 2600 399 2635 semel
425 2601 533 2646 victi,
561 2611 671 2636 arma
692 2604 828 2635 tamen
857 2599 1000 2635 iterum

125 2657 361 2689 sumserunt.
406 2654 516 2689 Ln’s.
558 2654 760 2690 Ferrettus
784 2652 902 2688 alias:
934 2663 1003 2688 cur

124 2715 388 2742 rursus-sums.
441 2706 530 2742 Hoc
546 2707 670 2753 magis
689 2705 830 2752 placet.
886 2706 1002 2741 Certe

122 2760 210 2796 rari
226 2758 411 2795 vitiosum
428 2763 502 2804 est,
519 2759 703 2806 quicquid
717 2762 890 2806 nugetur
906 2757 1004 2794 Sali-

125 2811 272 2849 nerins.
309 2812 394 2848 MS.
413 2811 509 2860 Agr.
531 2825 600 2848 cur
620 2825 725 2848 nam.
764 2813 873 2849 ERN.
917 2811 1004 2847 Hoc

123 2866 272 2913 Ryckio
296 2865 437 2913 placet.
491 2866 580 2913 Bip.
609 2866 788 2902 Ferretto
815 2864 1006 2900 accedunt

122 2919 298 2967 legentes
329 2930 496 2955 rursum.
523 2919 681 2955 finalem
722 2917 909 2965 syllabam
938 2917 1006 2953 ab·

125 2972 294 3019 sumpsit
311 2971 476 3009 initialis
495 2983 675 3019 sequenS.
730 2972 879 3007 Verum
897 2975 1005 3018 puto.

179 3027 270 3062 Non
301 3025 475 3074 tolerent]
528 3026 609 3062 Ser.
640 3025 849 3061 tolerarent
865 3038 877 3060 .·
916 3035 1007 3059 nam

123 3079 308 3127 praecedit
336 3084 564 3126 provocatos
601 3082 641 3113 et
674 3083 842 3126 possent.
899 3078 1006 3114 ERN.

123 3133 227 3170 Bud.
246 3133 418 3170 tolerent.

180 3185 366 3223 Parthos.
381 3210 390 3221 .
408 3186 612 3222 Armenios
629 3211 638 3221 .
654 3211 662 3220 .
680 3182 900 3233 Sarmatas]
956 3183 1005 3219 V.

125 3239 204 3276 Dio
221 3244 287 3277 49.
343 3238 471 3286 Supra
488 3241 536 3274 A.
558 3244 620 3282 15,
639 3242 703 3274 26.
739 3236 795 3274 H.
814 3242 849 3282 1,
870 3242 933 3277 79.

178 3294 280 3330 Moa-
308 3291 482 3339 infensus
509 3290 784 3338 Proetorianis]
820 3292 920 3326 Puto
947 3291 1007 3326 in-

116 3346 285 3394 fimius.
300 3345 373 3380 hoc
391 3351 452 3381 cst
467 3344 596 3380 verbis
610 3343 886 3392 asperioribus.
916 3344 1007 3380 Non

127 3399 232 3436 enim
251 3398 314 3435 his
332 3399 455 3445 magis
475 3409 591 3445 quam
611 3397 699 3433 aliis
717 3397 883 3433 infestus
901 3402 1003 3433 erat:

128 3453 193 3488 sed
205 3452 274 3487 hos
288 3451 546 3498 compellabat
558 3449 845 3486 inclementius.
870 3451 1009 3486 Gnou.

127 3505 349 3543 verissime.
374 3504 576 3541 'l'ertianis
603 3503 731 3552 plura,
750 3503 810 3545 his
834 3504 1006 3552 asperio-

1058 1487 1104 1512 ra
1137 1477 1250 1514 dixit.
1305 1478 1413 1514 ERN.
1468 1477 1649 1514 Laudant
1683 1477 1804 1525 Ryck.
1843 1479 1942 1516 Lali.

1058 1531 1222 1578 Recipio
1239 1543 1327 1567 cum
1346 1531 1436 1577 Bip.

1115 1584 1224 1620 Nam
1241 1585 1500 1632 ignominiam
1514 1584 1791 1634 con-sumsistis]
1808 1590 1810 1592 '
1832 1585 1943 1622 Assi-

1059 1636 1125 1673 det
1144 1641 1260 1673 acuto
1277 1639 1370 1674 huic
1388 1638 1492 1673 dicto
1517 1637 1615 1673 illud
1643 1638 1881 1675 Curtianum
1900 1643 1941 1685 6,

1062 1695 1098 1727 8.
1144 1691 1245 1736 Scit,
1265 1703 1328 1728 eos
1344 1692 1412 1740 qui
1437 1691 1743 1727 misericordiam
1769 1700 1942 1729 consum-

1058 1750 1203 1789 serunt,
1217 1746 1388 1792 amplius·
1401 1755 1555 1792 sperare
1573 1756 1648 1780 non
1659 1757 1782 1792 posse.
1830 1746 1942 1783 L1Ps.

1059 1797 1226 1833 Sensus:
1256 1809 1348 1833 nam
1384 1797 1637 1845 ignominiam
1669 1798 1753 1843 jam
1787 1803 1942 1836 tantam

1058 1851 1323 1896 contraxistis,
1345 1854 1388 1886 ut
1413 1861 1459 1885 ea
1485 1861 1564 1886 non
1581 1851 1749 1898 amplius
1767 1853 1944 1888 timenda

1058 1905 1124 1948 sit,
1145 1915 1259 1940 nemo
1277 1906 1318 1940 in
1338 1915 1404 1940 vos
1431 1903 1490 1940 uti
1523 1905 1660 1950 possit,
1679 1905 1745 1952 qui
1770 1906 1944 1952 affligere

1057 1957 1168 2002 velit,
1199 1958 1265 1994 sed
1293 1957 1391 1993 nihil
1426 1957 1533 1992 aliud
1564 1958 1640 1993 nisi
1671 1969 1775 1994 mors
1804 1962 1942 1995 restet.

1056 2011 1164 2047 ERN.
1234 2012 1322 2047 Lux
1355 2011 1447 2046 huic
1475 2010 1560 2045 loco
1590 2021 1636 2047 ex
1666 2011 1720 2047 H.
1752 2017 1792 2057 2,
1822 2016 1871 2049 44
1901 2015 1943 2050 et

1113 2118 1242 2167 Solem
1277 2116 1351 2167 (ita
1382 2118 1424 2154 in
1454 2118 1574 2167 Syria
1599 2130 1681 2155 mos
1707 2117 1799 2167 est)]
1839 2120 1943 2157 Nam

1059 2171 1139 2207 haec
1166 2171 1268 2218 legio
1297 2183 1318 2206 e
1350 2170 1461 2218 Syria.
1488 2171 1669 2216 deducta,
1689 2172 1729 2207 in
1759 2184 1836 2219 qua
1868 2173 1942 2210 sub

1059 2224 1282 2260 Corbulone
1327 2224 1580 2261 militaverat.
1645 2225 1703 2260 At
1747 2226 1793 2260 de
1835 2237 1943 2263 more

1061 2277 1147 2324 ipso
1175 2278 1427 2315 Herodianus
1453 2283 1494 2323 4,
1515 2282 1580 2314 30.
1608 2277 1655 2313 de
1683 2279 1855 2325 Parthis,
1873 2282 1941 2328 qui

1058 2342 1231 2379 pugnam
1263 2331 1403 2367 inituri
1434 2334 1521 2367 orto
1548 2331 1631 2378 jam
1662 2332 1766 2367 sole:
1794 2331 1942 2370 Ἀστα-

1058 2383 1200 2432 σιέμεναι
1219 2382 1254 2420 δὲ
1273 2383 1331 2421 τὸν
1348 2382 1464 2430 ἥλιον,
1479 2385 1626 2432 inquit,
1643 2382 1687 2424 ὦς
1700 2384 1786 2426 ’ίθαζ
1801 2385 1942 2433 αὐτοῖς,

1057 2435 1090 2472 ot‘
1122 2437 1311 2490 βάρβαροι,
1337 2435 1502 2488 μεγίστῃ
1536 2439 1702 2488 κλαγγῇ
1727 2438 1943 2484 βοήσαντες,

1057 2487 1253 2542 ἒπέδξαμον
1286 2492 1359 2532 τοῖς
1398 2490 1598 2538 Ῥωμαίοις.
1659 2491 1733 2527 Sed
1776 2491 1941 2529 observo

1055 2545 1248 2592 amplius:
1280 2555 1360 2580 non
1379 2544 1504 2580 solum
1523 2544 1636 2591 Syros
1661 2548 1732 2580 aut
1757 2546 1942 2581 Orienta-

1055 2599 1111 2635 les
1130 2598 1211 2635 Soli
1229 2597 1379 2633 cultum
1406 2598 1511 2633 hunc
1533 2596 1735 2641 detulisse,
1753 2599 1820 2634 sed
1847 2609 1942 2646 gen·

1055 2652 1157 2687 tium
1178 2651 1396 2698 plerasque.
1447 2650 1559 2686 Plato
1586 2650 1647 2685 De
1675 2650 1794 2697 legib.
1822 2656 1883 2689 10.
1901 2663 1941 2700 p.

1061 2709 1152 2742 887.
1205 2702 1491 2743 Ἀναιτέλλοντὸς
1511 2716 1551 2739 «τε
1570 2701 1675 2742 ἡλίου
1691 2703 1757 2740 καὶ
1774 2703 1940 2749 σελήνης,

1058 2756 1123 2795 καὶ
1141 2755 1226 2807 argis
1254 2753 1393 2803 δυσ-μὰς
1422 2755 1557 2800 itm-m,
1574 2755 1827 2807 προσκνλῖσεις
1855 2755 1941 2805 ἅμα

1059 2809 1126 2846 καὶ
1144 2808 1391 2860 προσκυνήσεις
1405 2807 1592 2847 Ἐλλήνων
1611 2822 1651 2846 τε
1669 2809 1735 2845 καὶ
1751 2809 1941 2862 βαρςσίςων

1060 2862 1221 2900 πάντων.
1278 2863 1379 2910 Ipsis
1416 2862 1602 2898 Romanis
1642 2866 1862 2917 receptum,
1898 2864 1940 2899 in

1060 2914 1254 2963 precando
1278 2916 1377 2952 verti
1404 2915 1454 2950 ad
1481 2915 1699 2951 Orientem.
1753 2916 1941 2964 Hyginus

1060 2970 1107 3005 de
1125 2968 1358 3005 Limitibus:
1388 2969 1558 3017 Antiqui
1575 2968 1778 3006 architecti
1801 2972 1844 3006 in
1868 2970 1941 3006 Oc-

1063 3024 1250 3059 eicientem
1278 3022 1422 3070 templa
1452 3027 1551 3059 recte
1577 3027 1750 3070 spectare
1779 3024 1942 3071 scripse-

1061 3081 1168 3112 runt.
1222 3075 1364 3112 Postea
1376 3076 1530 3123 placuit
1547 3086 1695 3111 omnem
1712 3077 1943 3123 religionem

1061 3141 1102 3165 eo
1121 3134 1348 3174 convertere,
1366 3141 1416 3165 es:
1434 3141 1510 3178 qua
1523 3134 1638 3176 parte
1662 3129 1750 3165 caeli
1769 3135 1873 3165 terra
1892 3130 1941 3165 il-

1060 3182 1338 3218 luminabatur.
1397 3182 1569 3218 Isidorus
1607 3185 1669 3224 15,
1707 3187 1746 3218 4.
1792 3182 1943 3228 templa

1061 3236 1118 3272 ita
1135 3238 1287 3271 structa
1305 3235 1377 3280 ait,
1390 3241 1435 3271 ut
1454 3236 1522 3289 qui
1535 3235 1742 3271 consuleret
1757 3237 1941 3285 acdaprc-

1061 3294 1228 3333 caretur,
1243 3295 1391 3326 rectum
1411 3289 1596 3336 aspiceret
1618 3287 1826 3325 Orientem.
1868 3289 1941 3323 La-

1059 3342 1169 3378 tinus
1187 3343 1353 3378 Pacatus
1376 3342 1416 3378 in
1443 3343 1585 3388 Paneg.
1610 3341 1659 3376 ad
1678 3341 1940 3376 Theodosium

1059 3407 1093 3432 α
1112 3401 1151 3432 8.
1178 3395 1287 3431 Nam
1303 3402 1362 3440 ut,
1382 3395 1526 3431 divinis
1541 3393 1652 3430 rebus
1670 3399 1879 3441 operantes,
1899 3393 1940 3428 in

1061 3460 1146 3486 eam
1162 3449 1248 3484 coeli
1260 3450 1429 3497 plagam
1448 3460 1516 3484 ora
1534 3448 1800 3488 convertimus,
1819 3457 1843 3480 a
1862 3456 1941 3493 qua

1061 3503 1158 3539 lucis
1178 3501 1382 3540 exordium
1405 3506 1477 3538 est.
1526 3500 1610 3537 Nec
1635 3498 1849 3536 Christiani
1872 3496 1940 3533 ab·

1138 3560 1239 3609 1³14
