2190 3880
628 119 896 176 VL1B.11.
955 119 1122 167 CAP.
1161 125 1268 167 101.

58 262 179 297 nem
211 261 426 308 εαιιεεαε,
454 242 738 295 tradidere.

1765 125 1858 170 159

814 242 1011 308 Nobis,
1035 260 1194 313 super
1223 242 1439 294 insitam
1466 245 1767 310 levitatem,
1790 256 1846 297 et
1857 248 2011 338 ,Awg-

63 315 277 384 prodito
304 314 501 378 Galba,
524 313 681 366 vilem
711 331 841 366 mox
866 313 1046 378 fidem,
1071 312 1417 365 aemulatione
1443 316 1607 366 etiam
1637 316 1874 368 invidia-

61 469 179 506 sum
228 455 458 507 videtur.

1467 455 1872 509 Centurionum

67 524 410 595 militumque
450 526 678 590 animOS,
716 527 1021 578 obstinatos
1065 545 1161 596 pro
1204 525 1447 588 Vitellio,
1478 526 1639 578 variis
1667 527 1875 579 antibus

63 597 389 650 subruebat·

457 598 629 648 Basso
670 597 859 649 eadem
907 597 1151 648 molienti
1192 598 1370 648 minor
1410 597 1703 649 difficultas
1741 609 1876 662 er,at

63 665 272 718 lubrica
297 667 364 719 ad
409 667 725 719 mutandam
754 666 917 720 fidem
967 667 1152 732 classe,
1182 668 1254 729 ob
1284 669 1603 720 memoriam
1645 669 1876 720 recentis

36 795 41 798 ,
65 754 165 808 pro
191 737 414 790 Othone
442 738 672 791 militiae.

58 887 207 938 didere]
264 887 471 937 Corruptus
500 887 607 927 Flor.
641 889 702 926 ed.
740 902 801 938 pr.
841 890 944 938 quod

62 942 182 978 etiam
217 943 344 980 Rhen.
373 943 497 980 edidit
524 954 544 979 e
572 944 746 980 Budensi
776 944 945 980 lectione

63 1002 275 1044 corruptos.
330 997 461 1033 Ceteri
479 999 663 1045 corrupti.
718 997 823 1035 Illud
840 998 946 1034 haud

62 1047 182 1085 dubie
207 1049 442 1097 exquisitius
461 1054 532 1087 est.
589 1051 685 1087 Mox
703 1053 946 1088 aemulatione

60 1103 182 1140 etiam
198 1103 302 1140 Flor.
313 1103 445 1140 Guelf.
460 1104 545 1140 edd.
559 1115 692 1140 omnes
707 1108 800 1141 ante
815 1105 944 1141 Rhen.

62 1155 145 1203 qni>
166 1157 298 1193 nescio
325 1167 377 1192 an
405 1158 584 1195 consulto
611 1158 787 1194 omiserit
815 1159 946 1194 etiam.

65 1209 237 1247 Pichena
265 1210 454 1248 restituit.
491 1212 630 1249 ERN?
643 1212 727 1249 Imo
761 1212 870 1248 deest
904 1210 946 1248 in

69 1262 174 1299 Bud.

130 1317 261 1354 Vilem
292 1329 385 1354 mox
403 1316 547 1367 fldem]
605 1318 820 1366 Reponunt
853 1317 947 1366 Rip.

67 1381 160 1406 mos·
178 1383 212 1406 v.
222 1369 271 1418 fl·
281 1373 323 1406 et
341 1374 553 1418 provocant
564 1371 614 1407 ad
627 1372 730 1408 Flor.
746 1374 849 1408 teste
867 1370 950 1407 scil.

70 1422 247 1470 Rycki03
275 1425 338 1460 ast
367 1425 608 1462 eontrarium
627 1425 740 1462 docet
770 1426 810 1462 J.
829 1426 950 1462 Gron.

69 1477 214 1514 Parum
233 1476 410 1514 interest.

997 891 1135 926 dedere
1162 891 1370 937 videretur,
1388 892 1688 928 conformatum
1715 890 1880 930 verbum

997 945 1068 981 hoc
1086 945 1224 992 priori.
1278 945 1430 992 Nempe
1448 946 1495 981 de
1524 945 1605 981 solo
1624 945 1780 982 Caecina
1797 957 1881 983 esse

998 1009 1230 1043 sermonem,
1249 1003 1360 1046 patet
1391 1000 1494 1035 clare
1525 1010 1546 1034 e
1565 998 1696 1035 verbis
1723 1000 1882 1048 prodito

1002 1052 1142 1098 Galba,
1189 1064 1274 1099 quae
1308 1052 1380 1089 soli
1427 1053 1590 1089 Caeeinae
1626 1053 1882 1091 conveniunt.

997 1104 1085 1141 Vid.
1127 1104 1232 1141 Hist.
1272 1110 1308 1149 1,
1344 1111 1409 1142 53.
1443 1108 1531 1141 tum
1559 1117 1580 1140 e
1610 1106 1883 1153 sequentibus,

998 1158 1245 1194 «emulatione
1261 1164 1300 1194 et
1330 1159 1482 1195 invidia
1507 1170 1555 1194 ne
1584 1162 1658 1195 etc.
1687 1160 1788 1206 quod
1821 1172 1885 1196 re-

1000 1210 1116 1266 spicit
1148 1211 1254 1248 dicta
1282 1222 1314 1248 c.
1341 1211 1533 1260 superiori
1551 1212 1591 1247 iu
1618 1213 1686 1248 fin.
1716 1216 1756 1248 et
1775 1212 1884 1250 alibi.

1000 1259 1110 1303 ERN.
1148 1265 1255 1302 Bud.
1275 1265 1711 1302 anteirent—videntur.

1055 1318 1324 1356 Fervet-tim·
1307 1331 1437 1367 zpsum
1459 1319 1501 1355 V
1498 1317 1678 1367 ztellmm]
1712 1319 1799 1355 Vox
1816 1319 1886 1355 Vi-

1001 1371 1102 1408 tellii
1122 1372 1254 1420 inepte
1274 1372 1445 1420 repetita
1461 1374 1502 1407 et
1519 1371 1731 1417 inculcata,
1750 1376 1796 1408 ut
1826 1384 1886 1408 so-

1000 1425 1070 1470 let,
1106 1425 1157 1462 ab
1192 1426 1422 1475 interprete.
1474 1425 1624 1471 Scribo,
1664 1435 1711 1462 ea
1745 1425 1886 1472 ejecta,

996 1480 1228 1528 pervertisse
1261 1481 1390 1528 ipsum
1425 1480 1616 1516 videntur.
1660 1479 1774 1516 Lim.
1813 1481 1885 1517 Ed.

126 1529 190 1567 Ne
208 1542 246 1567 a.
262 1542 302 1567 a.
323 1543 360 1566 α.
384 1530 434 1567 V.
462 1529 688 1581 anteiretur]
731 1529 794 1567 Sic
811 1530 949 1567 rescri-
1003 1544 1063 1581 pr.
1084 1533 1330 1581 proevenisse,
1347 1532 1499 1570 solenni
1525 1531 1765 1569 confusione.
1795 1534 1886 1572 Vid.

68 1583 220 1633 psimus
236 1584 363 1639 exeri.
389 1595 449 1632 pr.
477 1596 549 1632 pro
571 1584 732 1634 vulgato
762 1586 951 1622 anteiren-

1003 1586 1205 1624 Drakenb.
1222 1587 1271 1622 ad
1286 1586 1370 1624 Liv.
1390 1592 1457 1632 24,
1478 1591 1516 1622 5.
1545 1587 1653 1623 ERN.
1691 1587 1800 1623 Bene
1820 1587 1885 1623 Li-

68 1643 164 1675 tur.-
191 1637 390 1674 consentit
418 1649 559 1674 manus
588 1649 665 1675 sec.
689 1638 732 1675 in
759 1638 893 1675 Guelf.
911 1642 953 1677 et
1006 1641 1116 1689 psius
1132 1641 1324 1688 glossema
1341 1640 1516 1677 sustulit.
1555 1641 1602 1676 ln
1619 1639 1704 1677 cod.
1728 1641 1827 1689 Agr.
1847 1640 1886 1679 ei

70 1690 213 1729 deinde
240 1692 390 1730 videtur
413 1703 486 1743 pro
515 1692 707 1740 videntur,
725 1691 796 1730 ubi
824 1704 954 1742 operae
1007 1693 1094 1732 voci
1112 1698 1260 1745 puncta
1278 1694 1457 1742 subjecta
1473 1694 1669 1732 visuntur.

60 402 275 455 que,ne
313 385 383 437 ab
425 385 542 436 aliis
584 385 728 456 apud
756 384 1037 437 Vitellium
1079 385 1394 449 anteiretur,
1422 386 1743 455 pervertisse
1786 357 2010 457 ip-A70(,¹'

535 455 779 520 Caecina,
805 455 1047 526 legiones
1082 455 1387 508 adsecutus
