2190 3880
746 152 904 208 ΜΒ.
938 151 1023 207 IV.
1075 150 1242 206 CAP.
1274 156 1356 200 26.
1841 150 1955 196 aas

136 280 626 353 Agrippinensemg
654 280 1034 339 'adfluentibus
1069 276 1288 350 auxiliis
1318 274 1620 339 Gallorum,
1639 273 1734 345 qui
1773 274 1950 346 primo
1965 289 2017 327 A.
2035 288 2087 343 U.

135 371 250 406 rem
290 352 598 410 Romanam
649 353 811 416 enixe
840 353 1141 423 juvabant:
1180 367 1333 414 mort,
1371 347 1766 400 valescentibus
1812 346 1950 399 Ger·
1965 343 2073 437 1ξῖἳὸ

135 423 330 489 maniS,
348 425 622 495 pleraeque
647 424 896 481 civitates
925 425 1207 480 adversum
1238 439 1336 473 nos
1365 430 1586 479 armatae
1614 438 1708 489 spe
1734 419 1953 471 liberta·
1992 422 2085 495 7'02’

123 496 235 561 ‘tis3
274 508 347 562 et,
374 497 418 551 si
448 498 728 550 exuissent
754 498 1053 560 servitium,
1079 494 1336 565 cupidine
1363 491 1729 570 imperitandi.
1806 491 1957 542 Glis-

135 569 296 620 cebat
334 568 614 621 iracundia
650 569 946 640 legionum,
974 587 1075 620 nec
1115 580 1370 619 terrorem
1412 563 1571 616 unius
1611 562 1798 614 militis
1839 562 1957 614 vin-

137 639 259 697 cula
283 641 608 694 indiderant.
660 642 791 712 quin
816 642 958 694 idem
1000 640 1088 693 ille
1125 639 1392 708 arguebat
1429 636 1570 688 ultro
1607 634 1958 686 conscientiam

139 709 336 764 Ducis:
373 722 633 783 tamquam
657 713 863 766 nuntius
887 712 1020 765 iuter
1061 711 1274 763 Civilem.
1313 708 1652 778 Flaccumque
1667 704 1817 778 falso
1855 706 1958 757 cri-

136 783 270 836 mine
304 784 440 837 testis
474 785 583 836 veri
617 785 999 855 opprimeretur.
1079 782 1416 841 Conscendit
1472 778 1710 832 tribunal
1747 777 1960 830 Vocula

139 855 277 908 mira
298 857 623 920 constantia,
649 856 1080 926 prehensumque
1104 855 1329 908 militem
1351 872 1414 906 ac
1434 851 1822 905 vociferantem
1840 849 1961 902 duci

139 926 210 980 ad
236 926 540 997 supplicium
568 928 754 997 jussit.
833 927 922 993 Et,
948 929 1079 980 dum
1119 928 1245 980 mali
1285 938 1504 997 pavent,
1532 925 1772 995 optimus
1811 922 1959 992 quis-

139 1012 244 1068 que
260 999 428 1069 jussis
459 1018 700 1070 paruere.
766 999 909 1052 Exin
934 1018 1200 1054 consensu
1228 998 1426 1053 Ducem
1458 996 1702 1049 Voculam
1729 1013 1959 1067 poscen-

117 1071 304 1135 tibus,
329 1071 556 1126 Flaccus
595 1091 861 1125 summam
901 1091 1077 1124 rerum
1117 1072 1165 1124 ei
1195 1071 1459 1142 permisit.
1535 1069 1641 1121 Sed
1681 1063 2042 1120 discoi·des⁶.2.6

120 1142 351 1197 ¹animos
379 1144 912 1198 multaefferabaut:
953 1144 1141 1213 inopia
1166 1142 1425 1214 stipendii
1464 1141 1864 1208 frumentique3
1902 1151 1960 1192 et

138 1215 299 1272 simul
336 1215 603 1273 delectum
650 1218 970 1287 „tributaque
1023 1215 1219 1274 Galliac
1273 1215 1690 1284 adspernantes3
1731 1211 1960 1265 Rhenus

139 1287 424 1358 incognita
448 1287 521 1343 illi
548 1287 685 1341 caelo
714 1290 960 1344 siccitate
988 1289 1081 1341 vix
1121 1287 1342 1339 navium
1383 1286 1627 1356 patiens3
1667 1284 1767 1336 arti
1807 1301 1962 1335 com-

136 1369 378 1414 meatus:
419 1360 698 1431 dispositae
740 1379 836 1431 per
874 1379 1090 1412 omnem
1132 1361 1305 1430 ripam
1347 1358 1625 1422 stationes,
1655 1374 1779 1427 quae
1821 1355 1962 1408 Ger-

120 1448 328 1487 ›manos
367 1432 505 1485 vado
543 1445 819 1485 arcerent:
860 1433 1157 1503 eademque
1184 1433 1250 1483 tie
1286 1450 1476 1483 caussa
1513 1431 1692 1485 minus
1718 1429 1961 1500 frugum,

139 1513 196 1555 et
224 1502 430 1574 plureS,
461 1506 553 1574 qui
593 1517 996 1558 consumerent.
1067 1504 1229 1575 Apud
1272 1503 1533 1574 inperitos
1562 1501 1797 1573 prodigii
1836 1501 1960 1554 loco
2036 1511 2038 1513 ’

140 1575 516 1646 accipiebatur
561 1578 678 1647 ipsa
724 1596 986 1647 aquarum
1034 1577 1279 1647 penuria,
1319 1588 1596 1646 tamquam
1637 1593 1735 1626 nos
1774 1591 1961 1625 amnes

138 1665 357 1717 quoque
384 1658 440 1699 et
479 1661 661 1701 vetera
702 1647 931 1720 Imperii
971 1649 1311 1703 munimenta
1348 1648 1679 1699 desererent.
1716 1646 1864 1716 quod
1903 1645 1963 1700 in
2007 1671 2011 1675 ·

139 1717 424 1791 pacef07·3,
452 1738 543 1772 seu
571 1729 779 1786 natura,
809 1720 1135 1793 tuucfatum
1162 1729 1206 1773 et
1235 1721 1317 1772 ira
1345 1718 1471 1784 Dei,
1497 1720 1811 1772 vocabatur.
1868 1715 1961 1770 In-

140 1793 337 1860 gressis
362 1791 662 1845 Novesium
691 1794 1065 1846 tertiadecima
1092 1793 1236 1864 legio
1272 1792 1647 1863 conjungitur.
1722 1789 1962 1843 Additus

139 1863 364 1916 Voculae
393 1864 446 1915 in
470 1875 675 1936 partem
700 1884 950 1918 curarum
979 1865 1288 1918 Herennius
1315 1863 1522 1928 Galim,
1550 1864 1819 1934 Legatus:
1859 1880 1963 1914 nec

139 1935 256 1990 ausi
283 1935 351 1988 ad
379 1935 588 1988 hostem
620 1955 860 2007 pergere,
887 1938 1028 2002 Ιουο,
1067 1938 1156 1991 cui
1186 1937 1440 1990 Gelduba
1478 1954 1696 2003 nomen
1727 1945 1827 1999 est,
1859 1953 1952 1987 ca-

141 2019 249 2059 stra
266 2006 458 2060 fecere.
507 2008 590 2060 Ibi
616 2011 872 2062 struenda
890 2010 1024 2073 acie,
1046 2009 1343 2061 muniendo
1364 2008 1722 2078 vallandoque
1746 2018 1800 2059 et
1819 2017 1966 2058 cete-

137 2079 209 2131 ris
239 2079 363 2132 belli
394 2080 796 2134 meditamentis
826 2082 1056 2134 militem
1086 2081 1396 2133 firmabant.
1472 2079 1658 2149 thue
1689 2079 1875 2150 praeda
1895 2078 1967 2131 ad

140 2152 398 2204 virtutem
425 2153 830 2219 accenderetur,
849 2154 902 2205 in
935 2154 1218 2227 proximos
1247 2153 1634 2223 Gugernorum
1659 2169 1849 2222 pagOS‚
1869 2151 1967 2221 qui

189 2285 408 2341 Adversum
424 2299 494 2324 nos
510 2287 690 2339 armatoe]
712 2289 823 2326 MSS.
842 2288 903 2326 Fl.
919 2288 1022 2325 Bud.

139 2339 200 2378 ed.
218 2351 276 2388 pr.
296 2353 423 2386 arma,
442 2342 546 2390 quod
573 2343 722 2391 recepit
747 2344 788 2380 J.
819 2344 941 2380 Gron.
962 2342 1023 2379 in-

135 2394 339 2444 telligique
356 2395 443 2433 vult
466 2409 648 2443 sumere,
666 2397 769 2446 quod
797 2398 956 2434 additur
981 2397 1023 2434 in

138 2448 224 2487 MS.
237 2449 332 2498 Agr.
387 2450 488 2488 Sane
507 2453 626 2488 armis
644 2463 747 2500 saepe
763 2453 911 2491 armati
930 2451 1023 2488 sub-

138 2503 270 2541 stituti
287 2504 327 2542 in
351 2503 464 2542 libris
483 2517 557 2543 scr.
574 2510 620 2543 ut
645 2505 826 2555 pluribus
854 2505 947 2543 locis
971 2507 1023 2543 ad

140 2558 295 2595 Livium
311 2559 446 2597 docuit
461 2559 664 2597 Drakenb.
687 2559 750 2610 (ut
768 2561 818 2597 ad
834 2566 901 2607 22,
919 2559 1022 2611 37.).

139 2610 214 2649 Sed
255 2611 353 2649 mihi
396 2614 530 2650 durior
567 2614 635 2651 illa
669 2614 815 2664 ellipsis
851 2615 1021 2653 videtur.

140 2665 271 2704 Haesit
297 2667 461 2705 fortasse
488 2668 673 2706 librarius
702 2669 744 2706 in
770 2668 903 2714 verbu,
921 2671 1023 2718 quod

139 2720 202 2757 hic
219 2721 429 2770 significat,
448 2734 555 2759 arma
575 2735 725 2772 cepere.
780 2725 920 2772 Itaque
944 2735 1023 2762 non

141 2787 261 2812 ausus
289 2787 377 2812 sum
405 2777 550 2814 imitari
577 2778 836 2815 Gronovium.
893 2779 938 2815 In
965 2780 1023 2816 ed.

140 2841 201 2878 pr.
236 2830 379 2868 excidit
405 2844 487 2877 nos,
508 2837 556 2868 ut
584 2832 626 2869 in
657 2832 745 2870 MS.
775 2831 870 2882 Agr.
915 2834 1024 2871 ERN.

141 2884 232 2933 Bip.
249 2884 388 2933 legunt
406 2888 566 2924 armari.
649 2891 652 2894 ’

196 2940 407 2988 Incognita
425 2941 490 2978 illi
507 2940 616 2991 coelo]
651 2941 723 2978 Illi
740 2939 853 2978 abest
872 2953 896 2979 a
913 2941 1024 2979 MSS.

141 2993 391 3038 Rumonem
434 2995 546 3032 ERN.

200 3048 472 3098 Tunesatum]
491 3048 624 3086 Simile
642 3049 733 3086 huic
756 3055 793 3095 l,
814 3052 878 3087 86.

200 3103 483 3151 Tertiadecima
499 3103 619 3155 legio]
654 3103 737 3141 MS.
755 3105 852 3154 Agr.
877 3104 938 3142 ed.
966 3116 1027 3153 pr.

142 3156 252 3194 XVI.
308 3158 458 3194 Ceterae
502 3158 590 3196 edd.
626 3159 830 3207 vulgatum
870 3158 1029 3196 habent.

143 3211 332 3259 EJusdem
350 3211 514 3261 legionis
531 3212 674 3250 iterum
692 3214 841 3250 mentio
868 3213 971 3250 infra
990 3226 1024 3249 c.

142 3267 211 3305 ⁶2.
247 3265 303 3303 ibi
321 3278 475 3315 quoque
493 3265 602 3305 XVI.
621 3267 704 3304 MS.
725 3267 829 3305 Flor.
858 3268 923 3304 sed
941 3267 1025 3304 MS.

144 3318 245 3371 Agr.
263 3320 324 3358 ed.
344 3332 406 3370 pr.
426 3321 540 3358 XIII.
584 3323 645 3360 Ex
675 3321 818 3371 quibus
838 3325 963 3371 patet,
982 3334 1029 3358 cx

148 3372 269 3422 priori
295 3374 381 3412 loco
407 3376 577 3423 petitum
600 3381 878 3425 argumentum
896 3376 1031 3414 Piche-

73 3460 79 3473 ,
145 3438 207 3464 nae
236 3439 308 3475 pro
333 3423 487 3478 le'gione
511 3430 625 3468 XIII.
659 3431 844 3468 adversus
876 3432 1028 3468 Merce-

145 3492 250 3528 rum,
276 3483 534 3532 corrigentem
563 3496 598 3521 c.
628 3487 696 3521 62.
725 3485 834 3523 XVI.
873 3485 928 3522 nil
962 3497 1028 3522 va-

144 3535 241 3572 lere.
280 3536 384 3573 Illud
401 3537 608 3584 efficacius,
628 3539 731 3586 quod
753 3545 795 3584 3,
823 3545 888 3576 22.
925 3541 1027 3588 legio

146 3589 256 3628 XVI.
292 3602 318 3628 a
333 3590 494 3629 Vitellio
512 3593 556 3631 in
571 3593 730 3632 Italiam
746 3592 918 3632 abducta
934 3594 1029 3632 dici-

1076 2291 1157 2325 tur.
1213 2287 1288 2325 Sed
1307 2290 1347 2323 et
1369 2286 1456 2323 aliae
1473 2285 1523 2322 ab
1541 2298 1587 2323 eo
1603 2285 1784 2323 abductae
1799 2287 1902 2331 tum,
1924 2285 1968 2323 in

1077 2341 1150 2379 hoc
1168 2341 1271 2378 bello
1296 2345 1579 2379 memorantur.
1627 2342 1735 2379 ERN.
1782 2340 1886 2377 Bud.
1903 2340 1967 2376 hic

1078 2401 1119 2433 et
1145 2409 1179 2434 c.
1214 2400 1279 2434 62.
1308 2396 1423 2434 XIII.
1481 2397 1607 2433 Fuere
1635 2398 1770 2432 autem
1798 2395 1884 2432 duae
1911 2394 1969 2430 le-

1076 2451 1212 2499 giones
1243 2452 1315 2488 hoc
1344 2462 1523 2494 numere,
1540 2450 1681 2495 altera,
1705 2462 1791 2499 quae
1818 2449 1969 2497 Vespa-

1079 2506 1190 2543 siano
1223 2509 1440 2543 accesserat
1471 2505 1528 2542 H.
1562 2510 1604 2550 2,
1640 2508 1704 2542 86.
1745 2504 1885 2549 altera,
1919 2504 1967 2540 de

1079 2572 1158 2608 qua
1185 2560 1227 2598 h.
1257 2560 1284 2597 l.
1314 2559 1356 2597 in
1381 2558 1502 2597 verba
1522 2558 1755 2608 Vespasiani
1784 2558 1968 2607 adigetur

1079 2615 1203 2652 serius
1221 2627 1256 2651 c.
1276 2618 1344 2651 62.

1134 2670 1238 2707 Loco
1261 2669 1432 2707 Gelduba
1449 2680 1585 2705 nomen
1602 2665 1674 2716 est]
1708 2667 1782 2704 Ed.
1809 2679 1870 2719 pr.
1898 2667 1970 2704 ha-

1080 2722 1149 2760 bet
1165 2724 1262 2769 loco,
1280 2724 1344 2761 cui
1375 2724 1423 2760 G.
1453 2736 1492 2759 n.
1513 2735 1544 2760 e.
1565 2722 1668 2770 quod
1686 2733 1775 2758 cum
1795 2723 1968 2759 Gruter-o

1078 2789 1216 2814 verum
1232 2780 1343 2825 puto.
1399 2776 1500 2823 Scio,
1518 2776 1727 2812 formulam
1755 2775 1863 2816 illam
1886 2776 1969 2818 usi<

1079 2835 1204 2869 tatam
1230 2831 1360 2869 Livio:
1391 2831 1473 2877 sed,
1491 2830 1561 2868 ubi
1590 2842 1636 2866 ea
1661 2831 1846 2876 occurrit,
1866 2842 1969 2868 sem-

1079 2898 1150 2935 per
1167 2886 1352 2936 praecedit
1371 2886 1440 2931 ibi,
1459 2889 1530 2922 aut
1557 2885 1683 2922 simile
1713 2885 1820 2934 quid.
1848 2885 1967 2934 idque

1078 2939 1150 2977 ubi
1177 2944 1251 2986 est,
1268 2941 1370 2978 male
1386 2951 1603 2991 pronomen
1626 2940 1830 2986 inseritur,
1847 2944 1894 2980 ut
1921 2941 1969 2977 fit

1080 2995 1246 3032 subinde
1259 2995 1301 3031 in
1318 2995 1454 3032 libris:
1474 2994 1576 3043 quod
1595 2993 1658 3030 hic
1676 3006 1785 3032 secus
1806 2999 1878 3038 est,
1898 2994 1969 3032 ubi

1080 3050 1138 3087 nil
1156 3049 1367 3098 praecessit,
1386 3050 1434 3085 ad
1453 3048 1556 3098 quod
1571 3047 1692 3088 verba
1704 3051 1784 3087 loco
1802 3050 1847 3086 G.
1872 3062 1910 3087 n.
1932 3063 1967 3086 e.

1082 3105 1317 3142 referantur.
1370 3104 1515 3141 Noster
1532 3103 1636 3143 infra
1654 3115 1687 3141 c.
1708 3109 1773 3142 84.
1793 3104 1889 3150 loco,
1904 3103 1971 3141 cui

1082 3171 1217 3196 nomen
1236 3159 1436 3197 Rhacotis.
1492 3159 1554 3197 Ita
1571 3169 1705 3195 omnes
1721 3157 1827 3195 libri.
1872 3159 1969 3195 Mox

1081 3213 1356 3251 incenderetur.
1385 3213 1470 3249 edd.
1499 3212 1650 3250 Puteol.
1673 3225 1755 3261 sqq.
1777 3225 1900 3261 usque
1919 3213 1970 3248 ad

1082 3267 1186 3304 Pich.
1231 3266 1314 3305 MS.
1363 3267 1493 3305 Guelf.
1539 3268 1775 3305 incederetur
1818 3267 1968 3303 vitiose.

1083 3321 1219 3359 Paullo
1255 3325 1344 3370 post
1384 3322 1532 3359 Vocula
1572 3322 1655 3358 sine
1693 3322 1968 3369 praepositione

1084 3377 1195 3414 MSS.
1217 3376 1319 3415 Flor.
1346 3376 1449 3413 Bud.
1475 3376 1560 3413 edd.
1580 3388 1637 3423 pr.
1669 3377 1794 3413 Rhcn.
1819 3374 1967 3422 Gryph.

1083 3431 1215 3468 ceteri
1235 3429 1326 3468 libri
1345 3431 1507 3467 addunt.
1564 3431 1648 3467 MS.
1668 3431 1763 3479 Agr.
1795 3429 1966 3466 Vae-acie.

1081 3486 1188 3523 ERN.
1237 3485 1339 3522 Bud.
1360 3485 1611 3522 accederetur.

1140 3541 1409 3588 Gaecgernorum
1427 3538 1573 3588 pagos]
1608 3540 1669 3575 De
1687 3537 1883 3587 scriptura
1899 3548 1967 3575 no-

1083 3593 1199 3631 minis
1218 3593 1298 3632 vid.
1322 3593 1371 3630 ad
1390 3596 1430 3640 5,
1453 3595 1514 3630 16.
1546 3594 1653 3631 ERN.

1146 3653 1234 3699 54
