2190 3880
656 187 658 189 ι
713 119 871 170 ΜΒ.
909 118 977 170 11.
1031 117 1196 168 cAP.
1233 122 1278 167 1.
1835 122 1901 174 s?

101 247 526 335 STRUEBAT
543 276 662 348 jam
690 276 950 343 Fortuna,
974 275 1270 337 i-n'diversa
1310 281 1460 346 parte
1477 282 1765 343 terrarum,
1794 276 1896 330 i'ni-
1917 273 1967 328 1³

95 351 517 422 tia'caussasque
532 348 624 402 Im
633 351 800 421 peric,
824 348 1137 422 quod'varia
1162 358 1324 412 sorte,
1341 346 1532 399 *laetum
1554 346 1895 418 Reipublicae
1911 350 1962 412 A·
1982 349 2034 388 U.

95 417 191 477 aut
231 420 410 491 atrox,
436 463 437 466 η
463 423 594 494 ipsis
643 422 990 493 Principibus
1042 424 1515 494 prosperum„'faut
1561 419 1732 471 exitio
1774 406 2028 498 fuit·}‚²'{0,·,

92 495 251 550 Titus
283 494 647 566 Vespasianus
674 513 703 546 e
730 494 763 548 J
774 494 950 564 udaea,
980 492 1238 559 incolumi
1274 491 1456 560 adhuc
1474 489 1677 556 Galba,
1703 492 1897 546 missus
1938 512 2005 556 70.

35 587 38 589 ’
95 586 129 620 a
156 573 326 639 patre,
353 586 597 620 caussam
630 564 981 638 profectionis
1007 562 1230 634 officinm
1255 581 1376 635 erga
1404 562 1694 634 Principem
1719 572 1765 615 et
1790 582 1899 617 ona-‘-

96 648 266 692 turam
282 637 511 710 petendis
537 637 811 690 honoribus
827 639 1100 709 juventam
1134 634 1362 688 ferebat.
1438 635 1543 686 Sed
1573 634 1767 706 vulgus
1797 636 1899 687 fin-

95 711 269 783 gendi.
301 710 519 774 avidum
557 710 899 781 disperserat,
935 709 1153 760 accitum
1191 709 1247 760 in
1285 707 1621 776 adoptionem.
1673 709 1900 761 materia

94 776 453 851 sermonibuS,
489 782 698 833 senium
746 794 801 833 et
838 781 1042 833 o'rbitas
1077 779 1349 850 Principis
1390 791 1444 830 et
1480 779 1899 849 intemperantia

94 854 353 918 civitatiS,
381 853 555 906 donec
582 872 719 906 unus
747 853 996 923 eligatur,
1025 852 1225 904 multos
1253 850 1578 917 destinandi.
1640 850 1899 923 Augebat

91 925 296 979 famam
336 925 506 996 ipsius
549 923 662 977 Titi
708 926 1009 996 ingenium,
1036 934 1491 995 quantaecumque
1538 921 1773 977 fortunae
1809 928 1898 979 cet-'-

90 994 220 1070 pax,
240 998 404 1051 decor
425 997 532 1050 oris
557 1015 681 1049 cum
705 998 935 1067 quadam
957 995 1260 1066 majestate,
1281 999 1551 1067 prospera}
1575 995 1897 1067 Vespasiani

90 1087 194 1136 reS,
223 1087 469 1142 praesaga
502 1079 775 1139 responsa,
802 1079 877 1132 et,
905 1068 1176 1120 inclinatis
1206 1067 1268 1119 ad
1313 1066 1642 1120 credendum
1682 1069 1896 1136 animiS,

90 1141 214 1195 loco
245 1141 488 1194 ominum
518 1142 682 1193 etiam
719 1140 964 1193 fortuita.
1040 1139 1151 1191 Ubi
1183 1138 1455 1204 Corinthi,
1487 1137 1713 1191 Achaiae
1745 1142 1897 1208 urbe,

89 1226 270 1266 certos
311 1213 530 1265 nuntios
569 1212 783 1283 accepit
818 1211 887 1265 de
921 1211 1142 1278 ⁴interitu
1183 1210 1397 1276 Galbae,
1437 1220 1492 1262 et
1533 1210 1772 1277 aderant,
1801 1214 1897 1283 qui
1938 1233 1940 1235 ’

91 1303 243 1338 arma
269 1284 473 1338 Vitellii
504 1284 810 1355 bellumque
851 1283 1215 1346 adfirmarent,
1242 1285 1437 1336 anxius
1479 1282 1680 1347 anim0,
1708 1286 1896 1354 paucis

86 1354 387 1410 amicorum
452 1352 733 1420 adhibitis,
807 1369 1006 1408 cuncta
1089 1356 1359 1426 utrimque
1432 1354 1739 1426 perlustrat.
1839 1357 1900 1410 Si

82 1436 312 1500 pergeret
350 1428 406 1480 in
443 1427 634 1494 urbem,
678 1425 877 1479 nnllam
912 1427 1064 1497 officii
1097 1427 1343 1497 gratiam,
1384 1427 1441 1479 in
1492 1426 1700 1479 alterius
1743 1426 1901 1480 liono-

90 1519 195 1553 rem
229 1500 440 1570 suscepti
463 1522 477 1552 .·
527 1519 587 1552 ac
624 1518 672 1551 se
705 1498 927 1564 Vitellio,
956 1500 1058 1552 sive
1092 1499 1302 1565 Othoni,
1338 1498 1556 1551 obsidem
1574 1496 1722 1570 fore.
1799 1499 1899 1553 Sin

89 1571 295 1638 rediret,
332 1571 568 1642 offensam
617 1571 759 1624 haud
804 1571 1013 1624 dubiam
1056 1571 1297 1624 victoris:
1359 1571 1446 1623 secl
1490 1570 1683 1623 incerta
1731 1571 1896 1625 adhuc

147 1717 262 1763 Quod
286 1717 392 1755 varie
415 1715 559 1766 ortum]
619 1716 711 1754 Non
742 1715 971 1766 suspicabar
1076 1716 1278 1765 Prosperoe
1324 1716 1439 1765 Vesp.
1484 1713 1560 1764 res]
1623 1715 1785 1759 Ultima
1820 1718 1898 1756 duo

86 1769 138 1808 de
151 1771 307 1817 mendo,
317 1770 466 1821 absque
478 1772 670 1808 Vaticano
682 1771 834 1809 fuisset.
856 1773 970 1820 cujus
1021 1770 1142 1808 verba
1175 1782 1255 1807 non
1288 1775 1402 1807 erant
1436 1769 1479 1807 in
1516 1769 1600 1807 MS.
1638 1771 1741 1810 Bud.
1782 1775 1821 1809 et
1855 1774 1899 1812 in

86 1825 206 1863 lectio
219 1825 372 1864 diversa
384 1826 514 1875 coegit
531 1837 594 1863 me
611 1826 740 1863 acrius
755 1826 889 1875 paullo
908 1827 968 1866 in·
1021 1825 1152 1863 Guelf.
1180 1837 1205 1861 a
1221 1836 1341 1862 manu
1361 1836 1438 1863 sec.
1467 1824 1600 1866 addita
1624 1831 1719 1864 sunt
1736 1828 1778 1865 in
1792 1839 1898 1864 mar-

88 1880 210 1918 tueri.
241 1880 344 1918 Nam
360 1880 400 1918 in
417 1892 478 1926 eo,
494 1881 582 1918 vari
599 1881 742 1927 abone,
761 1881 966 1929 scriptum.
1019 1880 1124 1929 gine.
1180 1880 1295 1917 Unde
1311 1879 1527 1917 Rhenanus
1545 1879 1703 1918 volebat
1718 1894 1899 1931 prospere

88 1933 159 1980 Et,
177 1934 386 1981 Hercules,
401 1935 561 1984 vulgata
578 1935 714 1984 inepta
731 1937 771 1971 et
788 1947 964 1974 exsensa.
1013 1946 1203 1984 praesaga
1218 1946 1412 1983 responsa,
1425 1935 1542 1982 plane
1561 1937 1608 1974 ut
1624 1939 1685 1981 est
1702 1937 1745 1974 in
1764 1936 1897 1976 Guelf.

89 1989 185 2038 quid
206 1989 311 2026 enim
339 1992 414 2035 est,
433 1990 540 2026 varie
568 1993 699 2041 ortum
727 2001 810 2026 esse
838 1991 967 2039 Impe-
1018 1990 1120 2026 Sane
1137 1989 1274 2026 alienae
1291 1994 1385 2026 sunt
1401 1988 1632 2036 Vespasiani
1661 1991 1785 2038 partis
1809 2002 1868 2028 res
1884 2004 1896 2027 ε

83 2042 192 2080 rium
210 2043 471 2092 Vespasiani?
528 2045 612 2081 Imo
639 2055 744 2082 unus
772 2050 812 2081 et
835 2049 965 2082 certus
1021 2055 1109 2081 cum
1135 2044 1181 2080 de
1210 2042 1332 2091 ipsius
1360 2042 1473 2079 bonis
1503 2053 1629 2080 sermo
1658 2044 1723 2083 sit.
1779 2046 1898 2082 Forte

86 2097 196 2135 illius
241 2101 366 2135 ortus.
426 2098 561 2135 Scribo
597 2110 644 2135 ex
680 2099 855 2147 vestigiis
888 2100 967 2136 illis

86 2152 242 2200 priscis,
260 2153 363 2202 quod
378 2153 491 2189 varia
505 2159 618 2190 sorte.
672 2151 804 2202 Atque
821 2153 879 2190 ita
894 2158 966 2192 est.

86 2206 306 2254 Imperium
320 2206 665 2256 Vespasianorum,
679 2206 772 2245 felix
790 2209 860 2245 Rei
863 2221 902 2257 p.
924 2212 965 2246 et

84 2261 241 2306 infelix,
270 2261 443 2309 itemque
475 2262 569 2311 ipsis
597 2261 845 2311 Principibus
873 2263 963 2301 fuit.

87 2315 201 2354 ers.
233 2315 510 2353 Emendationi
528 2316 721 2365 Lipsianae
738 2329 808 2365 per
825 2328 869 2354 se
877 2329 964 2355 cer-

84 2370 248 2407 tissimae
264 2370 403 2407 addam
420 2371 644 2419 praesidium
661 2371 710 2408 ab
736 2371 813 2408 alio
830 2370 964 2409 aucto*-

85 2425 142 2461 ris
168 2425 254 2462 loco
280 2425 386 2462 infra
411 2436 444 2462 c.
462 2429 527 2465 95.
581 2426 740 2475 Blagna
768 2432 805 2463 et
822 2429 964 2465 misera

86 2480 240 2526 civitas,
257 2479 386 2517 eodem
410 2491 510 2517 anno
536 2480 721 2518 Othonem
742 2481 964 2519 Vitellium-

85 2545 157 2583 que
180 2546 315 2583 passa,
342 2535 443 2571 inter
465 2535 615 2580 Vinios,
642 2535 798 2582 Fabios,
827 2537 964 2583 Icelos,

84 2587 297 2633 Asiaticos,
312 2589 423 2625 varia
441 2595 477 2625 et
491 2589 673 2637 pudenda
689 2596 790 2626 sorte
807 2590 972 2638 agebatt

85 2641 296 2679 Funmsu.
340 2640 402 2678 Sic
418 2646 457 2679 et
474 2643 529 2680 H.
547 2649 588 2688 3,
608 2648 669 2680 80.
711 2645 837 2681 Varia
853 2646 964 2693 lega-

85 2694 412 2742 torumsorssuit.
440 2697 576 2734 GRoN.
603 2698 767 2746 Recepit
779 2697 963 2735 Pichena.

29 2750 33 2755 '
85 2749 163 2788 Ed.
180 2761 241 2798 pr.
269 2761 364 2786 vane
382 2756 508 2787 ortum
527 2752 669 2798 aborte,
687 2756 854 2799 utraque
873 2754 967 2789 scri-

84 2807 206 2852 ptura
239 2803 449 2850 conjuncta
483 2809 523 2842 et
559 2806 735 2851 confusa,
771 2810 820 2843 ut
852 2807 963 2853 alibi.

82 2859 203 2897 Enm
242 2859 347 2897 Bud.
392 2858 494 2895 male
523 2861 629 2901 varie
671 2866 799 2897 ortum
842 2873 966 2911 semen

80 2923 117 2950 r.
166 2939 176 2950 .

130 2924 289 3003 {fissus
304 2978 330 3002 α
342 2965 473 3017 patre]
525 2967 618 3007 Qua
634 2966 679 3004 de
700 2979 741 3005 re
759 2967 816 3005 ita
828 2968 961 3018 Hege-

84 3016 221 3070 sippus
241 3024 281 3065 4,
301 3025 367 3058 21.
395 3022 636 3059 Sententiam
653 3026 744 3060 novi
762 3023 961 3074 Principis

86 3072 254 3126 (Galbae)
275 3075 322 3112 de
348 3075 441 3113 bello
469 3076 640 3113 Jaecdaico
667 3078 861 3115 sciscitari
886 3080 960 3116 Ve-

85 3130 268 3179 spasiano
287 3130 600 3179 consiliumsuit.
626 3132 804 3182 misitque
826 3133 961 3170 Titum

68 3183 214 3234 'filium
239 3189 277 3221 et
304 3185 455 3232 Regem
477 3185 716 3234 Agrippam.
775 3186 890 3224 Titus
915 3188 960 3225 dc

27 3244 29 3251 ‘
83 3237 239 3276 Achaia
270 3240 438 3284 revertit,
468 3247 656 3288 comperto
700 3241 804 3290 qnod
836 3242 959 3278 Galba

90 3292 262 3330 occisus:
317 3293 504 3343 Agrippa
546 3294 715 3332 Romam
754 3297 959 3334 contendit.

86 3345 200 3384 Lu’s.

139 3398 270 3438 Decor
287 3400 380 3451 oris]
441 3401 503 3439 Sic
522 3403 722 3450 eleganter
739 3414 788 3440 ex
804 3403 962 3452 ingenio

83 3454 256 3491 correxit
270 3455 500 3494 Rhenanus.
554 3457 663 3494 Libri
679 3469 812 3494 omnes
832 3459 959 3496 decori

87 3506 151 3543 vel
179 3507 334 3547 decoris.
387 3510 495 3549 ERN.
541 3510 644 3550 Bud.
670 3512 828 3550 decoris.
865 3513 962 3562 Agr.

89 3560 260 3601 decorus.

1019 2101 1178 2136 tantum
1209 2109 1405 2148 pro-§perce
1436 2109 1496 2136 res
1531 2098 1690 2147 scripsit
1720 2098 1899 2141 Tacitus,

1020 2154 1130 2191 ERN.
1839 2174 1842 2176 -
1878 2170 1881 2174 -

1072 2207 1268 2256 Proesaga
1288 2204 1485 2256 responsa]
1545 2206 1771 2255 Legendurn
1793 2221 1899 2258 proe·

1017 2263 1148 2311 sag-ia,
1182 2273 1376 2311 responsa,
1414 2260 1583 2298 diximus
1619 2261 1715 2300 Obs.
1751 2268 1791 2310 2,
1826 2268 1895 2303 20.

1018 2318 1154 2354 GRoN.
1210 2317 1359 2353 Verum
1405 2318 1515 2364 puto.
1576 2315 1679 2353 Nam
1726 2318 1898 2359 ominum

1005 2383 1106 2409 -mox
1124 2371 1288 2415 mentio,
1310 2382 1395 2419 quae
1418 2377 1512 2408 sunt
1529 2371 1732 2421 praesagia.
1786 2373 1895 2412 ERN.

1019 2427 1079 2463 Cf.
1099 2426 1207 2463 Suet.
1234 2425 1316 2463 Tit.
1337 2430 1377 2463 2.

1071 2480 1175 2517 Loco
1216 2481 1387 2517 ominum
1430 2480 1552 2517 etiam
1574 2479 1769 2531 fortuita]
1833 2480 1896 2518 Sic

1019 2534 1142 2571 edidit
1160 2534 1337 2572 Freinsh.
1375 2534 1558 2572 Ominum
1576 2537 1636 2571 est
1650 2547 1671 2571 e
1687 2534 1814 2581 libris,
1826 2535 1896 2572 ha‘-

1018 2588 1161 2638 betque
1191 2589 1321 2626 Guelf.
1353 2589 1525 2625 alterum
1550 2601 1599 2625 ex
1625 2589 1796 2637 ingenio.
1828 2590 1897 2628 sed

1018 2655 1123 2681 vere.
1146 2644 1341 2680 sententia
1356 2644 1438 2679 haec
1451 2643 1591 2680 Tacito
1609 2646 1649 2679 et
1664 2642 1761 2680 alibi
1780 2655 1897 2681 usur-

1003 2702 1124 2746 ·pata.
1178 2698 1308 2745 Vulgo
1333 2701 1419 2734 era-t
1444 2697 1505 2733 vel
1522 2698 1602 2741 loco
1628 2698 1814 2745 omnium,
1830 2699 1895 2738 vel

1020 2754 1190 2789 ominum
1208 2753 1326 2788 etiam
1331 2751 1517 2800 j'ortuna.
1554 2751 1662 2788 ERN.
1685 2751 1789 2789 Bud.
1815 2766 1896 2791 om-

1019 2807 1128 2842 nium
1154 2806 1274 2842 etiam
1289 2806 1472 2854 fortuna.
1527 2805 1690 2842 Grotius
1717 2805 1849 2844 citatis
1868 2817 1895 2846 a

1018 2860 1196 2898 Freinsh.
1224 2859 1383 2897 locis'ex
1403 2861 1458 2897 H.
1482 2865 1519 2905 Ι,
1538 2863 1602 2896 86.
1633 2865 1673 2906 2,
1693 2864 1757 2899 84.
1783 2861 1896 2901 addit

1017 2913 1138 2952 alium
1157 2926 1310 2963 quoque
1326 2914 1491 2952 similem
1509 2914 1566 2951 H.
1586 2919 1633 2960 4,Ι
1648 2917 1714 2955 26.
1870 2931 1874 2938 ⁴

1068 2970 1148 3006 Sed
1162 2970 1310 3006 incerta
1323 2969 1413 3020 eta]
1458 2969 1537 3006 Sed
1549 2969 1671 3005 edidit
1682 2969 1811 3007 Rhen.
1826 2969 1891 3021 (ex

999 3021 1334 3078 ‘'ingenio)·bene.
1389 3023 1642 3072 Antiquiores
1677 3025 1763 3062 edd.
1794 3025 1891 3063 item

1014 3078 1098 3115 MS.
1122 3077 1238 3128 (Bud.
1257 3076 1312 3127 et)
1334 3077 1464 3115 Guelf.
1485 3084 1522 3116 et
1535 3092 1547 3114 .·
1570 3079 1679 3126 ,quod
1697 3080 1891 3128 quomodo

1004 3140 1034 3167 ·e
1050 3133 1118 3170 sed
1134 3133 1281 3170 factum
1301 3133 1367 3178 sit,
1387 3135 1507 3180 patet.
1548 3131 1622 3170 Sed
1640 3133 1740 3170 idem
1753 3134 1890 3173 Guelf.

1014 3189 1054 3223 et
1071 3188 1130 3224 ed.
1151 3199 1209 3235 pr.
1233 3187 1420 3233 incertam
1443 3186 1569 3224 adhuc
1588 3188 1803 3236 victoriam,
1821 3200 1889 3225 ve·

1002 3249 1099 3278 'rum
1120 3242 1204 3278 MS.
1229 3252 1254 3277 a
1270 3252 1374 3278 man.
1393 3252 1469 3277 sec.
1487 3241 1603 3279 male.
1645 3241 1788 3279 Sensus
1805 3246 1886 3280 est:

1002 3296 1080 3332 sed
1099 3296 1254 3333 veniam
1272 3296 1422 3344 sperari
1444 3307 1558 3344 posse
1576 3307 1624 3332 ex
1644 3307 1704 3342 eo,
1727 3297 1828 3345 quod
1850 3296 1889 3333 id

1012 3350 1160 3387 factum
1189 3351 1242 3388 sit
1269 3351 1418 3388 incerta
1444 3350 1570 3388 adhuc
1586 3350 1764 3396 victoria,
1792 3360 1890 3398 praef-

1000 3405 1167 3450 sertim,
1188 3405 1221 3442 si
1239 3409 1352 3454 pater
1369 3405 1411 3441 in
1428 3409 1559 3454 partes
1576 3405 1734 3441 victoris
1754 3415 1890 3441 conce·

1016 3459 1108 3496 dat:
1139 3459 1437 3508 intelligendum
1462 3462 1523 3495 est
1535 3458 1639 3507 sore.
1666 3470 1755 3495 mox
1785 3459 1888 3496 male

1015 3513 1256 3561 infimarum
1283 3513 1413 3551 Guelf..
1446 3514 1530 3549 cdd.
1558 3515 1648 3549 Put.
1677 3512 1771 3550 Ber.
1800 3511 1887 3551 Alc.

1016 3568 1125 3605 ERN.
1144 3568 1248 3606 Eud.
1279 3569 1425 3605 incerta
1451 3567 1577 3604 adhuc
1598 3567 1771 3605 adoreo-ia.
1826 3567 1889 3607 Sic

1083 3627 1183 3675 04
