2190 3880
642 155 800 205 LIB.
838 155 932 204 111.
984 155 1153 204 CAP.
1189 162 1371 206 4243.
1836 164 1928 214 197

121 274 494 332 Narbonensis
543 271 842 349 provinciae
893 296 1158 350 egressus,
1210 275 1417 332 Gallias
1454 289 1510 331 et
1551 281 1822 334 exercitus
1865 291 2062 336 etA.15.

118 345 429 402 Germanice
455 360 645 418 gentes
682 367 993 419 novumque
1032 349 1229 402 bellum
1264 350 1448 402 cieret.
1525 349 1787 418 Digresso
1814 353 1924 404 Va·
1955 353 2048 390 823·

115 414 278 482 lente,
305 419 564 489 trepidOS,
594 421 687 491 qui
722 420 1033 472 Ariminum
1070 421 1349 484 tenebant,
1377 419 1663 472 Cornelius
1699 405 2059 498 Fuscr1s,A7·0}‘·

115 486 339 541 admoto
365 492 629 555 exercitu,
654 502 711 543 et
737 491 912 542 missis
941 507 1036 561 per
1063 491 1314 559 proxima
1338 490 1557 542 litorum
1597 490 1921 557 Liburnicis,
1934 517 2007 563 >42

114 565 258 609 terra
282 559 524 629 marique
561 561 938 614 circumvenit.
1015 559 1372 630 Occupantur
1408 560 1569 630 plana
1595 559 1840 612 Umbriae
1866 574 1926 614 >el:

114 643 224 694 qua
269 627 502 681 Picenus
547 633 678 701 ager
715 630 886 682 Adria
925 631 1178 682 adluitur.
1227 635 1513 700 omnisque
1559 628 1736 695 Italia,
1786 632 1928 684 inter

117 695 509 767 Vespasianum
562 719 625 753 ac
676 701 976 764 Vitellium,
1022 699 1298 769 Apennini
1355 700 1510 771 jugis
1562 701 1926 754 dividebatur.

116 765 317 820 Fabius
345 769 560 834 ValenS,
587 789 617 822 e
645 772 762 822 sinu
785 770 1016 834 Pisano,
1046 770 1257 822 saevitia
1281 771 1460 834 maris,
1489 783 1583 822 aut
1608 771 1928 824 adversante

115 848 298 902 veum,
337 838 564 892 Portum
607 839 861 893 Herculis
904 839 1156 892 Monoeci
1197 841 1501 911 depellitur.
1552 841 1695 893 haud
1735 843 1929 910 procul

114 906 242 959 inde
266 910 466 978 agebat
495 910 706 962 Marius
736 910 1009 974 MaturuS‚
1038 910 1260 980 Alpium
1293 911 1686 963 maritimarum
1718 911 1926 965 Procu-

111 988 278 1043 rator,
302 978 439 1032 fidus
465 980 706 1045 Vitellio,
727 981 883 1050 cujus
911 994 1326 1046 sacramentum,
1343 980 1555 1033 cunctis
1582 981 1727 1034 circa
1754 982 1928 1034 hosti-

113 1045 275 1112 libne,
297 1051 541 1104 nondum
568 1064 811 1103 exuerat.
877 1050 932 1102 Is
960 1052 1244 1103 Valentem
1272 1052 1503 1103 com-iter
1528 1063 1843 1122 exceptum,
1865 1071 1928 1106 ne

116 1115 352 1171 Galliam
382 1119 763 1174 Narbonensem
802 1130 980 1172 temere
1010 1120 1372 1189 ingrederetur,
1401 1122 1673 1173 monendo
1703 1123 1925 1177 terruit:

113 1187 272 1241 simul
311 1202 613 1243 ceterorum
642 1192 773 1242 fides
812 1203 960 1241 metu
1000 1191 1249 1242 infracta.
1284 1208 1518 1260 namque
1545 1191 1927 1261 circumjectas

112 1258 363 1312 civitates
393 1261 720 1313 Procurator
743 1261 988 1312 Valerius
1014 1260 1311 1324 Paullinus„
1340 1274 1588 1312 strenuus
1617 1263 1849 1327 militiae,
1871 1272 1929 1314 et

112 1327 447 1399 Vespasiano
484 1343 608 1384 ante
649 1332 923 1383 fortunam
958 1331 1165 1382 amicus
1204 1332 1258 1383 in
1291 1333 1456 1383 verba
1493 1331 1610 1400 ejus
1649 1333 1924 1404 adegerat.

113 1397 468 1471 Concitisque
515 1401 787 1465 omnibus,
827 1401 922 1469 qui
973 1401 1312 1453 exauctorati
1361 1420 1392 1453 a
1446 1401 1668 1454 Vitellio
1723 1403 2008 1461 bellum43

109 1479 305 1538 sponte
340 1473 645 1536 sumebant,
682 1471 1108 1540 Forojuliensem
1146 1471 1436 1535 coloniam,
1467 1472 1700 1525 claustra
1742 1475 1924 1540 mariS,

109 1539 364 1608 praesidio
389 1544 672 1595 tuebatur:
713 1561 778 1593 eo
817 1542 1036 1612 gravior
1061 1545 1269 1605 auctor,
1296 1543 1441 1610 quod
1469 1542 1719 1595 Paullino
1747 1545 1926 1615 patria

3 1606 32 1674 s
110 1608 308 1662 Forum
339 1611 489 1675 Julii,
518 1627 571 1664 et
597 1613 771 1664 honos
799 1612 944 1682 apud
974 1611 1359 1675 PraetorianOS,
1387 1630 1618 1680 quorum
1645 1615 1924 1682 quondam

16 1678 18 1683 ’
106 1678 379 1733 Tribunus
408 1682 602 1734 fuerat.
679 1682 902 1752 Ipsique
941 1682 1159 1751 pagani,
1184 1681 1370 1733 favore
1407 1682 1727 1755 municipali
1756 1695 1814 1736 e't
1837 1684 1926 1736 fu·

107 1762 242 1804 turae
291 1753 550 1821 potentiae
594 1753 932 1822 spe‚juvare
978 1762 1157 1821 partes
1197 1751 1601 1804 adnitebantur.
1661 1771 1784 1824 quae
1826 1754 1925 1806 ubi

108 1833 299 1893 paratu
337 1822 511 1888 firma,
547 1834 600 1875 et
633 1836 794 1875 aucta
831 1839 1065 1886 rumore,
1100 1822 1247 1893 apud
1289 1822 1464 1875 varios
1505 1822 1925 1878 Vitellianorum

162 1965 316 2004 Gallias
345 1971 383 2003 et
412 1966 630 2004 Germania,-
653 1966 806 2018 gentes]
842 1966 986 2003 Vocem

104 2022 196 2066 apte
215 2019 354 2056 inserit
370 2019 499 2057 Vatie.
515 2021 655 2058 codex:
690 2022 841 2058 Gallias
867 2026 904 2057 et
919 2032 987 2057 ex-

104 2073 248 2109 ercitm
261 2078 300 2109 et
321 2073 446 2110 Germ.
473 2080 623 2122 gentes.
659 2074 761 2112 Nam
790 2074 831 2110 in
856 2072 988 2110 Gallia

104 2125 315 2170 exercitus,
331 2126 440 2164 V111.
456 2126 642 2174 legiones.
677 2128 788 2164 Lu’s.
822 2125 988 2164 Habent

104 2179 225 2217 etiam
251 2177 356 2216 mor.
390 2180 522 2217 Guelf.
541 2181 635 2229 Agr.
658 2181 744 2216 edd.
768 2184 861 2217 ante
876 2179 984 2218 Rhe-

102 2242 279 2269 nauumz
307 2233 377 2281 qui
407 2232 521 2283 (duce
548 2232 668 2284 Bud.)
695 2233 853 2272 delevit.
908 2233 984 2270 Re·

103 2285 237 2323 stituit
252 2286 434 2324 Pichena.
477 2287 587 2325 ERN.

158 2339 323 2376 Saevitia
348 2339 486 2390 maris]
518 2341 698 2378 Romana
715 2339 836 2377 editio
853 2340 986 2388 segni·

101 2392 162 2431 tia
179 2394 301 2430 maria⁸
312 2406 325 2429 .-
347 2393 450 2441 quod
465 2393 629 2431 auribus
647 2394 744 2430 meis
759 2393 982 2430 blanditur:

101 2445 388 2495 significatque,
417 2447 543 2492 nullo,
570 2447 631 2484 vel
663 2447 825 2484 adverso
850 2451 982 2492 vento,

102 2510 231 2537 nsum.
259 2500 372 2538 Ln’s.
407 2500 592 2549 segnitia
609 2500 729 2538 etiam
747 2500 860 2538 MSS.
879 2499 984 2537 Flor.

103 2551 200 2600 Agr.
227 2557 411 2602 recteque
436 2557 637 2603 receptum
666 2557 727 2591 est
753 2565 778 2591 a
799 2553 983 2591 Pichena.

105 2606 234 2642 Ceteri
253 2606 346 2643 libri
368 2606 486 2656 (Eud.
505 2605 675 2656 quoque)
702 2608 868 2644 soevitia.
923 2607 984 2643 Ea

105 2669 197 2696 vero
225 2662 285 2696 est
313 2659 356 2696 in
384 2663 503 2696 vento
530 2660 782 2697 adversante:
813 2659 984 2708 segnitia

104 2715 180 2758 est,
199 2722 289 2750 cum
307 2715 386 2749 stat
408 2724 531 2758 mare,
549 2713 748 2762 nimiaque
761 2711 985 2761 tranquilli-

102 2769 187 2803 tate
205 2777 285 2803 non
300 2765 368 2802 dat
378 2766 606 2803 facultatem
623 2766 846 2816 navigandi.
874 2766 984 2804 ERN.

103 2818 251 2857 Verum
276 2819 443 2856 malacia
465 2831 604 2856 navem
623 2831 703 2857 non
730 2820 901 2870 depellit,
917 2819 985 2856 sed

102 2872 294 2910 inmotam
310 2876 419 2920 tenet
434 2885 447 2919 ;
475 2874 525 2910 ad
541 2874 644 2921 quod
671 2885 749 2911 non
767 2872 986 2919 attendere,

103 2936 271 2975 quorum
325 2926 490 2963 auribus
544 2925 747 2964 blanditur
797 2926 984 2975 segnitia.

101 2975 286 3018 Restituo
323 2980 488 3030 proinde
529 2981 693 3018 sevitia.
749 2979 845 3017 Mox
879 2979 983 3017 Bud.

102 3032 211 3072 haud
247 3033 335 3071 adv.
371 3040 496 3079 vento,
528 3033 632 3082 quod
668 3034 798 3071 Rben.
824 3045 865 3070 se
889 3033 983 3069 scri-

103 3085 197 3124 bere
230 3088 303 3134 ait,
338 3098 475 3125 verum
511 3097 591 3123 non
625 3087 794 3135 scripsit.
846 3083 983 3123 Paullo

103 3145 196 3180 ante
213 3142 316 3180 Bnd.
331 3139 689 3190 Apenninisjugim

158 3195 327 3234 Portum
341 3194 527 3232 Herculis
542 3192 727 3244 Mona—cz]
750 3192 880 3230 Hodie
891 3192 983 3230 Mo·

104 3259 214 3287 παι-ο.
259 3249 368 3287 Ean.

158 3302 254 3352 alp.
279 3313 377 3339 mar.
396 3299 649 3351 Procurator]
681 3299 783 3337 Bud.
810 3299 984 3348 specula-

108 3359 182 3392 tor.

163 3406 348 3444 Nondum
361 3403 540 3454 exuerat]
563 3405 625 3443 Sic
642 3405 744 3443 Flor.
762 3403 880 3452 bene,
894 3415 982 3442 mox

107 3461 213 3498 onim
232 3461 354 3498 exuit.
404 3461 507 3498 Bud.
525 3463 566 3496 et
580 3460 699 3507 vulgo
714 3470 803 3495 non.

162 3511 276 3554 Metu
287 3510 451 3566 intacta]
465 3512 634 3552 Pichena
645 3515 776 3551 censet
786 3510 956 3562 inst-acta
968 3525 982 3554 .-

1041 1966 1085 1999 at
1111 1963 1210 2000 mihi
1243 1975 1316 2014 pro
1345 1966 1542 2003 sententia
1567 1976 1675 2003 nunc
1701 1965 1926 2014 videbatur,

1040 2017 1246 2055 intentata.
1290 2018 1458 2056 Destitit
1474 2019 1619 2057 Valens
1644 2019 1694 2057 ab
1724 2021 1814 2057 aliis
1836 2025 1927 2059 ten.-

1039 2069 1186 2116 tandis,
1203 2075 1331 2117 metu,
1359 2083 1408 2109 ne
1431 2075 1582 2110 temere
1614 2083 1653 2109 se
1681 2074 1857 2111 crederet
1883 2077 1926 2111 et

1040 2122 1357 2172 interciperetur.
1414 2126 1532 2166 Quod
1563 2126 1596 2163 si
1627 2127 1803 2166 eamdem
1834 2138 1926 2165 sen-

1038 2176 1208 2214 tentiam
1236 2189 1258 2214 e
1286 2189 1379 2214 voce
1405 2179 1557 2216 intacta
1585 2179 1709 2225 elicis,
1729 2180 1833 2218 haud
1849 2181 1925 2221 im?

1037 2232 1204 2272 mutem.
1261 2231 1374 2268 Ln’s.
1427 2232 1581 2281 Nempe
1614 2233 1657 2273 in
1692 2233 1779 2272 MS.
1803 2234 1926 2273 ·Flor.

1039 2287 1099 2319 est
1117 2284 1271 2320 inmota
1287 2296 1297 2320 ε
1317 2284 1422 2321 unde
1433 2286 1605 2324 Pichena
1617 2297 1732 2324 suum
1749 2286 1925 2336 inst-acea

1038 2335 1203 2372 elicuit:
1250 2338 1355 2386 quod
1388 2338 1567 2376 Freinsh.
1600 2341 1799 2388 ceterique
1833 2344 1925 2389 post

1039 2399 1130 2425 eum
1160 2391 1285 2427 secuti
1311 2394 1417 2428 sunt.
1462 2393 1597 2430 Recte.
1623 2392 1686 2431 Sic
1702 2394 1820 2442 plane
1837 2393 1925 2434 MS.

1039 2443 1166 2480 Oxon.
1195 2443 1291 2480 Mox
1307 2444 1444 2482 itidem
1456 2444 1558 2482 bene
1574 2457 1740 2501 namque
1757 2448 1924 2487 circum-

1026 2494 1159 2544 jectas
1187 2507 1259 2543 pro
1286 2509 1379 2534 nam
1405 2498 1544 2536 dedere
1569 2510 1591 2534 e
1622 2500 1727 2538 Flor.
1757 2503 1798 2536 et
1825 2498 1924 2548 Agr.

1037 2549 1208 2596 Ryckius
1228 2553 1269 2587 et
1285 2551 1323 2587 J.
1342 2552 1514 2590 Gronoxr.
1556 2553 1763 2590 consentit
1778 2552 1839 2589 ed.
1860 2564 1923 2601 pr.

1038 2612 1125 2649 quae
1160 2607 1249 2650 post
1283 2604 1385 2642 male
1429 2606 1700 2643 circumvectus
1743 2605 1921 2648 exhibet.

1035 2654 1169 2691 Verba
1181 2657 1261 2693 haec
1279 2659 1319 2692 et
1337 2657 1433 2694 alibi
1451 2659 1626 2696 confusa.
1664 2660 1774 2696 ERN.
1814 2659 1921 2696 Bud.

1037 2708 1202 2747 intacta.
1259 2711 1477 2748 Palmerius
1494 2712 1614 2753 dabat
1630 2713 1774 2751 intuta.
1814 2711 1920 2758 Dein

1035 2760 1140 2810 Bud.
1165 2774 1270 2799 nam.

1093 2815 1349 2871 Procurgaor]
1383 2815 1521 2866 Galliae
1535 2817 1805 2860 Narbonensis
1824 2816 1921 2857 Pro-

1040 2871 1261 2905 curatorem
1278 2869 1400 2906 fuisse
1419 2872 1640 2919 suspicatur
1657 2872 1845 2913 Savilius:
1875 2873 1920 2912 iu

1040 2932 1118 2970 qua
1135 2923 1278 2959 Forum
1295 2923 1410 2968 Julii,
1427 2924 1594 2967 colonia.
1648 2925 1745 2968 Mox
1768 2925 1868 2963 bene
1893 2936 1919 2964 a

1036 2974 1184 3023 Ryckio
1199 2976 1350 3014 editum
1370 2978 1542 3017 claustra
1560 2990 1633 3027 pro
1659 2980 1918 3029 claustraque,

1038 3040 1059 3064 e
1078 3029 1189 3066 MSS.
1207 3028 1311 3071 Flor.
1330 3030 1433 3068 Bud.
1449 3031 1546 3080 Agr,
1563 3031 1706 3081 quibus
1719 3033 1919 3071 consentit

1037 3082 1097 3119 ed.
1115 3093 1176 3130 pr.
1205 3083 1378 3120 Additur
1395 3084 1499 3121 enim
1518 3084 1756 3134 ἐξηγηπκός.
1802 3087 1916 3125 ERN.

1035 3135 1180 3172 Forum
1205 3136 1313 3173 Julii
1339 3137 1486 3175 dictum
1509 3139 1662 3182 colonia
1677 3140 1858 3178 Pacensis
1875 3143 1916 3177 et

1033 3187 1208 3226 classica.
1263 3189 1366 3227 Plin.
1399 3196 1441 3237 3,
1475 3197 1500 3230 4
1540 3190 1615 3242 (5).
1679 3192 1739 3230 Ibi
1776 3192 1916 3235 navale

1036 3241 1223 3290 Augusti.
1266 3242 1408 3280 Strabo
1425 3249 1463 3281 4.
1483 3255 1522 3293 p.
1547 3250 1635 3286 184.

1091 3296 1236 3345 Sponte
1277 3297 1490 3348 sumebant]
1533 3299 1676 3350 Sponte
1720 3298 1828 3342 deest
1871 3299 1915 3337 in

1036 3349 1140 3388 Eud.

1089 3403 1154 3440 Eo
1170 3403 1334 3452 gravior
1349 3403 1500 3456 auctor]
1533 3404 1594 3443 ef.
1622 3415 1742 3455 supra
1768 3416 1801 3442 c.
1828 3409 1852 3441 3
1873 3407 1914 3442 et

1093 3509 1193 3555 Quae
1219 3510 1286 3549 ubi
1306 3515 1453 3561 paratu
1471 3510 1615 3563 firma]
1647 3510 1801 3553 Parata
1818 3507 1911 3556 libri

1106 3568 1273 3616 03..
