2190 3880
672 109 1226 184 PRAEFATIO.
1855 132 1898 174 v

101 288 362 354 vetereS,
393 278 834 361 quasinspexi,
859 285 1212 338 constanter
1238 293 1342 356 nec
1371 274 1654 336 offerunt.
1695 275 1891 338 Aliud

106 377 254 457 quid
304 397 383 438 ex
429 387 636 437 vetere
683 375 902 436 codice
952 392 1064 433 suo
1106 371 1339 453 profert
1381 372 1546 433 idem
1587 373 1669 432 ad
1704 392 1757 432 e.
1791 382 1889 433 34.

105 473 274 552 quod
303 492 444 532 cum
472 472 694 532 nostris
722 470 922 530 minus
953 468 1262 535 convenit.

148 554 155 557 ’
190 568 481 630 Meminit
520 588 704 648 porro
733 566 1094 627 Gebaverus
1132 564 1196 623 in
1232 562 1505 642 vestigiis
1545 562 1711 625 Juris
1739 563 1895 626 Ger.

109 662 331 736 manici
362 683 422 743 p.
457 670 594 720 920.
643 660 931 721 editionis
959 658 1330 720 Viennensis
1359 679 1412 717 a.
1445 666 1616 716 1514.
1649 677 1892 719 excusae

108 755 303 818 forma
331 766 566 836 quarta,
597 775 779 834 quam
823 764 887 815 et
915 753 1233 815 Ernestius
1263 761 1327 813 et
1355 751 1672 831 Bipontini
1702 751 1895 811 edito-

61 879 64 893 2
109 869 206 910 res
233 848 537 928 ignorant.
625 848 810 925 Error
839 849 968 909 sine
999 847 1189 908 dubio
1217 846 1319 906 hic
1347 844 1577 919 haeret3
1626 844 1895 906 Conradi

113 944 304 1007 Celtis
355 945 546 1005 editio
595 943 998 1024 intelligenda
1037 942 1304 1014 videtur,
1323 961 1472 1021 ,quae
1500 940 1895 1009 Vindobonae

113 1061 167 1100 a..
206 1049 376 1100 1515.
407 1039 660 1121 prodiit,
689 1049 1025 1100 memorata
1054 1038 1327 1098 Panzero
1357 1036 1433 1096 T.
1467 1035 1581 1095 IX.
1605 1057 1662 1096 v.
1690 1047 1787 1096 24.

193 1133 331 1196 Jam
362 1133 442 1193 Is.
473 1133 727 1194 Vossius
756 1136 833 1194 ad
865 1133 1096 1194 Melam
1127 1131 1200 1192 L.
1235 1144 1289 1192 3.
1323 1152 1376 1191 c.
1411 1142 1465 1191 3.
1495 1139 1767 1191 veterem
1796 1131 1899 1196 ad-v

114 1228 281 1310 legat
310 1229 512 1290 Taciti
540 1228 784 1302 librum,
809 1229 1076 1310 quivcap.
1102 1238 1199 1288 45.
1229 1227 1513 1289 lectionis
1540 1227 1900 1290 varietatem

116 1327 315 1409 offert,
344 1326 408 1386 in
437 1325 604 1386 nullo
633 1325 808 1386 nobis
841 1326 1092 1406 cognito
1121 1325 1582 1406 deprehensam.
1670 1325 1899 1387 Forsan

115 1421 280 1482 idem
309 1430 402 1482 est
430 1442 570 1481 cum
601 1420 898 1482 Groslotii
929 1421 1168 1494 codice,
1204 1430 1310 1480 aut
1337 1419 1535 1481 Fulvii
1564 1419 1796 1495 Ursini,
1824 1423 1904 1484 de

118 1512 242 1594 quo
271 1513 491 1574 videsis
521 1523 732 1574 notata
759 1516 838 1583 ad
864 1515 1053 1576 vitam
1084 1513 1396 1595 Agricolae
1427 1532 1480 1573 c.
1521 1521 1610 1572 19.

203 1610 508 1689 Agricolae
536 1612 710 1672 vitam
738 1611 906 1691 quod
935 1619 1194 1691 spectat,
1224 1609 1542 1690 Bipontini
1571 1611 1649 1670 ad
1679 1631 1811 1692 cap.
1846 1621 1906 1671 3.

27 1711 30 1713 ’
63 1746 65 1749 .
119 1715 350 1786 negant
394 1687 796 1790 {Puteolano
832 1699 1078 1768 editam.
1165 1705 1416 1783 Scilicet
1457 1704 1663 1765 Taciti
1701 1726 1907 1767 exem-

117 1803 312 1887 plum,
341 1805 506 1885 quod
554 1804 972 1886 possidebant,
1003 1823 1076 1864 ea
1120 1803 1403 1877 carebat3
1450 1801 1514 1861 in
1563 1822 1703 1875 meo
1733 1804 1907 1865 adest

119 1901 396 1983 omninO,
452 1901 561 1961 sed
615 1899 962 1981 separatim,
1016 1898 1165 1958 licet
1221 1898 1440 1974 eodem
1504 1917 1666 1971 anno
1728 1907 1906 1973 1497,

122 1987 304 2077 edita.
915 2075 917 2077 ι
1409 1998 1421 2073 J
1699 2063 1701 2065 v

153 2167 157 2170 Α
206 2093 312 2155 Ad
339 2092 664 2171 Dialogum
703 2093 773 2150 de
802 2088 1150 2149 Oratoribus
1197 2098 1319 2150 tres
1355 2087 1691 2162 Vaticanos
1742 2093 1913 2153 codi-

128 2176 231 2251 ces
260 2187 523 2251 contulit
567 2185 904 2259 BroteriUS,
942 2186 1047 2270 qui
1077 2184 1272 2266 Lipsii
1311 2184 1693 2266 diligentiam
1736 2186 1913 2269 fuge-

124 2270 279 2346 rant.
332 2278 334 2281 ⁵
365 2284 427 2345 Is
456 2271 620 2344 enim
651 2271 1069 2354 Germaniam,
1095 2280 1451 2362 Agricolam
1481 2291 1544 2343 et
1572 2282 1907 2365 Dialogum

123 2380 437 2440 laudatum
493 2400 529 2439 a
581 2377 899 2439 Vaticanis
956 2375 1176 2437 afuisse
1232 2376 1461 2437 scribit.
1574 2377 1907 2460 Dialogum

127 2474 294 2536 hunc
335 2494 601 2555 nuperus
630 2473 896 2533 auctoris
941 2473 1131 2532 nostri
1180 2471 1480 2552 interpres
1525 2473 1779 2535 Dureau
1829 2477 1910 2536 de

130 2568 401 2629 Lamalle
445 2567 668 2629 Tacito
707 2569 868 2629 bene
915 2567 1269 2627 vindicavit.
1358 2566 1530 2628 Inter
1574 2568 1689 2628 alia
1735 2590 1911 2650 argu-

133 2675 344 2726 mento
373 2664 555 2725 etiam
606 2686 640 2723 a
668 2663 918 2724 dicendi
965 2662 1174 2722 formis
1205 2662 1493 2723 Cornelio
1532 2664 1740 2737 suetiS,
1771 2685 1915 2744 qua-

129 2760 219 2822 les
232 2761 463 2839 firmam
499 2760 670 2819 alicui
716 2760 1098 2831 circumdare,
1137 2760 1393 2818 inserere
1413 2760 1706 2835 ffirtzmoe,
1726 2762 1921 2838 famoe

136 2865 256 2918 ete.

221 2950 295 3009 In
325 2949 519 3031 Lipsii
548 2949 709 3010 notis
749 2948 888 3009 loca
915 2958 1233 3009 auctorum
1263 2950 1339 3010 ab
1383 2970 1458 3010 eo
1487 2950 1754 3013 excitata
1792 2962 1914 3027 stu-

137 3047 306 3108 diose
353 3045 585 3107 contuli
632 3053 694 3105 et
720 3044 1021 3105 lectorum
1065 3045 1127 3103 in
1171 3046 1425 3125 gratiam
1455 3048 1801 3108 adcuratius
1829 3050 1920 3109 in-

141 3140 363 3213 dicavi,
418 3141 674 3201 subinde
738 3140 920 3201 etiam
991 3149 1186 3200 errata
1241 3142 1529 3220 quaedam.
1577 3145 1917 3203 emendavi.

146 3236 319 3297 Idem
349 3235 410 3293 in
445 3234 795 3294 Heinsianis
818 3234 1094 3315 praestiti,
1118 3255 1267 3314 quas
1297 3255 1374 3295 ex
1399 3236 1623 3317 Ryckii
1654 3238 1921 3300 animad-

145 3330 522 3392 versionibus
573 3328 893 3409 aliquoties
932 3328 1091 3387 auxi.
1181 3328 1337 3389 Satis
1368 3331 1529 3390 enim
1574 3352 1738 3392 nunc
1778 3353 1921 3393 con-

147 3434 286 3499 stat,
323 3427 485 3506 apud
526 3425 689 3484 hunc
739 3425 849 3483 sub
900 3424 1079 3483 amici
1127 3425 1374 3486 nomine
1419 3426 1559 3486 Nic.
1599 3426 1922 3499 Heinsium
