<?xml version="1.0" encoding="UTF-8"?>
<!DOCTYPE html PUBLIC "-//W3C//DTD XHTML 1.0 Transitional//EN"
    "http://www.w3.org/TR/xhtml1/DTD/xhtml1-transitional.dtd">
<html xmlns="http://www.w3.org/1999/xhtml" xml:lang="en" lang="en">
 <head>
  <title>
</title>
<meta http-equiv="Content-Type" content="text/html;charset=utf-8" />
  <meta name='ocr-system' content='tesseract 3.04.00' />
  <meta name='ocr-capabilities' content='ocr_page ocr_carea ocr_par ocr_line ocrx_word'/>
</head>
<body>
  <div class='ocr_page' id='page_1' title='image "./p1operaexrecensi02taciuoft_0273.png"; bbox 0 0 2190 3880; ppageno 0'>
   <div class='ocr_carea' id='block_1_1' title="bbox 6 130 2007 1913">
    <p class='ocr_par' dir='ltr' id='par_1_1' title="bbox 6 130 2007 1913">
     <span class='ocr_line' id='line_1_1' title="bbox 627 130 1874 191; baseline 0 -9"><span class='ocrx_word' id='word_1_1' title='bbox 627 130 783 182; x_wconf 85' lang='lat' dir='ltr'><strong>LIB.</strong></span> <span class='ocrx_word' id='word_1_2' title='bbox 815 130 903 182; x_wconf 87' lang='lat' dir='ltr'><strong>IV.</strong></span> <span class='ocrx_word' id='word_1_3' title='bbox 958 131 1120 181; x_wconf 83' lang='lat' dir='ltr'><strong>cAP.</strong></span> <span class='ocrx_word' id='word_1_4' title='bbox 1156 133 1246 183; x_wconf 70' lang='grc'><strong>14.-</strong></span> <span class='ocrx_word' id='word_1_5' title='bbox 1778 138 1874 191; x_wconf 75' lang='lat'><strong>251</strong></span> 
     </span>
     <span class='ocr_line' id='line_1_2' title="bbox 64 255 2007 336; baseline 0.002 -19.947"><span class='ocrx_word' id='word_1_6' title='bbox 64 260 252 334; x_wconf 70' lang='lat' dir='ltr'><strong>stirpe,</strong></span> <span class='ocrx_word' id='word_1_7' title='bbox 274 259 446 315; x_wconf 91' lang='lat' dir='ltr'><strong>multo</strong></span> <span class='ocrx_word' id='word_1_8' title='bbox 469 255 677 314; x_wconf 80' lang='lat' dir='ltr'><strong>ceteros</strong></span> <span class='ocrx_word' id='word_1_9' title='bbox 711 260 1011 313; x_wconf 82' lang='lat' dir='ltr'><strong>anteibant.</strong></span> <span class='ocrx_word' id='word_1_10' title='bbox 1085 258 1335 312; x_wconf 83' lang='lat' dir='ltr'><strong>Paullum</strong></span> <span class='ocrx_word' id='word_1_11' title='bbox 1363 258 1622 315; x_wconf 80' lang='lat' dir='ltr'>Fonteius</span> <span class='ocrx_word' id='word_1_12' title='bbox 1650 262 1870 336; x_wconf 89' lang='lat' dir='ltr'><strong>Capito,</strong></span> <span class='ocrx_word' id='word_1_13' title='bbox 1884 280 1931 322; x_wconf 85' lang='grc' dir='ltr'><strong>Α.</strong></span> <span class='ocrx_word' id='word_1_14' title='bbox 1950 282 2007 327; x_wconf 83' lang='lat' dir='ltr'><strong>U.</strong></span> 
     </span>
     <span class='ocr_line' id='line_1_3' title="bbox 29 330 1993 403; baseline 0.001 -15"><span class='ocrx_word' id='word_1_15' title='bbox 29 334 37 340; x_wconf 48' lang='lat'><strong>⁸</strong></span> <span class='ocrx_word' id='word_1_16' title='bbox 63 333 204 388; x_wconf 84' lang='lat' dir='ltr'><strong>falso</strong></span> <span class='ocrx_word' id='word_1_17' title='bbox 240 332 543 388; x_wconf 85' lang='lat' dir='ltr'>rebellionis</span> <span class='ocrx_word' id='word_1_18' title='bbox 571 333 815 399; x_wconf 90' lang='lat' dir='ltr'><strong>crimine,</strong></span> <span class='ocrx_word' id='word_1_19' title='bbox 844 330 1136 385; x_wconf 79' lang='lat' dir='ltr'><strong>interfecit.</strong></span> <span class='ocrx_word' id='word_1_20' title='bbox 1184 330 1412 401; x_wconf 89' lang='lat' dir='ltr'><strong>Injectae</strong></span> <span class='ocrx_word' id='word_1_21' title='bbox 1443 331 1606 386; x_wconf 91' lang='lat' dir='ltr'><strong>Civili</strong></span> <span class='ocrx_word' id='word_1_22' title='bbox 1641 347 1868 403; x_wconf 85' lang='lat' dir='ltr'><strong>catenae,</strong></span> <span class='ocrx_word' id='word_1_23' title='bbox 1900 338 1993 376; x_wconf 80' lang='lat'><strong>823-</strong></span> 
     </span>
     <span class='ocr_line' id='line_1_4' title="bbox 6 388 1998 486; baseline 0.001 -27"><span class='ocrx_word' id='word_1_24' title='bbox 6 429 13 472; x_wconf 61' lang='lat' dir='ltr'>j</span> <span class='ocrx_word' id='word_1_25' title='bbox 66 407 371 475; x_wconf 85' lang='lat' dir='ltr'><strong>missusque</strong></span> <span class='ocrx_word' id='word_1_26' title='bbox 408 405 476 457; x_wconf 87' lang='lat' dir='ltr'><strong>ad</strong></span> <span class='ocrx_word' id='word_1_27' title='bbox 521 404 792 457; x_wconf 88' lang='lat' dir='ltr'>Neronem</span> <span class='ocrx_word' id='word_1_28' title='bbox 833 416 887 456; x_wconf 92' lang='lat' dir='ltr'><strong>et</strong></span> <span class='ocrx_word' id='word_1_29' title='bbox 915 423 948 456; x_wconf 88' lang='lat' dir='ltr'><strong>a</strong></span> <span class='ocrx_word' id='word_1_30' title='bbox 978 403 1157 457; x_wconf 85' lang='lat' dir='ltr'>Galba</span> <span class='ocrx_word' id='word_1_31' title='bbox 1193 402 1489 468; x_wconf 80' lang='lat' dir='ltr'><strong>absolutus,</strong></span> <span class='ocrx_word' id='word_1_32' title='bbox 1517 406 1617 457; x_wconf 91' lang='lat' dir='ltr'><strong>sub</strong></span> <span class='ocrx_word' id='word_1_33' title='bbox 1646 388 1998 486; x_wconf 49' lang='lat' dir='ltr'><strong>VitellioAfoc·</strong></span> 
     </span>
     <span class='ocr_line' id='line_1_5' title="bbox 18 471 1978 548; baseline 0.001 -18"><span class='ocrx_word' id='word_1_34' title='bbox 18 478 38 542; x_wconf 79' lang='lat' dir='ltr'><strong>-j</strong></span> <span class='ocrx_word' id='word_1_35' title='bbox 65 494 247 539; x_wconf 83' lang='lat' dir='ltr'><strong>rursus</strong></span> <span class='ocrx_word' id='word_1_36' title='bbox 271 474 750 542; x_wconf 64' lang='lat' dir='ltr'><strong>discrimen&#39;adiit,</strong></span> <span class='ocrx_word' id='word_1_37' title='bbox 777 474 1423 548; x_wconf 78' lang='lat' dir='ltr'><strong>flagitante&#39;supplicium</strong></span> <span class='ocrx_word' id='word_1_38' title='bbox 1461 475 1578 546; x_wconf 78' lang='lat' dir='ltr'><strong>ejus</strong></span> <span class='ocrx_word' id='word_1_39' title='bbox 1604 479 1868 531; x_wconf 80' lang='lat' dir='ltr'><strong>exercitu.</strong></span> <span class='ocrx_word' id='word_1_40' title='bbox 1963 471 1978 482; x_wconf 79' lang='grc'>’</span> 
     </span>
     <span class='ocr_line' id='line_1_6' title="bbox 33 545 1909 619; baseline 0 -18"><span class='ocrx_word' id='word_1_41' title='bbox 33 549 35 552; x_wconf 74' lang='grc'><strong>’</strong></span> <span class='ocrx_word' id='word_1_42' title='bbox 68 545 206 601; x_wconf 86' lang='lat' dir='ltr'><strong>Inde</strong></span> <span class='ocrx_word' id='word_1_43' title='bbox 226 566 430 602; x_wconf 85' lang='lat' dir='ltr'><strong>caussae</strong></span> <span class='ocrx_word' id='word_1_44' title='bbox 457 549 677 614; x_wconf 85' lang='lat' dir='ltr'><strong>irarum,</strong></span> <span class='ocrx_word' id='word_1_45' title='bbox 704 566 931 619; x_wconf 87' lang='lat' dir='ltr'><strong>spesque</strong></span> <span class='ocrx_word' id='word_1_46' title='bbox 956 567 1024 600; x_wconf 86' lang='lat' dir='ltr'><strong>ex</strong></span> <span class='ocrx_word' id='word_1_47' title='bbox 1055 549 1208 599; x_wconf 87' lang='lat' dir='ltr'><strong>malis</strong></span> <span class='ocrx_word' id='word_1_48' title='bbox 1236 546 1452 598; x_wconf 79' lang='lat' dir='ltr'><strong>nostris,</strong></span> <span class='ocrx_word' id='word_1_49' title='bbox 1526 547 1632 600; x_wconf 87' lang='lat' dir='ltr'><strong>Sed</strong></span> <span class='ocrx_word' id='word_1_50' title='bbox 1657 547 1871 614; x_wconf 83' lang='lat' dir='ltr'><strong>Civilis,</strong></span> <span class='ocrx_word' id='word_1_51' title='bbox 1907 576 1909 578; x_wconf 29' lang='lat' dir='ltr'>v</span> 
     </span>
     <span class='ocr_line' id='line_1_7' title="bbox 27 617 1876 691; baseline 0.001 -19"><span class='ocrx_word' id='word_1_52' title='bbox 27 683 30 686; x_wconf 89' lang='lat'><strong>.</strong></span> <span class='ocrx_word' id='word_1_53' title='bbox 64 618 209 673; x_wconf 84' lang='lat' dir='ltr'><strong>ultra</strong></span> <span class='ocrx_word' id='word_1_54' title='bbox 233 637 395 690; x_wconf 87' lang='lat' dir='ltr'><strong>quam</strong></span> <span class='ocrx_word' id='word_1_55' title='bbox 426 620 665 672; x_wconf 87' lang='lat' dir='ltr'><strong>barbaris</strong></span> <span class='ocrx_word' id='word_1_56' title='bbox 693 619 931 684; x_wconf 91' lang='lat' dir='ltr'><strong>solitum,</strong></span> <span class='ocrx_word' id='word_1_57' title='bbox 954 619 1175 691; x_wconf 83' lang='lat' dir='ltr'><strong>ingenio</strong></span> <span class='ocrx_word' id='word_1_58' title='bbox 1200 617 1400 683; x_wconf 81' lang='lat' dir='ltr'><strong>sollerS,</strong></span> <span class='ocrx_word' id='word_1_59' title='bbox 1422 628 1478 670; x_wconf 91' lang='lat' dir='ltr'><strong>et</strong></span> <span class='ocrx_word' id='word_1_60' title='bbox 1502 617 1784 672; x_wconf 78' lang='lat' dir='ltr'><strong>Sertorium</strong></span> <span class='ocrx_word' id='word_1_61' title='bbox 1804 639 1876 685; x_wconf 83' lang='lat' dir='ltr'><strong>se,</strong></span> 
     </span>
     <span class='ocr_line' id='line_1_8' title="bbox 23 687 1872 757; baseline -0.001 -12"><span class='ocrx_word' id='word_1_62' title='bbox 23 687 38 717; x_wconf 30' lang='grc' dir='ltr'><em>Γ</em></span> <span class='ocrx_word' id='word_1_63' title='bbox 62 702 162 757; x_wconf 62' lang='grc' dir='ltr'><strong>ειη</strong></span> <span class='ocrx_word' id='word_1_64' title='bbox 195 690 555 744; x_wconf 78' lang='lat' dir='ltr'><strong>Hannibalem</strong></span> <span class='ocrx_word' id='word_1_65' title='bbox 593 690 787 756; x_wconf 82' lang='lat' dir='ltr'><strong>ferenS,</strong></span> <span class='ocrx_word' id='word_1_66' title='bbox 825 691 985 742; x_wconf 90' lang='lat' dir='ltr'><strong>simili</strong></span> <span class='ocrx_word' id='word_1_67' title='bbox 1024 691 1132 742; x_wconf 85' lang='lat' dir='ltr'><strong>oris</strong></span> <span class='ocrx_word' id='word_1_68' title='bbox 1175 689 1676 756; x_wconf 87' lang='lat' dir='ltr'><strong>dehonestamento,</strong></span> <span class='ocrx_word' id='word_1_69' title='bbox 1702 708 1771 743; x_wconf 89' lang='lat' dir='ltr'><strong>ne</strong></span> <span class='ocrx_word' id='word_1_70' title='bbox 1808 706 1872 744; x_wconf 87' lang='lat' dir='ltr'><strong>ut</strong></span> 
     </span>
     <span class='ocr_line' id='line_1_9' title="bbox 29 761 1875 832; baseline 0 -16"><span class='ocrx_word' id='word_1_71' title='bbox 29 764 36 826; x_wconf 42' lang='grc' dir='ltr'>ᾗ</span> <span class='ocrx_word' id='word_1_72' title='bbox 64 761 212 823; x_wconf 79' lang='lat' dir='ltr'><strong>hosti</strong></span> <span class='ocrx_word' id='word_1_73' title='bbox 239 764 457 816; x_wconf 86' lang='lat' dir='ltr'><strong>obviam</strong></span> <span class='ocrx_word' id='word_1_74' title='bbox 484 764 668 826; x_wconf 90' lang='lat' dir='ltr'><strong>iretur,</strong></span> <span class='ocrx_word' id='word_1_75' title='bbox 693 763 735 814; x_wconf 91' lang='lat' dir='ltr'><strong>si</strong></span> <span class='ocrx_word' id='word_1_76' title='bbox 765 782 795 814; x_wconf 87' lang='lat' dir='ltr'><strong>a</strong></span> <span class='ocrx_word' id='word_1_77' title='bbox 821 761 1032 831; x_wconf 88' lang='lat' dir='ltr'><strong>Populo</strong></span> <span class='ocrx_word' id='word_1_78' title='bbox 1058 761 1310 813; x_wconf 87' lang='lat' dir='ltr'><strong>Romano</strong></span> <span class='ocrx_word' id='word_1_79' title='bbox 1336 761 1509 832; x_wconf 86' lang='lat' dir='ltr'><strong>palam</strong></span> <span class='ocrx_word' id='word_1_80' title='bbox 1535 762 1875 830; x_wconf 77' lang='lat' dir='ltr'><strong>descivisset,</strong></span> 
     </span>
     <span class='ocr_line' id='line_1_10' title="bbox 66 833 1871 907; baseline 0 -20"><span class='ocrx_word' id='word_1_81' title='bbox 66 833 396 907; x_wconf 89' lang='lat' dir='ltr'><strong>Vespasiani·</strong></span> <span class='ocrx_word' id='word_1_82' title='bbox 414 834 710 887; x_wconf 83' lang='lat' dir='ltr'><strong>amicitiam</strong></span> <span class='ocrx_word' id='word_1_83' title='bbox 741 834 1088 903; x_wconf 84' lang='lat' dir='ltr'><strong>studiumque</strong></span> <span class='ocrx_word' id='word_1_84' title='bbox 1114 834 1352 903; x_wconf 89' lang='lat' dir='ltr'><strong>partium</strong></span> <span class='ocrx_word' id='word_1_85' title='bbox 1383 835 1707 903; x_wconf 80' lang='lat' dir='ltr'><strong>praetendit:</strong></span> <span class='ocrx_word' id='word_1_86' title='bbox 1742 836 1871 887; x_wconf 86' lang='lat' dir='ltr'><strong>mis-</strong></span> 
     </span>
     <span class='ocr_line' id='line_1_11' title="bbox 68 904 1891 974; baseline 0.002 -17"><span class='ocrx_word' id='word_1_87' title='bbox 68 905 141 958; x_wconf 70' lang='lat' dir='ltr'><strong>sis</strong></span> <span class='ocrx_word' id='word_1_88' title='bbox 167 924 295 959; x_wconf 86' lang='lat' dir='ltr'><strong>sane</strong></span> <span class='ocrx_word' id='word_1_89' title='bbox 329 905 395 957; x_wconf 85' lang='lat' dir='ltr'><strong>ad</strong></span> <span class='ocrx_word' id='word_1_90' title='bbox 423 923 546 957; x_wconf 91' lang='lat' dir='ltr'><strong>eum</strong></span> <span class='ocrx_word' id='word_1_91' title='bbox 579 904 747 957; x_wconf 87' lang='lat' dir='ltr'><strong>Primi</strong></span> <span class='ocrx_word' id='word_1_92' title='bbox 786 904 1014 957; x_wconf 88' lang='lat' dir='ltr'><strong>Antonii</strong></span> <span class='ocrx_word' id='word_1_93' title='bbox 1044 905 1258 969; x_wconf 81' lang='lat' dir='ltr'><strong>litteriS,</strong></span> <span class='ocrx_word' id='word_1_94' title='bbox 1286 905 1502 974; x_wconf 80' lang='lat' dir='ltr'><strong>quibuS,</strong></span> <span class='ocrx_word' id='word_1_95' title='bbox 1538 912 1761 959; x_wconf 74' lang='lat' dir='ltr'><strong>avertere</strong></span> <span class='ocrx_word' id='word_1_96' title='bbox 1786 926 1891 963; x_wconf 85' lang='lat' dir='ltr'><strong>ac-.</strong></span> 
     </span>
     <span class='ocr_line' id='line_1_12' title="bbox 12 974 1875 1046; baseline 0.001 -16"><span class='ocrx_word' id='word_1_97' title='bbox 12 992 38 1046; x_wconf 37' lang='lat' dir='ltr'><strong>g</strong></span> <span class='ocrx_word' id='word_1_98' title='bbox 67 978 173 1030; x_wconf 84' lang='lat' dir='ltr'><strong>cita</strong></span> <span class='ocrx_word' id='word_1_99' title='bbox 215 974 421 1029; x_wconf 76' lang='lat' dir='ltr'><strong>Vitellio</strong></span> <span class='ocrx_word' id='word_1_100' title='bbox 458 975 656 1029; x_wconf 81' lang='lat' dir='ltr'><strong>auxilia</strong></span> <span class='ocrx_word' id='word_1_101' title='bbox 694 986 759 1041; x_wconf 82' lang='lat' dir='ltr'><strong>et,</strong></span> <span class='ocrx_word' id='word_1_102' title='bbox 795 977 1040 1028; x_wconf 78' lang='lat' dir='ltr'><strong>tumultus</strong></span> <span class='ocrx_word' id='word_1_103' title='bbox 1078 975 1379 1028; x_wconf 79' lang='lat' dir='ltr'><strong>Germanici</strong></span> <span class='ocrx_word' id='word_1_104' title='bbox 1411 977 1586 1046; x_wconf 80' lang='lat' dir='ltr'><strong>specie,</strong></span> <span class='ocrx_word' id='word_1_105' title='bbox 1622 986 1875 1032; x_wconf 75' lang='lat' dir='ltr'><strong>retentare</strong></span> 
     </span>
     <span class='ocr_line' id='line_1_13' title="bbox 31 1047 1873 1120; baseline 0.001 -19"><span class='ocrx_word' id='word_1_106' title='bbox 31 1047 302 1120; x_wconf 37' lang='lat' dir='ltr'><strong>&#39;legionen</strong></span> <span class='ocrx_word' id='word_1_107' title='bbox 333 1049 652 1119; x_wconf 88' lang='lat' dir='ltr'><strong>jubebatur.</strong></span> <span class='ocrx_word' id='word_1_108' title='bbox 727 1047 928 1100; x_wconf 89' lang='lat' dir='ltr'><strong>Eadem</strong></span> <span class='ocrx_word' id='word_1_109' title='bbox 977 1048 1324 1100; x_wconf 88' lang='lat' dir='ltr'><strong>Hordeonius</strong></span> <span class='ocrx_word' id='word_1_110' title='bbox 1365 1047 1590 1100; x_wconf 81' lang='lat' dir='ltr'><strong>Flaccus</strong></span> <span class='ocrx_word' id='word_1_111' title='bbox 1638 1068 1873 1120; x_wconf 80' lang='lat' dir='ltr'><strong>praesens</strong></span> 
     </span>
     <span class='ocr_line' id='line_1_14' title="bbox 64 1120 1874 1191; baseline 0.001 -17"><span class='ocrx_word' id='word_1_112' title='bbox 64 1133 368 1185; x_wconf 84' lang='lat' dir='ltr'><strong>monuerat,</strong></span> <span class='ocrx_word' id='word_1_113' title='bbox 403 1120 664 1172; x_wconf 90' lang='lat' dir='ltr'><strong>inclinato</strong></span> <span class='ocrx_word' id='word_1_114' title='bbox 705 1120 760 1172; x_wconf 90' lang='lat' dir='ltr'><strong>in</strong></span> <span class='ocrx_word' id='word_1_115' title='bbox 797 1120 1187 1190; x_wconf 85' lang='lat' dir='ltr'><strong>Vespasianum</strong></span> <span class='ocrx_word' id='word_1_116' title='bbox 1217 1120 1418 1184; x_wconf 78' lang='lat' dir='ltr'><strong>enimc,</strong></span> <span class='ocrx_word' id='word_1_117' title='bbox 1445 1131 1500 1170; x_wconf 90' lang='lat' dir='ltr'><strong>et</strong></span> <span class='ocrx_word' id='word_1_118' title='bbox 1531 1120 1874 1191; x_wconf 81' lang='lat' dir='ltr'><strong>Reipublicae</strong></span> 
     </span>
     <span class='ocr_line' id='line_1_15' title="bbox 16 1190 1873 1262; baseline 0 -16"><span class='ocrx_word' id='word_1_119' title='bbox 16 1216 38 1250; x_wconf 75' lang='grc'><strong>·,</strong></span> <span class='ocrx_word' id='word_1_120' title='bbox 63 1209 230 1260; x_wconf 82' lang='lat' dir='ltr'><strong>cura3</strong></span> <span class='ocrx_word' id='word_1_121' title='bbox 270 1191 358 1245; x_wconf 90' lang='lat' dir='ltr'><strong>cui</strong></span> <span class='ocrx_word' id='word_1_122' title='bbox 394 1191 667 1244; x_wconf 86' lang='lat' dir='ltr'><strong>excidium</strong></span> <span class='ocrx_word' id='word_1_123' title='bbox 696 1192 1040 1255; x_wconf 81' lang='lat' dir='ltr'><strong>adventabat,</strong></span> <span class='ocrx_word' id='word_1_124' title='bbox 1066 1191 1108 1242; x_wconf 89' lang='lat' dir='ltr'><strong>si</strong></span> <span class='ocrx_word' id='word_1_125' title='bbox 1133 1190 1560 1262; x_wconf 83' lang='lat' dir='ltr'><strong>redintegratum</strong></span> <span class='ocrx_word' id='word_1_126' title='bbox 1590 1192 1787 1248; x_wconf 87' lang='lat' dir='ltr'><strong>bellum</strong></span> <span class='ocrx_word' id='word_1_127' title='bbox 1817 1206 1873 1246; x_wconf 90' lang='lat' dir='ltr'><strong>et</strong></span> 
     </span>
     <span class='ocr_line' id='line_1_16' title="bbox 18 1262 1872 1334; baseline 0 -17"><span class='ocrx_word' id='word_1_128' title='bbox 18 1300 23 1304; x_wconf 96' lang='lat'>-</span> <span class='ocrx_word' id='word_1_129' title='bbox 66 1273 153 1317; x_wconf 87' lang='lat' dir='ltr'><strong>tot</strong></span> <span class='ocrx_word' id='word_1_130' title='bbox 196 1276 524 1317; x_wconf 84' lang='lat' dir='ltr'><strong>armatorum</strong></span> <span class='ocrx_word' id='word_1_131' title='bbox 566 1263 730 1316; x_wconf 89' lang='lat' dir='ltr'><strong>millia</strong></span> <span class='ocrx_word' id='word_1_132' title='bbox 769 1263 982 1316; x_wconf 86' lang='lat' dir='ltr'><strong>Italiam</strong></span> <span class='ocrx_word' id='word_1_133' title='bbox 1022 1262 1371 1332; x_wconf 85' lang='lat' dir='ltr'><strong>inrupissent.</strong></span> <span class='ocrx_word' id='word_1_134' title='bbox 1444 1262 1623 1334; x_wconf 82' lang='lat' dir='ltr'><strong>Igitur</strong></span> <span class='ocrx_word' id='word_1_135' title='bbox 1661 1263 1872 1332; x_wconf 92' lang='lat' dir='ltr'><strong>Civilis,</strong></span> 
     </span>
     <span class='ocr_line' id='line_1_17' title="bbox 69 1334 1875 1402; baseline 0.001 -14"><span class='ocrx_word' id='word_1_136' title='bbox 69 1335 405 1395; x_wconf 84' lang='lat' dir='ltr'><strong>desciscendi</strong></span> <span class='ocrx_word' id='word_1_137' title='bbox 432 1347 628 1401; x_wconf 88' lang='lat' dir='ltr'><strong>certus,</strong></span> <span class='ocrx_word' id='word_1_138' title='bbox 654 1335 928 1388; x_wconf 87' lang='lat' dir='ltr'><strong>occultato</strong></span> <span class='ocrx_word' id='word_1_139' title='bbox 964 1334 1175 1386; x_wconf 87' lang='lat' dir='ltr'><strong>interim</strong></span> <span class='ocrx_word' id='word_1_140' title='bbox 1206 1335 1396 1386; x_wconf 86' lang='lat' dir='ltr'><strong>altiore</strong></span> <span class='ocrx_word' id='word_1_141' title='bbox 1422 1335 1668 1402; x_wconf 89' lang='lat' dir='ltr'><strong>consilio,</strong></span> <span class='ocrx_word' id='word_1_142' title='bbox 1695 1347 1875 1390; x_wconf 87' lang='lat' dir='ltr'><strong>cetera</strong></span> 
     </span>
     <span class='ocr_line' id='line_1_18' title="bbox 67 1405 1874 1477; baseline 0.001 -17"><span class='ocrx_word' id='word_1_143' title='bbox 67 1424 139 1460; x_wconf 87' lang='lat' dir='ltr'><strong>ex</strong></span> <span class='ocrx_word' id='word_1_144' title='bbox 166 1418 363 1460; x_wconf 88' lang='lat' dir='ltr'><strong>eventu</strong></span> <span class='ocrx_word' id='word_1_145' title='bbox 393 1407 755 1476; x_wconf 78' lang='lat' dir='ltr'><strong>judicaturuS,</strong></span> <span class='ocrx_word' id='word_1_146' title='bbox 782 1425 982 1459; x_wconf 84' lang='lat' dir='ltr'><strong>novare</strong></span> <span class='ocrx_word' id='word_1_147' title='bbox 1007 1424 1088 1458; x_wconf 88' lang='lat' dir='ltr'><strong>res</strong></span> <span class='ocrx_word' id='word_1_148' title='bbox 1117 1405 1223 1458; x_wconf 91' lang='lat' dir='ltr'><strong>hoc</strong></span> <span class='ocrx_word' id='word_1_149' title='bbox 1251 1406 1413 1458; x_wconf 91' lang='lat' dir='ltr'><strong>modo</strong></span> <span class='ocrx_word' id='word_1_150' title='bbox 1442 1407 1634 1477; x_wconf 85' lang='lat' dir='ltr'><strong>coepit.</strong></span> <span class='ocrx_word' id='word_1_151' title='bbox 1707 1407 1874 1462; x_wconf 89' lang='lat' dir='ltr'><strong>Jussu</strong></span> 
     </span>
     <span class='ocr_line' id='line_1_19' title="bbox 66 1477 1873 1550; baseline 0.001 -18"><span class='ocrx_word' id='word_1_152' title='bbox 66 1478 295 1545; x_wconf 85' lang='lat' dir='ltr'><strong>Vitellii,</strong></span> <span class='ocrx_word' id='word_1_153' title='bbox 319 1479 649 1531; x_wconf 87' lang='lat' dir='ltr'><strong>Batavorum</strong></span> <span class='ocrx_word' id='word_1_154' title='bbox 668 1479 931 1550; x_wconf 86' lang='lat' dir='ltr'><strong>juventus</strong></span> <span class='ocrx_word' id='word_1_155' title='bbox 954 1478 1020 1530; x_wconf 89' lang='lat' dir='ltr'><strong>ad</strong></span> <span class='ocrx_word' id='word_1_156' title='bbox 1047 1477 1314 1530; x_wconf 86' lang='lat' dir='ltr'><strong>delectum</strong></span> <span class='ocrx_word' id='word_1_157' title='bbox 1343 1479 1662 1545; x_wconf 81' lang='lat' dir='ltr'><strong>vocabatur3</strong></span> <span class='ocrx_word' id='word_1_158' title='bbox 1693 1499 1873 1549; x_wconf 82' lang='lat' dir='ltr'><strong>quern,</strong></span> 
     </span>
     <span class='ocr_line' id='line_1_20' title="bbox 70 1549 1872 1622; baseline 0.001 -18"><span class='ocrx_word' id='word_1_159' title='bbox 70 1563 261 1622; x_wconf 80' lang='lat' dir='ltr'><strong>suapte</strong></span> <span class='ocrx_word' id='word_1_160' title='bbox 287 1562 477 1603; x_wconf 89' lang='lat' dir='ltr'><strong>natura</strong></span> <span class='ocrx_word' id='word_1_161' title='bbox 503 1568 742 1620; x_wconf 88' lang='lat' dir='ltr'><strong>gravem,</strong></span> <span class='ocrx_word' id='word_1_162' title='bbox 770 1551 1067 1603; x_wconf 86' lang='lat' dir='ltr'><strong>onerabant</strong></span> <span class='ocrx_word' id='word_1_163' title='bbox 1095 1549 1327 1601; x_wconf 89' lang='lat' dir='ltr'><strong>ministri</strong></span> <span class='ocrx_word' id='word_1_164' title='bbox 1370 1551 1596 1602; x_wconf 86' lang='lat' dir='ltr'><strong>avaritia</strong></span> <span class='ocrx_word' id='word_1_165' title='bbox 1623 1570 1686 1602; x_wconf 91' lang='lat' dir='ltr'><strong>ac</strong></span> <span class='ocrx_word' id='word_1_166' title='bbox 1720 1551 1872 1620; x_wconf 85' lang='lat' dir='ltr'><strong>luxu,</strong></span> 
     </span>
     <span class='ocr_line' id='line_1_21' title="bbox 70 1622 1871 1692; baseline 0.002 -17"><span class='ocrx_word' id='word_1_167' title='bbox 70 1639 223 1676; x_wconf 89' lang='lat' dir='ltr'><strong>senes</strong></span> <span class='ocrx_word' id='word_1_168' title='bbox 267 1634 362 1676; x_wconf 88' lang='lat' dir='ltr'><strong>aut</strong></span> <span class='ocrx_word' id='word_1_169' title='bbox 401 1622 667 1675; x_wconf 89' lang='lat' dir='ltr'><strong>invalidos</strong></span> <span class='ocrx_word' id='word_1_170' title='bbox 704 1622 1090 1692; x_wconf 81' lang='lat' dir='ltr'><strong>conquirendO,</strong></span> <span class='ocrx_word' id='word_1_171' title='bbox 1131 1639 1267 1691; x_wconf 87' lang='lat' dir='ltr'><strong>quos</strong></span> <span class='ocrx_word' id='word_1_172' title='bbox 1305 1622 1479 1692; x_wconf 87' lang='lat' dir='ltr'><strong>pretio</strong></span> <span class='ocrx_word' id='word_1_173' title='bbox 1516 1622 1871 1678; x_wconf 87' lang='lat' dir='ltr'><strong>dimitterent.</strong></span> 
     </span>
     <span class='ocr_line' id='line_1_22' title="bbox 68 1693 1872 1767; baseline -0.001 -18"><span class='ocrx_word' id='word_1_174' title='bbox 68 1712 252 1749; x_wconf 81' lang='lat' dir='ltr'><strong>rursus</strong></span> <span class='ocrx_word' id='word_1_175' title='bbox 295 1694 545 1765; x_wconf 77' lang='lat' dir='ltr'><strong>inpubeS,</strong></span> <span class='ocrx_word' id='word_1_176' title='bbox 574 1694 664 1747; x_wconf 90' lang='lat' dir='ltr'><strong>sed</strong></span> <span class='ocrx_word' id='word_1_177' title='bbox 705 1694 878 1752; x_wconf 88' lang='lat' dir='ltr'><strong>forma</strong></span> <span class='ocrx_word' id='word_1_178' title='bbox 914 1693 1194 1764; x_wconf 88' lang='lat' dir='ltr'><strong>conspicui</strong></span> <span class='ocrx_word' id='word_1_179' title='bbox 1222 1697 1302 1760; x_wconf 89' lang='lat' dir='ltr'><strong>(et</strong></span> <span class='ocrx_word' id='word_1_180' title='bbox 1338 1704 1419 1744; x_wconf 92' lang='lat' dir='ltr'><strong>est</strong></span> <span class='ocrx_word' id='word_1_181' title='bbox 1453 1693 1720 1764; x_wconf 84' lang='lat' dir='ltr'><strong>plerisque</strong></span> <span class='ocrx_word' id='word_1_182' title='bbox 1746 1715 1872 1767; x_wconf 88' lang='lat' dir='ltr'><strong>pro-</strong></span> 
     </span>
     <span class='ocr_line' id='line_1_23' title="bbox 69 1764 1872 1838; baseline 0 -18"><span class='ocrx_word' id='word_1_183' title='bbox 69 1783 194 1820; x_wconf 84' lang='lat' dir='ltr'><strong>cera</strong></span> <span class='ocrx_word' id='word_1_184' title='bbox 230 1767 484 1838; x_wconf 87' lang='lat' dir='ltr'><strong>pueritia)</strong></span> <span class='ocrx_word' id='word_1_185' title='bbox 514 1765 580 1818; x_wconf 91' lang='lat' dir='ltr'><strong>ad</strong></span> <span class='ocrx_word' id='word_1_186' title='bbox 626 1776 870 1838; x_wconf 87' lang='lat' dir='ltr'><strong>stuprum</strong></span> <span class='ocrx_word' id='word_1_187' title='bbox 906 1765 1279 1817; x_wconf 85' lang='lat' dir='ltr'><strong>trahebantur.</strong></span> <span class='ocrx_word' id='word_1_188' title='bbox 1355 1764 1504 1818; x_wconf 88' lang='lat' dir='ltr'><strong>Hine</strong></span> <span class='ocrx_word' id='word_1_189' title='bbox 1537 1766 1776 1821; x_wconf 87' lang='lat' dir='ltr'><strong>invidia:</strong></span> <span class='ocrx_word' id='word_1_190' title='bbox 1815 1779 1872 1820; x_wconf 90' lang='lat' dir='ltr'><strong>et</strong></span> 
     </span>
     <span class='ocr_line' id='line_1_24' title="bbox 28 1835 1873 1913; baseline 0.001 -21"><span class='ocrx_word' id='word_1_191' title='bbox 28 1908 31 1913; x_wconf 20' lang='lat' dir='ltr'><em>r</em></span> <span class='ocrx_word' id='word_1_192' title='bbox 67 1839 389 1911; x_wconf 80' lang='lat' dir='ltr'><strong>com-positae</strong></span> <span class='ocrx_word' id='word_1_193' title='bbox 417 1837 695 1891; x_wconf 87' lang='lat' dir='ltr'><strong>seditionis</strong></span> <span class='ocrx_word' id='word_1_194' title='bbox 718 1849 964 1892; x_wconf 87' lang='lat' dir='ltr'><strong>auctores</strong></span> <span class='ocrx_word' id='word_1_195' title='bbox 990 1835 1289 1909; x_wconf 88' lang='lat' dir='ltr'><strong>perpulere,</strong></span> <span class='ocrx_word' id='word_1_196' title='bbox 1317 1848 1378 1889; x_wconf 88' lang='lat' dir='ltr'><strong>ut</strong></span> <span class='ocrx_word' id='word_1_197' title='bbox 1404 1837 1672 1891; x_wconf 88' lang='lat' dir='ltr'><strong>delectum</strong></span> <span class='ocrx_word' id='word_1_198' title='bbox 1699 1841 1873 1893; x_wconf 89' lang='lat' dir='ltr'><strong>abnu-</strong></span> 
     </span>
    </p>
   </div>
   <div class='ocr_carea' id='block_1_2' title="bbox 1894 1277 1957 1326">
    <p class='ocr_par' dir='ltr' id='par_1_2' title="bbox 1894 1277 1957 1326">
     <span class='ocr_line' id='line_1_25' title="bbox 1894 1277 1957 1326; baseline 0.079 -5"><span class='ocrx_word' id='word_1_199' title='bbox 1894 1277 1957 1326; x_wconf 73' lang='lat'><strong>14</strong></span> 
     </span>
    </p>
   </div>
   <div class='ocr_carea' id='block_1_3' title="bbox 64 1994 944 2252">
    <p class='ocr_par' dir='ltr' id='par_1_3' title="bbox 64 1994 944 2252">
     <span class='ocr_line' id='line_1_26' title="bbox 66 1994 944 2043; baseline 0 -9"><span class='ocrx_word' id='word_1_200' title='bbox 66 1995 174 2042; x_wconf 80' lang='lat' dir='ltr'><strong>daeae,</strong></span> <span class='ocrx_word' id='word_1_201' title='bbox 209 1994 324 2032; x_wconf 87' lang='lat' dir='ltr'><strong>modo</strong></span> <span class='ocrx_word' id='word_1_202' title='bbox 356 1997 566 2043; x_wconf 77' lang='lat' dir='ltr'><strong>Antonius,</strong></span> <span class='ocrx_word' id='word_1_203' title='bbox 600 1995 716 2034; x_wconf 86' lang='lat' dir='ltr'><strong>modo</strong></span> <span class='ocrx_word' id='word_1_204' title='bbox 756 1995 944 2036; x_wconf 75' lang='lat' dir='ltr'><strong>Claudius</strong></span> 
     </span>
     <span class='ocr_line' id='line_1_27' title="bbox 64 2050 940 2103; baseline -0.001 -15"><span class='ocrx_word' id='word_1_205' title='bbox 64 2050 224 2089; x_wconf 83' lang='lat' dir='ltr'><strong>dicitur.</strong></span> <span class='ocrx_word' id='word_1_206' title='bbox 251 2050 348 2088; x_wconf 83' lang='lat' dir='ltr'><strong>Mox</strong></span> <span class='ocrx_word' id='word_1_207' title='bbox 363 2052 464 2089; x_wconf 78' lang='lat' dir='ltr'><strong>adiit</strong></span> <span class='ocrx_word' id='word_1_208' title='bbox 477 2052 600 2088; x_wconf 85' lang='lat' dir='ltr'><strong>edidit</strong></span> <span class='ocrx_word' id='word_1_209' title='bbox 616 2052 745 2090; x_wconf 88' lang='lat' dir='ltr'><strong>Rhen.</strong></span> <span class='ocrx_word' id='word_1_210' title='bbox 765 2051 802 2103; x_wconf 92' lang='lat' dir='ltr'><strong>(e</strong></span> <span class='ocrx_word' id='word_1_211' title='bbox 818 2050 940 2100; x_wconf 87' lang='lat' dir='ltr'><strong>Bud.)</strong></span> 
     </span>
     <span class='ocr_line' id='line_1_28' title="bbox 67 2104 942 2154; baseline 0 -11"><span class='ocrx_word' id='word_1_212' title='bbox 67 2104 298 2154; x_wconf 82' lang='lat' dir='ltr'><strong>Superiores</strong></span> <span class='ocrx_word' id='word_1_213' title='bbox 321 2105 509 2143; x_wconf 86' lang='lat' dir='ltr'><strong>dederant</strong></span> <span class='ocrx_word' id='word_1_214' title='bbox 533 2107 632 2152; x_wconf 86' lang='lat' dir='ltr'><strong>adit,</strong></span> <span class='ocrx_word' id='word_1_215' title='bbox 651 2111 699 2144; x_wconf 86' lang='lat' dir='ltr'><strong>ut</strong></span> <span class='ocrx_word' id='word_1_216' title='bbox 722 2109 840 2144; x_wconf 83' lang='lat' dir='ltr'><strong>estin</strong></span> <span class='ocrx_word' id='word_1_217' title='bbox 858 2106 942 2143; x_wconf 87' lang='lat' dir='ltr'><strong>MS.</strong></span> 
     </span>
     <span class='ocr_line' id='line_1_29' title="bbox 66 2158 942 2209; baseline 0.002 -13"><span class='ocrx_word' id='word_1_218' title='bbox 66 2158 199 2197; x_wconf 83' lang='lat' dir='ltr'><strong>Guelf.</strong></span> <span class='ocrx_word' id='word_1_219' title='bbox 252 2160 399 2197; x_wconf 85' lang='lat' dir='ltr'><strong>Eadem</strong></span> <span class='ocrx_word' id='word_1_220' title='bbox 415 2161 584 2198; x_wconf 82' lang='lat' dir='ltr'><strong>varietas</strong></span> <span class='ocrx_word' id='word_1_221' title='bbox 603 2172 722 2209; x_wconf 87' lang='lat' dir='ltr'><strong>supra</strong></span> <span class='ocrx_word' id='word_1_222' title='bbox 746 2160 795 2198; x_wconf 92' lang='lat' dir='ltr'><strong>A.</strong></span> <span class='ocrx_word' id='word_1_223' title='bbox 819 2164 883 2207; x_wconf 87' lang='lat'><strong>15,</strong></span> <span class='ocrx_word' id='word_1_224' title='bbox 904 2164 942 2198; x_wconf 89' lang='lat'><strong>5.</strong></span> 
     </span>
     <span class='ocr_line' id='line_1_30' title="bbox 64 2211 778 2252; baseline 0.001 -1"><span class='ocrx_word' id='word_1_225' title='bbox 64 2211 176 2252; x_wconf 72' lang='lat' dir='ltr'><strong>ERN.</strong></span> <span class='ocrx_word' id='word_1_226' title='bbox 233 2213 331 2250; x_wconf 86' lang='lat' dir='ltr'><strong>Mox</strong></span> <span class='ocrx_word' id='word_1_227' title='bbox 346 2213 448 2252; x_wconf 83' lang='lat' dir='ltr'><strong>Bud.</strong></span> <span class='ocrx_word' id='word_1_228' title='bbox 466 2215 530 2251; x_wconf 79' lang='lat' dir='ltr'><strong>illi</strong></span> <span class='ocrx_word' id='word_1_229' title='bbox 545 2215 628 2251; x_wconf 87' lang='lat' dir='ltr'><strong>loco</strong></span> <span class='ocrx_word' id='word_1_230' title='bbox 648 2215 778 2252; x_wconf 82' lang='lat' dir='ltr'><strong>Civili.</strong></span> 
     </span>
    </p>
   </div>
   <div class='ocr_carea' id='block_1_4' title="bbox 994 1994 1873 2263">
    <p class='ocr_par' dir='ltr' id='par_1_4' title="bbox 994 1994 1873 2263">
     <span class='ocr_line' id='line_1_31' title="bbox 996 1994 1872 2048; baseline 0.003 -15"><span class='ocrx_word' id='word_1_231' title='bbox 996 1996 1099 2045; x_wconf 89' lang='lat' dir='ltr'><strong>quod</strong></span> <span class='ocrx_word' id='word_1_232' title='bbox 1130 1999 1189 2033; x_wconf 84' lang='lat' dir='ltr'><strong>est</strong></span> <span class='ocrx_word' id='word_1_233' title='bbox 1218 1996 1338 2034; x_wconf 85' lang='lat' dir='ltr'><strong>etiam</strong></span> <span class='ocrx_word' id='word_1_234' title='bbox 1370 1996 1413 2033; x_wconf 89' lang='lat' dir='ltr'><strong>in</strong></span> <span class='ocrx_word' id='word_1_235' title='bbox 1440 1994 1527 2034; x_wconf 87' lang='lat' dir='ltr'><strong>MS.</strong></span> <span class='ocrx_word' id='word_1_236' title='bbox 1553 1995 1688 2034; x_wconf 79' lang='lat' dir='ltr'><strong>Guelf.</strong></span> <span class='ocrx_word' id='word_1_237' title='bbox 1717 1996 1780 2035; x_wconf 87' lang='lat' dir='ltr'><strong>ed.</strong></span> <span class='ocrx_word' id='word_1_238' title='bbox 1810 2010 1872 2048; x_wconf 86' lang='lat' dir='ltr'><strong>pr.</strong></span> 
     </span>
     <span class='ocr_line' id='line_1_32' title="bbox 996 2053 1872 2154; baseline 0.001 -12"><span class='ocrx_word' id='word_1_239' title='bbox 996 2053 1225 2142; x_wconf 49' lang='lat' dir='ltr'><strong>Engisddii</strong></span> <span class='ocrx_word' id='word_1_240' title='bbox 1241 2102 1382 2154; x_wconf 79' lang='lat' dir='ltr'><strong>certus]</strong></span> <span class='ocrx_word' id='word_1_241' title='bbox 1443 2103 1552 2141; x_wconf 90' lang='lat' dir='ltr'><strong>Libri</strong></span> <span class='ocrx_word' id='word_1_242' title='bbox 1569 2108 1734 2150; x_wconf 81' lang='lat' dir='ltr'><strong>veteres,</strong></span> <span class='ocrx_word' id='word_1_243' title='bbox 1754 2105 1872 2143; x_wconf 75' lang='lat' dir='ltr'><strong>desci-</strong></span> 
     </span>
     <span class='ocr_line' id='line_1_33' title="bbox 995 2159 1873 2204; baseline 0.003 -8"><span class='ocrx_word' id='word_1_244' title='bbox 995 2160 1127 2197; x_wconf 75' lang='lat' dir='ltr'><strong>scendi</strong></span> <span class='ocrx_word' id='word_1_245' title='bbox 1158 2165 1293 2197; x_wconf 73' lang='lat' dir='ltr'><strong>certus.</strong></span> <span class='ocrx_word' id='word_1_246' title='bbox 1349 2159 1494 2196; x_wconf 86' lang='lat' dir='ltr'><strong>Utrum</strong></span> <span class='ocrx_word' id='word_1_247' title='bbox 1532 2160 1671 2204; x_wconf 87' lang='lat' dir='ltr'><strong>mavis,</strong></span> <span class='ocrx_word' id='word_1_248' title='bbox 1707 2166 1873 2199; x_wconf 80' lang='lat' dir='ltr'><strong>rectum.</strong></span> 
     </span>
     <span class='ocr_line' id='line_1_34' title="bbox 994 2213 1870 2263; baseline 0.002 -12"><span class='ocrx_word' id='word_1_249' title='bbox 994 2215 1107 2251; x_wconf 79' lang='lat' dir='ltr'><strong>Lu‘s.</strong></span> <span class='ocrx_word' id='word_1_250' title='bbox 1160 2214 1415 2251; x_wconf 76' lang='lat' dir='ltr'><strong>Desciscendi</strong></span> <span class='ocrx_word' id='word_1_251' title='bbox 1459 2213 1579 2250; x_wconf 90' lang='lat' dir='ltr'><strong>etiam</strong></span> <span class='ocrx_word' id='word_1_252' title='bbox 1619 2214 1724 2251; x_wconf 87' lang='lat' dir='ltr'><strong>Flor.</strong></span> <span class='ocrx_word' id='word_1_253' title='bbox 1771 2214 1870 2263; x_wconf 82' lang='lat' dir='ltr'><strong>Agr.</strong></span> 
     </span>
    </p>
   </div>
   <div class='ocr_carea' id='block_1_5' title="bbox 0 2266 944 3455">
    <p class='ocr_par' dir='ltr' id='par_1_5' title="bbox 64 2266 941 2480">
     <span class='ocr_line' id='line_1_35' title="bbox 119 2266 941 2318; baseline 0.001 -14"><span class='ocrx_word' id='word_1_254' title='bbox 119 2267 255 2305; x_wconf 73' lang='lat' dir='ltr'><strong>Simili</strong></span> <span class='ocrx_word' id='word_1_255' title='bbox 301 2269 379 2305; x_wconf 59' lang='lat' dir='ltr'><strong>or&amp;</strong></span> <span class='ocrx_word' id='word_1_256' title='bbox 427 2266 770 2318; x_wconf 77' lang='lat' dir='ltr'><strong>dehonestamento]</strong></span> <span class='ocrx_word' id='word_1_257' title='bbox 838 2269 941 2307; x_wconf 90' lang='lat' dir='ltr'><strong>Cum</strong></span> 
     </span>
     <span class='ocr_line' id='line_1_36' title="bbox 65 2321 939 2371; baseline 0 -12"><span class='ocrx_word' id='word_1_258' title='bbox 65 2321 178 2368; x_wconf 82' lang='lat' dir='ltr'><strong>item,</strong></span> <span class='ocrx_word' id='word_1_259' title='bbox 207 2324 254 2358; x_wconf 88' lang='lat' dir='ltr'><strong>ut</strong></span> <span class='ocrx_word' id='word_1_260' title='bbox 281 2321 501 2368; x_wconf 83' lang='lat' dir='ltr'><strong>Hannibal,</strong></span> <span class='ocrx_word' id='word_1_261' title='bbox 519 2323 643 2360; x_wconf 84' lang='lat' dir='ltr'><strong>altero</strong></span> <span class='ocrx_word' id='word_1_262' title='bbox 670 2323 784 2359; x_wconf 88' lang='lat' dir='ltr'><strong>oculo</strong></span> <span class='ocrx_word' id='word_1_263' title='bbox 801 2326 939 2371; x_wconf 83' lang='lat' dir='ltr'><strong>captus</strong></span> 
     </span>
     <span class='ocr_line' id='line_1_37' title="bbox 65 2377 940 2423; baseline -0.001 -9"><span class='ocrx_word' id='word_1_264' title='bbox 65 2379 180 2414; x_wconf 72' lang='lat' dir='ltr'><strong>esset.</strong></span> <span class='ocrx_word' id='word_1_265' title='bbox 207 2377 295 2415; x_wconf 85' lang='lat' dir='ltr'><strong>Liv.</strong></span> <span class='ocrx_word' id='word_1_266' title='bbox 315 2381 382 2423; x_wconf 76' lang='lat'><strong>22,</strong></span> <span class='ocrx_word' id='word_1_267' title='bbox 401 2381 440 2414; x_wconf 76' lang='lat'><strong>2.</strong></span> <span class='ocrx_word' id='word_1_268' title='bbox 472 2378 581 2414; x_wconf 68' lang='lat' dir='ltr'><strong>Ean.</strong></span> <span class='ocrx_word' id='word_1_269' title='bbox 627 2377 688 2415; x_wconf 87' lang='lat' dir='ltr'><strong>Cf.</strong></span> <span class='ocrx_word' id='word_1_270' title='bbox 716 2380 758 2414; x_wconf 88' lang='lat' dir='ltr'><strong>et</strong></span> <span class='ocrx_word' id='word_1_271' title='bbox 774 2377 880 2415; x_wconf 87' lang='lat' dir='ltr'><strong>Plut.</strong></span> <span class='ocrx_word' id='word_1_272' title='bbox 897 2377 940 2413; x_wconf 88' lang='lat' dir='ltr'><strong>in</strong></span> 
     </span>
     <span class='ocr_line' id='line_1_38' title="bbox 64 2430 837 2480; baseline 0.003 -12"><span class='ocrx_word' id='word_1_273' title='bbox 64 2430 241 2469; x_wconf 85' lang='lat' dir='ltr'><strong>Sertorio</strong></span> <span class='ocrx_word' id='word_1_274' title='bbox 256 2430 307 2467; x_wconf 78' lang='lat' dir='ltr'><strong>ab</strong></span> <span class='ocrx_word' id='word_1_275' title='bbox 323 2431 451 2468; x_wconf 84' lang='lat' dir='ltr'><strong>initio.</strong></span> <span class='ocrx_word' id='word_1_276' title='bbox 473 2435 513 2468; x_wconf 88' lang='lat' dir='ltr'><strong>et</strong></span> <span class='ocrx_word' id='word_1_277' title='bbox 530 2442 650 2480; x_wconf 87' lang='lat' dir='ltr'><strong>supra</strong></span> <span class='ocrx_word' id='word_1_278' title='bbox 668 2431 717 2469; x_wconf 87' lang='lat' dir='ltr'><strong>A.</strong></span> <span class='ocrx_word' id='word_1_279' title='bbox 737 2436 776 2478; x_wconf 72' lang='lat'><strong>2,</strong></span> <span class='ocrx_word' id='word_1_280' title='bbox 795 2436 837 2471; x_wconf 88' lang='grc'><strong>9.</strong></span> 
     </span>
    </p>

    <p class='ocr_par' dir='ltr' id='par_1_6' title="bbox 66 2485 940 2685">
     <span class='ocr_line' id='line_1_39' title="bbox 119 2485 940 2536; baseline -0.001 -14"><span class='ocrx_word' id='word_1_281' title='bbox 119 2485 353 2536; x_wconf 82' lang='lat' dir='ltr'><strong>Proetendit]</strong></span> <span class='ocrx_word' id='word_1_282' title='bbox 395 2485 577 2532; x_wconf 84' lang='lat' dir='ltr'><strong>Simulat,</strong></span> <span class='ocrx_word' id='word_1_283' title='bbox 595 2487 644 2523; x_wconf 81' lang='lat' dir='ltr'><strong>ad</strong></span> <span class='ocrx_word' id='word_1_284' title='bbox 660 2486 829 2535; x_wconf 78' lang='lat' dir='ltr'><strong>tegenda</strong></span> <span class='ocrx_word' id='word_1_285' title='bbox 849 2496 940 2521; x_wconf 91' lang='lat' dir='ltr'><strong>con-</strong></span> 
     </span>
     <span class='ocr_line' id='line_1_40' title="bbox 66 2539 940 2588; baseline 0.001 -12"><span class='ocrx_word' id='word_1_286' title='bbox 66 2539 156 2576; x_wconf 75' lang='lat' dir='ltr'><strong>silia</strong></span> <span class='ocrx_word' id='word_1_287' title='bbox 187 2540 330 2576; x_wconf 87' lang='lat' dir='ltr'><strong>utitur.</strong></span> <span class='ocrx_word' id='word_1_288' title='bbox 381 2540 710 2588; x_wconf 82' lang='lat' dir='ltr'><strong>Intelligendum:</strong></span> <span class='ocrx_word' id='word_1_289' title='bbox 754 2541 940 2577; x_wconf 55' lang='lat' dir='ltr'><strong>consilii&amp;</strong></span> 
     </span>
     <span class='ocr_line' id='line_1_41' title="bbox 66 2593 940 2644; baseline -0.002 -13"><span class='ocrx_word' id='word_1_290' title='bbox 66 2593 129 2632; x_wconf 80' lang='lat' dir='ltr'><strong>Ea</strong></span> <span class='ocrx_word' id='word_1_291' title='bbox 159 2593 360 2630; x_wconf 75' lang='lat' dir='ltr'><strong>simulatio</strong></span> <span class='ocrx_word' id='word_1_292' title='bbox 392 2594 497 2630; x_wconf 87' lang='lat' dir='ltr'><strong>uude</strong></span> <span class='ocrx_word' id='word_1_293' title='bbox 532 2596 700 2644; x_wconf 86' lang='lat' dir='ltr'><strong>speciem</strong></span> <span class='ocrx_word' id='word_1_294' title='bbox 731 2594 940 2644; x_wconf 77' lang='lat' dir='ltr'><strong>acceperit,</strong></span> 
     </span>
     <span class='ocr_line' id='line_1_42' title="bbox 66 2647 556 2685; baseline -0.002 0"><span class='ocrx_word' id='word_1_295' title='bbox 66 2647 201 2685; x_wconf 71' lang='lat' dir='ltr'><strong>atatim</strong></span> <span class='ocrx_word' id='word_1_296' title='bbox 217 2648 403 2685; x_wconf 83' lang='lat' dir='ltr'><strong>traditur.</strong></span> <span class='ocrx_word' id='word_1_297' title='bbox 447 2649 556 2685; x_wconf 63' lang='lat' dir='ltr'><strong>Em«.</strong></span> 
     </span>
    </p>

    <p class='ocr_par' dir='ltr' id='par_1_7' title="bbox 0 2699 941 2860">
     <span class='ocr_line' id='line_1_43' title="bbox 119 2699 940 2750; baseline 0 -12"><span class='ocrx_word' id='word_1_298' title='bbox 119 2702 305 2739; x_wconf 83' lang='lat' dir='ltr'><strong>Avertere</strong></span> <span class='ocrx_word' id='word_1_299' title='bbox 329 2702 456 2739; x_wconf 79' lang='lat' dir='ltr'><strong>accita</strong></span> <span class='ocrx_word' id='word_1_300' title='bbox 482 2699 654 2750; x_wconf 66' lang='lat' dir='ltr'><strong>aua-ilia]</strong></span> <span class='ocrx_word' id='word_1_301' title='bbox 693 2699 810 2739; x_wconf 90' lang='lat' dir='ltr'><strong>MSS.</strong></span> <span class='ocrx_word' id='word_1_302' title='bbox 836 2700 940 2738; x_wconf 89' lang='lat' dir='ltr'><strong>Flor.</strong></span> 
     </span>
     <span class='ocr_line' id='line_1_44' title="bbox 0 2753 941 2806; baseline -0.003 -12"><span class='ocrx_word' id='word_1_303' title='bbox 0 2760 10 2779; x_wconf 70' lang='grc'><strong>’-</strong></span> <span class='ocrx_word' id='word_1_304' title='bbox 65 2753 165 2804; x_wconf 85' lang='lat' dir='ltr'><strong>Agr.</strong></span> <span class='ocrx_word' id='word_1_305' title='bbox 199 2753 338 2806; x_wconf 89' lang='lat' dir='ltr'><strong>(Bud.)</strong></span> <span class='ocrx_word' id='word_1_306' title='bbox 371 2759 411 2792; x_wconf 88' lang='lat' dir='ltr'><strong>et</strong></span> <span class='ocrx_word' id='word_1_307' title='bbox 443 2756 575 2794; x_wconf 78' lang='lat' dir='ltr'><strong>Guelf.</strong></span> <span class='ocrx_word' id='word_1_308' title='bbox 608 2756 666 2806; x_wconf 87' lang='lat' dir='ltr'><strong>(in</strong></span> <span class='ocrx_word' id='word_1_309' title='bbox 701 2767 778 2804; x_wconf 88' lang='lat' dir='ltr'><strong>quo</strong></span> <span class='ocrx_word' id='word_1_310' title='bbox 806 2760 941 2792; x_wconf 87' lang='lat' dir='ltr'><strong>tamen</strong></span> 
     </span>
     <span class='ocr_line' id='line_1_45' title="bbox 0 2809 940 2860; baseline 0 -14"><span class='ocrx_word' id='word_1_311' title='bbox 0 2842 2 2846; x_wconf 84' lang='lat'><strong>.</strong></span> <span class='ocrx_word' id='word_1_312' title='bbox 67 2810 210 2847; x_wconf 84' lang='lat' dir='ltr'><strong>ultima</strong></span> <span class='ocrx_word' id='word_1_313' title='bbox 225 2809 341 2848; x_wconf 83' lang='lat' dir='ltr'><strong>litera</strong></span> <span class='ocrx_word' id='word_1_314' title='bbox 359 2821 383 2846; x_wconf 87' lang='lat' dir='ltr'><strong>a</strong></span> <span class='ocrx_word' id='word_1_315' title='bbox 399 2820 478 2847; x_wconf 84' lang='lat' dir='ltr'><strong>sec.</strong></span> <span class='ocrx_word' id='word_1_316' title='bbox 497 2822 551 2849; x_wconf 91' lang='lat' dir='ltr'><strong>m.</strong></span> <span class='ocrx_word' id='word_1_317' title='bbox 569 2809 716 2860; x_wconf 81' lang='lat' dir='ltr'><strong>addita)</strong></span> <span class='ocrx_word' id='word_1_318' title='bbox 733 2815 916 2847; x_wconf 85' lang='lat' dir='ltr'><strong>averteret</strong></span> <span class='ocrx_word' id='word_1_319' title='bbox 927 2823 940 2845; x_wconf 78' lang='lat'><strong>.-</strong></span> 
     </span>
    </p>

    <p class='ocr_par' dir='ltr' id='par_1_8' title="bbox 65 2863 940 2913">
     <span class='ocr_line' id='line_1_46' title="bbox 65 2863 940 2913; baseline -0.002 -12"><span class='ocrx_word' id='word_1_320' title='bbox 65 2864 171 2913; x_wconf 83' lang='lat' dir='ltr'><strong>quod</strong></span> <span class='ocrx_word' id='word_1_321' title='bbox 203 2868 264 2908; x_wconf 79' lang='lat' dir='ltr'><strong>est</strong></span> <span class='ocrx_word' id='word_1_322' title='bbox 293 2867 335 2901; x_wconf 85' lang='lat' dir='ltr'><strong>et</strong></span> <span class='ocrx_word' id='word_1_323' title='bbox 364 2864 407 2901; x_wconf 88' lang='lat' dir='ltr'><strong>in</strong></span> <span class='ocrx_word' id='word_1_324' title='bbox 433 2863 493 2901; x_wconf 86' lang='lat' dir='ltr'><strong>ed.</strong></span> <span class='ocrx_word' id='word_1_325' title='bbox 526 2876 586 2913; x_wconf 90' lang='lat' dir='ltr'><strong>pr.</strong></span> <span class='ocrx_word' id='word_1_326' title='bbox 618 2864 821 2901; x_wconf 88' lang='lat' dir='ltr'><strong>deficiente</strong></span> <span class='ocrx_word' id='word_1_327' title='bbox 850 2874 940 2899; x_wconf 87' lang='lat' dir='ltr'><strong>mox</strong></span> 
     </span>
    </p>

    <p class='ocr_par' dir='ltr' id='par_1_9' title="bbox 26 2916 944 3455">
     <span class='ocr_line' id='line_1_47' title="bbox 65 2916 937 2968; baseline -0.003 -12"><span class='ocrx_word' id='word_1_328' title='bbox 65 2919 353 2968; x_wconf 75' lang='lat' dir='ltr'><strong>praepositione,</strong></span> <span class='ocrx_word' id='word_1_329' title='bbox 376 2929 463 2967; x_wconf 82' lang='lat' dir='ltr'><strong>quae</strong></span> <span class='ocrx_word' id='word_1_330' title='bbox 491 2923 530 2956; x_wconf 88' lang='lat' dir='ltr'><strong>et</strong></span> <span class='ocrx_word' id='word_1_331' title='bbox 557 2930 580 2955; x_wconf 86' lang='lat' dir='ltr'><strong>a</strong></span> <span class='ocrx_word' id='word_1_332' title='bbox 606 2919 713 2955; x_wconf 75' lang='lat' dir='ltr'><strong>Flor,</strong></span> <span class='ocrx_word' id='word_1_333' title='bbox 739 2917 795 2967; x_wconf 88' lang='lat' dir='ltr'><strong>(et</strong></span> <span class='ocrx_word' id='word_1_334' title='bbox 818 2916 937 2967; x_wconf 88' lang='lat' dir='ltr'><strong>Bud.)</strong></span> 
     </span>
     <span class='ocr_line' id='line_1_48' title="bbox 35 2970 942 3023; baseline -0.001 -14"><span class='ocrx_word' id='word_1_335' title='bbox 35 2998 37 3001; x_wconf 26' lang='grc' dir='ltr'><strong><em>ι</em></strong></span> <span class='ocrx_word' id='word_1_336' title='bbox 64 2971 194 3011; x_wconf 69' lang='lat' dir='ltr'><strong>abest.</strong></span> <span class='ocrx_word' id='word_1_337' title='bbox 247 2973 469 3022; x_wconf 86' lang='lat' dir='ltr'><strong>Utrumque</strong></span> <span class='ocrx_word' id='word_1_338' title='bbox 496 2979 671 3023; x_wconf 86' lang='lat' dir='ltr'><strong>repetere</strong></span> <span class='ocrx_word' id='word_1_339' title='bbox 688 2971 814 3010; x_wconf 82' lang='lat' dir='ltr'><strong>voluit</strong></span> <span class='ocrx_word' id='word_1_340' title='bbox 836 2970 942 3009; x_wconf 90' lang='lat' dir='ltr'><strong>Rhe-</strong></span> 
     </span>
     <span class='ocr_line' id='line_1_49' title="bbox 66 3026 943 3076; baseline -0.002 -12"><span class='ocrx_word' id='word_1_341' title='bbox 66 3036 211 3073; x_wconf 75' lang='lat' dir='ltr'><strong>nanus,</strong></span> <span class='ocrx_word' id='word_1_342' title='bbox 229 3027 295 3064; x_wconf 77' lang='lat' dir='ltr'><strong>sed</strong></span> <span class='ocrx_word' id='word_1_343' title='bbox 315 3039 441 3075; x_wconf 86' lang='lat' dir='ltr'><strong>operae</strong></span> <span class='ocrx_word' id='word_1_344' title='bbox 468 3038 548 3064; x_wconf 89' lang='lat' dir='ltr'><strong>non</strong></span> <span class='ocrx_word' id='word_1_345' title='bbox 571 3030 804 3076; x_wconf 86' lang='lat' dir='ltr'><strong>paruerunt,</strong></span> <span class='ocrx_word' id='word_1_346' title='bbox 826 3036 875 3062; x_wconf 84' lang='lat' dir='ltr'><strong>ne</strong></span> <span class='ocrx_word' id='word_1_347' title='bbox 899 3026 943 3063; x_wconf 87' lang='lat' dir='ltr'><strong>in</strong></span> 
     </span>
     <span class='ocr_line' id='line_1_50' title="bbox 39 3079 943 3130; baseline -0.003 -12"><span class='ocrx_word' id='word_1_348' title='bbox 39 3082 238 3120; x_wconf 57' lang='lat' dir='ltr'><strong>secunda</strong></span> <span class='ocrx_word' id='word_1_349' title='bbox 265 3082 422 3130; x_wconf 88' lang='lat' dir='ltr'><strong>quidem</strong></span> <span class='ocrx_word' id='word_1_350' title='bbox 449 3082 546 3121; x_wconf 84' lang='lat' dir='ltr'><strong>edit.</strong></span> <span class='ocrx_word' id='word_1_351' title='bbox 598 3082 712 3119; x_wconf 86' lang='lat' dir='ltr'><strong>Unde</strong></span> <span class='ocrx_word' id='word_1_352' title='bbox 735 3081 860 3117; x_wconf 87' lang='lat' dir='ltr'><strong>altera</strong></span> <span class='ocrx_word' id='word_1_353' title='bbox 887 3079 943 3115; x_wconf 86' lang='lat' dir='ltr'><strong>lc-</strong></span> 
     </span>
     <span class='ocr_line' id='line_1_51' title="bbox 66 3133 942 3174; baseline -0.002 -2"><span class='ocrx_word' id='word_1_354' title='bbox 66 3136 171 3173; x_wconf 81' lang='lat' dir='ltr'><strong>ctio:</strong></span> <span class='ocrx_word' id='word_1_355' title='bbox 199 3142 366 3173; x_wconf 80' lang='lat' dir='ltr'><strong>avertere</strong></span> <span class='ocrx_word' id='word_1_356' title='bbox 383 3138 508 3174; x_wconf 80' lang='lat' dir='ltr'><strong>accita</strong></span> <span class='ocrx_word' id='word_1_357' title='bbox 536 3147 561 3173; x_wconf 82' lang='lat' dir='ltr'><strong>a</strong></span> <span class='ocrx_word' id='word_1_358' title='bbox 593 3137 675 3174; x_wconf 78' lang='lat' dir='ltr'><strong>Vit.</strong></span> <span class='ocrx_word' id='word_1_359' title='bbox 703 3135 744 3172; x_wconf 89' lang='lat' dir='ltr'><strong>in</strong></span> <span class='ocrx_word' id='word_1_360' title='bbox 762 3133 942 3171; x_wconf 88' lang='lat' dir='ltr'><strong>omnibus</strong></span> 
     </span>
     <span class='ocr_line' id='line_1_52' title="bbox 69 3189 942 3239; baseline 0 -13"><span class='ocrx_word' id='word_1_361' title='bbox 69 3189 325 3238; x_wconf 68' lang='lat' dir='ltr'><strong>sequentibus</strong></span> <span class='ocrx_word' id='word_1_362' title='bbox 354 3201 559 3239; x_wconf 82' lang='lat' dir='ltr'><strong>expressa:</strong></span> <span class='ocrx_word' id='word_1_363' title='bbox 601 3201 716 3239; x_wconf 87' lang='lat' dir='ltr'><strong>quam</strong></span> <span class='ocrx_word' id='word_1_364' title='bbox 743 3193 783 3225; x_wconf 86' lang='lat' dir='ltr'><strong>et</strong></span> <span class='ocrx_word' id='word_1_365' title='bbox 811 3200 942 3227; x_wconf 83' lang='lat' dir='ltr'><strong>veram</strong></span> 
     </span>
     <span class='ocr_line' id='line_1_53' title="bbox 70 3243 942 3293; baseline 0 -12"><span class='ocrx_word' id='word_1_366' title='bbox 70 3247 193 3291; x_wconf 78' lang='lat' dir='ltr'><strong>puto:</strong></span> <span class='ocrx_word' id='word_1_367' title='bbox 218 3245 313 3293; x_wconf 75' lang='lat' dir='ltr'><strong>quia</strong></span> <span class='ocrx_word' id='word_1_368' title='bbox 328 3249 370 3281; x_wconf 87' lang='lat' dir='ltr'><strong>et</strong></span> <span class='ocrx_word' id='word_1_369' title='bbox 385 3256 475 3282; x_wconf 89' lang='lat' dir='ltr'><strong>mox</strong></span> <span class='ocrx_word' id='word_1_370' title='bbox 491 3249 692 3282; x_wconf 77' lang='lat' dir='ltr'><strong>retentare.</strong></span> <span class='ocrx_word' id='word_1_371' title='bbox 721 3243 850 3292; x_wconf 84' lang='lat' dir='ltr'><strong>Igitur</strong></span> <span class='ocrx_word' id='word_1_372' title='bbox 864 3254 942 3281; x_wconf 88' lang='lat' dir='ltr'><strong>non</strong></span> 
     </span>
     <span class='ocr_line' id='line_1_54' title="bbox 69 3296 944 3347; baseline 0 -13"><span class='ocrx_word' id='word_1_373' title='bbox 69 3296 244 3345; x_wconf 79' lang='lat' dir='ltr'><strong>inspecto</strong></span> <span class='ocrx_word' id='word_1_374' title='bbox 260 3298 346 3347; x_wconf 86' lang='lat' dir='ltr'><strong>ipso</strong></span> <span class='ocrx_word' id='word_1_375' title='bbox 354 3302 466 3336; x_wconf 84' lang='lat' dir='ltr'><strong>textu</strong></span> <span class='ocrx_word' id='word_1_376' title='bbox 478 3297 675 3344; x_wconf 85' lang='lat' dir='ltr'><strong>Rhenani,</strong></span> <span class='ocrx_word' id='word_1_377' title='bbox 689 3299 754 3335; x_wconf 90' lang='lat' dir='ltr'><strong>sed</strong></span> <span class='ocrx_word' id='word_1_378' title='bbox 772 3309 793 3334; x_wconf 91' lang='lat' dir='ltr'><strong>e</strong></span> <span class='ocrx_word' id='word_1_379' title='bbox 808 3298 944 3334; x_wconf 85' lang='lat' dir='ltr'><strong>notula</strong></span> 
     </span>
     <span class='ocr_line' id='line_1_55' title="bbox 71 3351 940 3401; baseline 0.002 -15"><span class='ocrx_word' id='word_1_380' title='bbox 71 3351 158 3398; x_wconf 82' lang='lat' dir='ltr'><strong>ejus</strong></span> <span class='ocrx_word' id='word_1_381' title='bbox 181 3352 304 3390; x_wconf 82' lang='lat' dir='ltr'><strong>tradit</strong></span> <span class='ocrx_word' id='word_1_382' title='bbox 319 3353 503 3401; x_wconf 84' lang='lat' dir='ltr'><strong>Ryckius,</strong></span> <span class='ocrx_word' id='word_1_383' title='bbox 520 3355 754 3391; x_wconf 77' lang='lat' dir='ltr'><strong>Rhenanam</strong></span> <span class='ocrx_word' id='word_1_384' title='bbox 776 3353 940 3389; x_wconf 88' lang='lat' dir='ltr'><strong>edidisse</strong></span> 
     </span>
     <span class='ocr_line' id='line_1_56' title="bbox 26 3407 942 3455; baseline 0.002 -14"><span class='ocrx_word' id='word_1_385' title='bbox 26 3407 34 3413; x_wconf 50' lang='lat'>⁸</span> <span class='ocrx_word' id='word_1_386' title='bbox 71 3410 256 3442; x_wconf 62' lang='lat' dir='ltr'><strong>averteret</strong></span> <span class='ocrx_word' id='word_1_387' title='bbox 271 3408 398 3444; x_wconf 66' lang='lat' dir='ltr'><strong>aet-ita</strong></span> <span class='ocrx_word' id='word_1_388' title='bbox 420 3409 591 3445; x_wconf 83' lang='lat' dir='ltr'><strong>Vitellio.</strong></span> <span class='ocrx_word' id='word_1_389' title='bbox 643 3409 824 3444; x_wconf 86' lang='lat' dir='ltr'><strong>Ceterum</strong></span> <span class='ocrx_word' id='word_1_390' title='bbox 846 3418 942 3455; x_wconf 84' lang='lat' dir='ltr'><strong>prae-</strong></span> 
     </span>
    </p>
   </div>
   <div class='ocr_carea' id='block_1_6' title="bbox 71 3459 995 3508">
    <p class='ocr_par' dir='ltr' id='par_1_10' title="bbox 71 3459 995 3508">
     <span class='ocr_line' id='line_1_57' title="bbox 71 3459 995 3508; baseline 0.004 -13"><span class='ocrx_word' id='word_1_391' title='bbox 71 3459 304 3508; x_wconf 81' lang='lat' dir='ltr'><strong>positionem</strong></span> <span class='ocrx_word' id='word_1_392' title='bbox 329 3461 471 3498; x_wconf 86' lang='lat' dir='ltr'><strong>merito</strong></span> <span class='ocrx_word' id='word_1_393' title='bbox 490 3461 628 3499; x_wconf 85' lang='lat' dir='ltr'><strong>delevi.</strong></span> <span class='ocrx_word' id='word_1_394' title='bbox 681 3460 783 3498; x_wconf 89' lang='lat' dir='ltr'><strong>Illud</strong></span> <span class='ocrx_word' id='word_1_395' title='bbox 804 3465 938 3498; x_wconf 85' lang='lat' dir='ltr'><strong>autem</strong></span> <span class='ocrx_word' id='word_1_396' title='bbox 992 3481 995 3484; x_wconf 87' lang='lat'><strong>·</strong></span> 
     </span>
    </p>
   </div>
   <div class='ocr_carea' id='block_1_7' title="bbox 70 3512 942 3624">
    <p class='ocr_par' dir='ltr' id='par_1_11' title="bbox 70 3512 942 3624">
     <span class='ocr_line' id='line_1_58' title="bbox 71 3512 942 3564; baseline 0.003 -15"><span class='ocrx_word' id='word_1_397' title='bbox 71 3512 172 3550; x_wconf 87' lang='lat' dir='ltr'><strong>bene</strong></span> <span class='ocrx_word' id='word_1_398' title='bbox 198 3513 426 3560; x_wconf 74' lang='lat' dir='ltr'><strong>Rhenanus,</strong></span> <span class='ocrx_word' id='word_1_399' title='bbox 454 3517 556 3563; x_wconf 89' lang='lat' dir='ltr'><strong>quod</strong></span> <span class='ocrx_word' id='word_1_400' title='bbox 580 3527 652 3564; x_wconf 90' lang='lat' dir='ltr'><strong>pro</strong></span> <span class='ocrx_word' id='word_1_401' title='bbox 674 3514 942 3563; x_wconf 78' lang='lat' dir='ltr'><strong>redintegran-</strong></span> 
     </span>
     <span class='ocr_line' id='line_1_59' title="bbox 70 3566 942 3624; baseline 0.002 -19"><span class='ocrx_word' id='word_1_402' title='bbox 70 3566 165 3624; x_wconf 67' lang='lat' dir='ltr'><strong>dum</strong></span> <span class='ocrx_word' id='word_1_403' title='bbox 207 3567 331 3607; x_wconf 81' lang='lat' dir='ltr'><strong>edidit</strong></span> <span class='ocrx_word' id='word_1_404' title='bbox 365 3566 404 3619; x_wconf 83' lang='lat' dir='ltr'><strong>(e</strong></span> <span class='ocrx_word' id='word_1_405' title='bbox 446 3567 563 3621; x_wconf 83' lang='lat' dir='ltr'><strong>Bud.)</strong></span> <span class='ocrx_word' id='word_1_406' title='bbox 609 3569 914 3617; x_wconf 73' lang='lat' dir='ltr'><strong>redintegratum</strong></span> <span class='ocrx_word' id='word_1_407' title='bbox 928 3583 942 3606; x_wconf 85' lang='lat'><strong>.-</strong></span> 
     </span>
    </p>
   </div>
   <div class='ocr_carea' id='block_1_8' title="bbox 988 2266 1874 3617">
    <p class='ocr_par' dir='ltr' id='par_1_12' title="bbox 992 2266 1874 2641">
     <span class='ocr_line' id='line_1_60' title="bbox 995 2266 1874 2315; baseline 0.001 -10"><span class='ocrx_word' id='word_1_408' title='bbox 995 2267 1125 2305; x_wconf 87' lang='lat' dir='ltr'><strong>Guelf.</strong></span> <span class='ocrx_word' id='word_1_409' title='bbox 1142 2268 1228 2305; x_wconf 89' lang='lat' dir='ltr'><strong>edd.</strong></span> <span class='ocrx_word' id='word_1_410' title='bbox 1250 2279 1312 2315; x_wconf 92' lang='lat' dir='ltr'><strong>pr.</strong></span> <span class='ocrx_word' id='word_1_411' title='bbox 1341 2267 1491 2304; x_wconf 86' lang='lat' dir='ltr'><strong>Puteol.</strong></span> <span class='ocrx_word' id='word_1_412' title='bbox 1507 2268 1598 2304; x_wconf 90' lang='lat' dir='ltr'><strong>Ber.</strong></span> <span class='ocrx_word' id='word_1_413' title='bbox 1617 2268 1703 2305; x_wconf 85' lang='lat' dir='ltr'><strong>Alc.</strong></span> <span class='ocrx_word' id='word_1_414' title='bbox 1730 2266 1784 2305; x_wconf 84' lang='lat' dir='ltr'><strong>At</strong></span> <span class='ocrx_word' id='word_1_415' title='bbox 1800 2279 1874 2306; x_wconf 84' lang='lat' dir='ltr'><strong>nec</strong></span> 
     </span>
     <span class='ocr_line' id='line_1_61' title="bbox 992 2321 1874 2370; baseline 0.003 -12"><span class='ocrx_word' id='word_1_416' title='bbox 992 2323 1204 2370; x_wconf 88' lang='lat' dir='ltr'><strong>spreverim</strong></span> <span class='ocrx_word' id='word_1_417' title='bbox 1221 2321 1427 2358; x_wconf 82' lang='lat' dir='ltr'><strong>lectionem</strong></span> <span class='ocrx_word' id='word_1_418' title='bbox 1452 2322 1537 2360; x_wconf 89' lang='lat' dir='ltr'><strong>MS.</strong></span> <span class='ocrx_word' id='word_1_419' title='bbox 1554 2322 1727 2360; x_wconf 90' lang='lat' dir='ltr'><strong>Budens.</strong></span> <span class='ocrx_word' id='word_1_420' title='bbox 1755 2322 1874 2361; x_wconf 73' lang='lat' dir='ltr'><strong>disci-</strong></span> 
     </span>
     <span class='ocr_line' id='line_1_62' title="bbox 992 2375 1873 2426; baseline 0.001 -12"><span class='ocrx_word' id='word_1_421' title='bbox 992 2378 1064 2422; x_wconf 80' lang='lat' dir='ltr'><strong>dii,</strong></span> <span class='ocrx_word' id='word_1_422' title='bbox 1096 2377 1201 2413; x_wconf 90' lang='lat' dir='ltr'><strong>unde</strong></span> <span class='ocrx_word' id='word_1_423' title='bbox 1235 2376 1353 2422; x_wconf 89' lang='lat' dir='ltr'><strong>male,</strong></span> <span class='ocrx_word' id='word_1_424' title='bbox 1386 2379 1434 2414; x_wconf 85' lang='lat' dir='ltr'><strong>ut</strong></span> <span class='ocrx_word' id='word_1_425' title='bbox 1468 2375 1581 2421; x_wconf 86' lang='lat' dir='ltr'><strong>alibi,</strong></span> <span class='ocrx_word' id='word_1_426' title='bbox 1618 2376 1766 2414; x_wconf 80' lang='lat' dir='ltr'><strong>factum</strong></span> <span class='ocrx_word' id='word_1_427' title='bbox 1800 2389 1873 2426; x_wconf 86' lang='lat' dir='ltr'><strong>per</strong></span> 
     </span>
     <span class='ocr_line' id='line_1_63' title="bbox 992 2431 1869 2480; baseline 0.001 -13"><span class='ocrx_word' id='word_1_428' title='bbox 992 2441 1131 2480; x_wconf 87' lang='lat' dir='ltr'><strong>operas</strong></span> <span class='ocrx_word' id='word_1_429' title='bbox 1149 2431 1318 2476; x_wconf 72' lang='lat' dir='ltr'><strong>dissidii,</strong></span> <span class='ocrx_word' id='word_1_430' title='bbox 1326 2431 1410 2477; x_wconf 87' lang='lat' dir='ltr'><strong>jam</strong></span> <span class='ocrx_word' id='word_1_431' title='bbox 1430 2431 1471 2466; x_wconf 90' lang='lat' dir='ltr'><strong>in</strong></span> <span class='ocrx_word' id='word_1_432' title='bbox 1487 2431 1618 2479; x_wconf 88' lang='lat' dir='ltr'><strong>prima</strong></span> <span class='ocrx_word' id='word_1_433' title='bbox 1631 2431 1760 2468; x_wconf 87' lang='lat' dir='ltr'><strong>Rhen.</strong></span> <span class='ocrx_word' id='word_1_434' title='bbox 1779 2443 1869 2468; x_wconf 87' lang='lat' dir='ltr'><strong>cum</strong></span> 
     </span>
     <span class='ocr_line' id='line_1_64' title="bbox 992 2484 1870 2523; baseline 0.002 -2"><span class='ocrx_word' id='word_1_435' title='bbox 992 2486 1035 2522; x_wconf 89' lang='lat' dir='ltr'><strong>in</strong></span> <span class='ocrx_word' id='word_1_436' title='bbox 1065 2485 1168 2521; x_wconf 84' lang='lat' dir='ltr'><strong>notis</strong></span> <span class='ocrx_word' id='word_1_437' title='bbox 1197 2485 1341 2522; x_wconf 86' lang='lat' dir='ltr'><strong>diserte</strong></span> <span class='ocrx_word' id='word_1_438' title='bbox 1372 2485 1529 2523; x_wconf 63' lang='lat' dir='ltr'><strong>discidii</strong></span> <span class='ocrx_word' id='word_1_439' title='bbox 1554 2484 1710 2523; x_wconf 85' lang='lat' dir='ltr'><strong>habeat.</strong></span> <span class='ocrx_word' id='word_1_440' title='bbox 1765 2486 1870 2523; x_wconf 90' lang='lat' dir='ltr'><strong>Illud</strong></span> 
     </span>
     <span class='ocr_line' id='line_1_65' title="bbox 996 2538 1869 2589; baseline 0.002 -13"><span class='ocrx_word' id='word_1_441' title='bbox 996 2539 1257 2589; x_wconf 75' lang='lat' dir='ltr'><strong>(desciscendi)</strong></span> <span class='ocrx_word' id='word_1_442' title='bbox 1298 2538 1476 2576; x_wconf 85' lang='lat' dir='ltr'><strong>restituit</strong></span> <span class='ocrx_word' id='word_1_443' title='bbox 1519 2539 1701 2576; x_wconf 86' lang='lat' dir='ltr'><strong>Pichena.</strong></span> <span class='ocrx_word' id='word_1_444' title='bbox 1753 2540 1869 2579; x_wconf 76' lang='lat' dir='ltr'><strong>ERN.</strong></span> 
     </span>
     <span class='ocr_line' id='line_1_66' title="bbox 994 2593 1797 2641; baseline 0 -11"><span class='ocrx_word' id='word_1_445' title='bbox 994 2594 1043 2631; x_wconf 89' lang='lat' dir='ltr'><strong>In</strong></span> <span class='ocrx_word' id='word_1_446' title='bbox 1058 2594 1162 2640; x_wconf 84' lang='lat' dir='ltr'><strong>notis</strong></span> <span class='ocrx_word' id='word_1_447' title='bbox 1176 2593 1236 2630; x_wconf 91' lang='lat' dir='ltr'><strong>ed.</strong></span> <span class='ocrx_word' id='word_1_448' title='bbox 1253 2603 1329 2631; x_wconf 86' lang='lat' dir='ltr'><strong>sec.</strong></span> <span class='ocrx_word' id='word_1_449' title='bbox 1350 2593 1451 2630; x_wconf 88' lang='lat' dir='ltr'><strong>male</strong></span> <span class='ocrx_word' id='word_1_450' title='bbox 1468 2593 1615 2641; x_wconf 90' lang='lat' dir='ltr'><strong>legitur</strong></span> <span class='ocrx_word' id='word_1_451' title='bbox 1630 2593 1797 2630; x_wconf 76' lang='lat' dir='ltr'><strong>dissidii.</strong></span> 
     </span>
    </p>

    <p class='ocr_par' dir='ltr' id='par_1_13' title="bbox 988 2646 1872 3009">
     <span class='ocr_line' id='line_1_67' title="bbox 1047 2646 1864 2697; baseline 0 -13"><span class='ocrx_word' id='word_1_452' title='bbox 1047 2646 1254 2684; x_wconf 65' lang='lat' dir='ltr'><strong>Deiectum</strong></span> <span class='ocrx_word' id='word_1_453' title='bbox 1300 2653 1441 2696; x_wconf 71' lang='lat' dir='ltr'><strong>suapte</strong></span> <span class='ocrx_word' id='word_1_454' title='bbox 1490 2653 1635 2694; x_wconf 72' lang='lat' dir='ltr'><strong>natura</strong></span> <span class='ocrx_word' id='word_1_455' title='bbox 1683 2646 1864 2697; x_wconf 64' lang='lat' dir='ltr'><strong>gravem]</strong></span> 
     </span>
     <span class='ocr_line' id='line_1_68' title="bbox 995 2698 1872 2750; baseline 0.001 -13"><span class='ocrx_word' id='word_1_456' title='bbox 995 2701 1154 2749; x_wconf 86' lang='lat' dir='ltr'><strong>Quippe</strong></span> <span class='ocrx_word' id='word_1_457' title='bbox 1173 2701 1214 2737; x_wconf 89' lang='lat' dir='ltr'><strong>in</strong></span> <span class='ocrx_word' id='word_1_458' title='bbox 1240 2701 1397 2750; x_wconf 83' lang='lat' dir='ltr'><strong>longam</strong></span> <span class='ocrx_word' id='word_1_459' title='bbox 1418 2705 1459 2737; x_wconf 83' lang='lat' dir='ltr'><strong>et</strong></span> <span class='ocrx_word' id='word_1_460' title='bbox 1484 2698 1739 2749; x_wconf 80' lang='lat' dir='ltr'><strong>longinquam</strong></span> <span class='ocrx_word' id='word_1_461' title='bbox 1766 2701 1872 2739; x_wconf 89' lang='lat' dir='ltr'><strong>mili-</strong></span> 
     </span>
     <span class='ocr_line' id='line_1_69' title="bbox 992 2754 1871 2793; baseline 0.001 -1"><span class='ocrx_word' id='word_1_462' title='bbox 992 2756 1103 2792; x_wconf 81' lang='lat' dir='ltr'><strong>tiam.</strong></span> <span class='ocrx_word' id='word_1_463' title='bbox 1157 2754 1331 2792; x_wconf 89' lang='lat' dir='ltr'><strong>Velleius</strong></span> <span class='ocrx_word' id='word_1_464' title='bbox 1363 2756 1407 2792; x_wconf 91' lang='lat' dir='ltr'><strong>in</strong></span> <span class='ocrx_word' id='word_1_465' title='bbox 1439 2754 1623 2792; x_wconf 81' lang='lat' dir='ltr'><strong>laudibus</strong></span> <span class='ocrx_word' id='word_1_466' title='bbox 1651 2754 1805 2792; x_wconf 87' lang='lat' dir='ltr'><strong>Tiberii</strong></span> <span class='ocrx_word' id='word_1_467' title='bbox 1835 2767 1871 2793; x_wconf 89' lang='lat' dir='ltr'><strong>c.</strong></span> 
     </span>
     <span class='ocr_line' id='line_1_70' title="bbox 997 2809 1869 2859; baseline 0.002 -13"><span class='ocrx_word' id='word_1_468' title='bbox 997 2815 1090 2849; x_wconf 83' lang='lat'><strong>130.</strong></span> <span class='ocrx_word' id='word_1_469' title='bbox 1122 2810 1279 2855; x_wconf 80' lang='lat' dir='ltr'><strong>Quanta</strong></span> <span class='ocrx_word' id='word_1_470' title='bbox 1296 2822 1383 2847; x_wconf 83' lang='lat' dir='ltr'><strong>cnm</strong></span> <span class='ocrx_word' id='word_1_471' title='bbox 1410 2810 1533 2859; x_wconf 83' lang='lat' dir='ltr'><strong>quiete</strong></span> <span class='ocrx_word' id='word_1_472' title='bbox 1558 2809 1769 2855; x_wconf 73' lang='lat' dir='ltr'><strong>hominum,</strong></span> <span class='ocrx_word' id='word_1_473' title='bbox 1787 2821 1869 2848; x_wconf 82' lang='lat' dir='ltr'><strong>rem</strong></span> 
     </span>
     <span class='ocr_line' id='line_1_71' title="bbox 988 2863 1868 2913; baseline 0 -12"><span class='ocrx_word' id='word_1_474' title='bbox 988 2864 1167 2913; x_wconf 81' lang='lat' dir='ltr'><strong>perpetui</strong></span> <span class='ocrx_word' id='word_1_475' title='bbox 1197 2864 1461 2913; x_wconf 79' lang='lat' dir='ltr'><strong>prtecipuique</strong></span> <span class='ocrx_word' id='word_1_476' title='bbox 1505 2863 1670 2909; x_wconf 62' lang='lat' dir='ltr'><strong>timoris,</strong></span> <span class='ocrx_word' id='word_1_477' title='bbox 1712 2864 1868 2913; x_wconf 73' lang='lat' dir='ltr'><strong>supple-</strong></span> 
     </span>
     <span class='ocr_line' id='line_1_72' title="bbox 994 2918 1867 2968; baseline 0.001 -13"><span class='ocrx_word' id='word_1_478' title='bbox 994 2925 1175 2963; x_wconf 79' lang='lat' dir='ltr'><strong>mentum,</strong></span> <span class='ocrx_word' id='word_1_479' title='bbox 1191 2918 1273 2954; x_wconf 69' lang='lat' dir='ltr'><strong>sine</strong></span> <span class='ocrx_word' id='word_1_480' title='bbox 1296 2918 1563 2968; x_wconf 78' lang='lat' dir='ltr'><strong>trepidatione,</strong></span> <span class='ocrx_word' id='word_1_481' title='bbox 1586 2918 1754 2955; x_wconf 70' lang='lat' dir='ltr'><strong>delectus</strong></span> <span class='ocrx_word' id='word_1_482' title='bbox 1773 2924 1867 2967; x_wconf 57' lang='lat' dir='ltr'><strong>pro-³</strong></span> 
     </span>
     <span class='ocr_line' id='line_1_73' title="bbox 994 2972 1287 3009; baseline 0.007 -2"><span class='ocrx_word' id='word_1_483' title='bbox 994 2972 1132 3009; x_wconf 83' lang='lat' dir='ltr'><strong>videt?</strong></span> <span class='ocrx_word' id='word_1_484' title='bbox 1176 2973 1287 3009; x_wconf 82' lang='lat' dir='ltr'><strong>Lu’s.</strong></span> 
     </span>
    </p>

    <p class='ocr_par' dir='ltr' id='par_1_14' title="bbox 993 3023 1870 3453">
     <span class='ocr_line' id='line_1_74' title="bbox 1051 3023 1870 3075; baseline 0 -13"><span class='ocrx_word' id='word_1_485' title='bbox 1051 3026 1250 3063; x_wconf 79' lang='lat' dir='ltr'><strong>Invalidos</strong></span> <span class='ocrx_word' id='word_1_486' title='bbox 1290 3023 1556 3075; x_wconf 82' lang='lat' dir='ltr'><strong>conquirendo]</strong></span> <span class='ocrx_word' id='word_1_487' title='bbox 1614 3025 1713 3063; x_wconf 85' lang='lat' dir='ltr'><strong>MS.</strong></span> <span class='ocrx_word' id='word_1_488' title='bbox 1736 3025 1870 3065; x_wconf 80' lang='lat' dir='ltr'><strong>Guelf.</strong></span> 
     </span>
     <span class='ocr_line' id='line_1_75' title="bbox 996 3079 1866 3131; baseline 0.002 -15"><span class='ocrx_word' id='word_1_489' title='bbox 996 3080 1133 3117; x_wconf 80' lang='lat' dir='ltr'><strong>vitiose</strong></span> <span class='ocrx_word' id='word_1_490' title='bbox 1152 3081 1433 3130; x_wconf 80' lang='lat' dir='ltr'><strong>conquirendos.</strong></span> <span class='ocrx_word' id='word_1_491' title='bbox 1485 3079 1583 3116; x_wconf 84' lang='lat' dir='ltr'><strong>Mox</strong></span> <span class='ocrx_word' id='word_1_492' title='bbox 1606 3080 1710 3118; x_wconf 83' lang='lat' dir='ltr'><strong>Flor.</strong></span> <span class='ocrx_word' id='word_1_493' title='bbox 1729 3079 1866 3131; x_wconf 88' lang='lat' dir='ltr'><strong>(Bud.)</strong></span> 
     </span>
     <span class='ocr_line' id='line_1_76' title="bbox 996 3134 1868 3184; baseline 0.002 -14"><span class='ocrx_word' id='word_1_494' title='bbox 996 3135 1056 3170; x_wconf 87' lang='lat' dir='ltr'><strong>cd.</strong></span> <span class='ocrx_word' id='word_1_495' title='bbox 1092 3146 1151 3183; x_wconf 87' lang='lat' dir='ltr'><strong>pr.</strong></span> <span class='ocrx_word' id='word_1_496' title='bbox 1182 3134 1366 3183; x_wconf 79' lang='lat' dir='ltr'><strong>impubes,</strong></span> <span class='ocrx_word' id='word_1_497' title='bbox 1396 3145 1476 3170; x_wconf 90' lang='lat' dir='ltr'><strong>non</strong></span> <span class='ocrx_word' id='word_1_498' title='bbox 1509 3134 1734 3184; x_wconf 76' lang='lat' dir='ltr'><strong>impuberes,</strong></span> <span class='ocrx_word' id='word_1_499' title='bbox 1765 3135 1868 3183; x_wconf 87' lang='lat' dir='ltr'><strong>quod</strong></span> 
     </span>
     <span class='ocr_line' id='line_1_77' title="bbox 995 3187 1866 3235; baseline 0.001 -11"><span class='ocrx_word' id='word_1_500' title='bbox 995 3187 1112 3235; x_wconf 88' lang='lat' dir='ltr'><strong>bene,</strong></span> <span class='ocrx_word' id='word_1_501' title='bbox 1128 3195 1175 3226; x_wconf 90' lang='lat' dir='ltr'><strong>ut</strong></span> <span class='ocrx_word' id='word_1_502' title='bbox 1185 3188 1297 3234; x_wconf 83' lang='lat' dir='ltr'><strong>alibi,</strong></span> <span class='ocrx_word' id='word_1_503' title='bbox 1314 3199 1336 3224; x_wconf 86' lang='lat' dir='ltr'><strong>a</strong></span> <span class='ocrx_word' id='word_1_504' title='bbox 1351 3188 1521 3224; x_wconf 85' lang='lat' dir='ltr'><strong>Pichena</strong></span> <span class='ocrx_word' id='word_1_505' title='bbox 1535 3189 1788 3226; x_wconf 83' lang='lat' dir='ltr'><strong>restitutum:</strong></span> <span class='ocrx_word' id='word_1_506' title='bbox 1819 3189 1866 3225; x_wconf 88' lang='lat' dir='ltr'><strong>de</strong></span> 
     </span>
     <span class='ocr_line' id='line_1_78' title="bbox 996 3242 1868 3292; baseline 0.001 -13"><span class='ocrx_word' id='word_1_507' title='bbox 996 3254 1118 3290; x_wconf 87' lang='lat' dir='ltr'><strong>eoque</strong></span> <span class='ocrx_word' id='word_1_508' title='bbox 1136 3253 1256 3290; x_wconf 87' lang='lat' dir='ltr'><strong>supra</strong></span> <span class='ocrx_word' id='word_1_509' title='bbox 1271 3242 1431 3283; x_wconf 87' lang='lat' dir='ltr'><strong>dictum.</strong></span> <span class='ocrx_word' id='word_1_510' title='bbox 1471 3244 1575 3279; x_wconf 69' lang='lat' dir='ltr'><strong>,Post</strong></span> <span class='ocrx_word' id='word_1_511' title='bbox 1593 3249 1630 3281; x_wconf 86' lang='lat' dir='ltr'><strong>et</strong></span> <span class='ocrx_word' id='word_1_512' title='bbox 1656 3255 1706 3279; x_wconf 71' lang='lat' dir='ltr'><strong>etc</strong></span> <span class='ocrx_word' id='word_1_513' title='bbox 1727 3244 1868 3292; x_wconf 73' lang='lat' dir='ltr'><strong>pleris-</strong></span> 
     </span>
     <span class='ocr_line' id='line_1_79' title="bbox 995 3295 1867 3346; baseline 0.001 -13"><span class='ocrx_word' id='word_1_514' title='bbox 995 3309 1066 3346; x_wconf 82' lang='lat' dir='ltr'><strong>que</strong></span> <span class='ocrx_word' id='word_1_515' title='bbox 1084 3297 1219 3334; x_wconf 87' lang='lat' dir='ltr'><strong>itidem</strong></span> <span class='ocrx_word' id='word_1_516' title='bbox 1241 3297 1342 3334; x_wconf 83' lang='lat' dir='ltr'><strong>male</strong></span> <span class='ocrx_word' id='word_1_517' title='bbox 1371 3296 1456 3334; x_wconf 82' lang='lat' dir='ltr'><strong>MS.</strong></span> <span class='ocrx_word' id='word_1_518' title='bbox 1486 3296 1582 3345; x_wconf 83' lang='lat' dir='ltr'><strong>Agr.</strong></span> <span class='ocrx_word' id='word_1_519' title='bbox 1599 3297 1730 3334; x_wconf 80' lang='lat' dir='ltr'><strong>Guelf.</strong></span> <span class='ocrx_word' id='word_1_520' title='bbox 1755 3295 1821 3333; x_wconf 85' lang='lat' dir='ltr'><strong>sed</strong></span> <span class='ocrx_word' id='word_1_521' title='bbox 1841 3308 1867 3334; x_wconf 76' lang='lat' dir='ltr'><strong>a</strong></span> 
     </span>
     <span class='ocr_line' id='line_1_80' title="bbox 993 3350 1866 3399; baseline 0.001 -12"><span class='ocrx_word' id='word_1_522' title='bbox 993 3362 1114 3387; x_wconf 86' lang='lat' dir='ltr'><strong>manu</strong></span> <span class='ocrx_word' id='word_1_523' title='bbox 1144 3363 1220 3388; x_wconf 85' lang='lat' dir='ltr'><strong>sec.</strong></span> <span class='ocrx_word' id='word_1_524' title='bbox 1245 3350 1306 3388; x_wconf 84' lang='lat' dir='ltr'><strong>ed.</strong></span> <span class='ocrx_word' id='word_1_525' title='bbox 1342 3362 1402 3399; x_wconf 86' lang='lat' dir='ltr'><strong>pr.</strong></span> <span class='ocrx_word' id='word_1_526' title='bbox 1445 3351 1553 3388; x_wconf 72' lang='lat' dir='ltr'><strong>ERN.</strong></span> <span class='ocrx_word' id='word_1_527' title='bbox 1607 3351 1710 3388; x_wconf 86' lang='lat' dir='ltr'><strong>Bud.</strong></span> <span class='ocrx_word' id='word_1_528' title='bbox 1741 3356 1776 3387; x_wconf 87' lang='lat' dir='ltr'><strong>et</strong></span> <span class='ocrx_word' id='word_1_529' title='bbox 1796 3356 1866 3388; x_wconf 77' lang='lat' dir='ltr'><strong>est.</strong></span> 
     </span>
     <span class='ocr_line' id='line_1_81' title="bbox 995 3405 1516 3453; baseline 0 -11"><span class='ocrx_word' id='word_1_530' title='bbox 995 3405 1136 3444; x_wconf 73' lang='lat' dir='ltr'><strong>Heius.</strong></span> <span class='ocrx_word' id='word_1_531' title='bbox 1155 3405 1312 3443; x_wconf 83' lang='lat' dir='ltr'><strong>volebat</strong></span> <span class='ocrx_word' id='word_1_532' title='bbox 1326 3412 1371 3442; x_wconf 82' lang='lat' dir='ltr'><strong>ut</strong></span> <span class='ocrx_word' id='word_1_533' title='bbox 1389 3410 1444 3442; x_wconf 80' lang='lat' dir='ltr'><strong>est</strong></span> <span class='ocrx_word' id='word_1_534' title='bbox 1456 3405 1516 3453; x_wconf 78' lang='lat' dir='ltr'><strong>pl.</strong></span> 
     </span>
    </p>

    <p class='ocr_par' dir='ltr' id='par_1_15' title="bbox 992 3456 1864 3617">
     <span class='ocr_line' id='line_1_82' title="bbox 1052 3456 1864 3509; baseline -0.007 -11"><span class='ocrx_word' id='word_1_535' title='bbox 1052 3460 1268 3509; x_wconf 66' lang='lat' dir='ltr'><strong>compositi</strong></span> <span class='ocrx_word' id='word_1_536' title='bbox 1289 3459 1488 3496; x_wconf 73' lang='lat' dir='ltr'><strong>seditionis</strong></span> <span class='ocrx_word' id='word_1_537' title='bbox 1519 3456 1708 3506; x_wconf 76' lang='lat' dir='ltr'><strong>auctores]</strong></span> <span class='ocrx_word' id='word_1_538' title='bbox 1767 3456 1864 3492; x_wconf 87' lang='lat' dir='ltr'><strong>Ver·</strong></span> 
     </span>
     <span class='ocr_line' id='line_1_83' title="bbox 995 3509 1864 3562; baseline -0.007 -11"><span class='ocrx_word' id='word_1_539' title='bbox 995 3513 1090 3551; x_wconf 89' lang='lat' dir='ltr'><strong>bum</strong></span> <span class='ocrx_word' id='word_1_540' title='bbox 1104 3514 1305 3562; x_wconf 74' lang='lat' dir='ltr'><strong>compositi</strong></span> <span class='ocrx_word' id='word_1_541' title='bbox 1319 3523 1470 3561; x_wconf 84' lang='lat' dir='ltr'><strong>semper</strong></span> <span class='ocrx_word' id='word_1_542' title='bbox 1486 3517 1708 3559; x_wconf 82' lang='lat' dir='ltr'><strong>suspectum</strong></span> <span class='ocrx_word' id='word_1_543' title='bbox 1726 3509 1864 3555; x_wconf 85' lang='lat' dir='ltr'><strong>habui,</strong></span> 
     </span>
     <span class='ocr_line' id='line_1_84' title="bbox 992 3561 1864 3617; baseline -0.006 -11"><span class='ocrx_word' id='word_1_544' title='bbox 992 3569 1099 3616; x_wconf 85' lang='lat' dir='ltr'><strong>quod</strong></span> <span class='ocrx_word' id='word_1_545' title='bbox 1134 3569 1177 3606; x_wconf 86' lang='lat' dir='ltr'><strong>in</strong></span> <span class='ocrx_word' id='word_1_546' title='bbox 1204 3566 1317 3608; x_wconf 84' lang='lat' dir='ltr'><strong>MSS.</strong></span> <span class='ocrx_word' id='word_1_547' title='bbox 1353 3566 1430 3617; x_wconf 80' lang='lat' dir='ltr'><strong>(est</strong></span> <span class='ocrx_word' id='word_1_548' title='bbox 1458 3566 1577 3603; x_wconf 80' lang='lat' dir='ltr'><strong>etiam</strong></span> <span class='ocrx_word' id='word_1_549' title='bbox 1605 3566 1648 3602; x_wconf 85' lang='lat' dir='ltr'><strong>in</strong></span> <span class='ocrx_word' id='word_1_550' title='bbox 1676 3561 1794 3616; x_wconf 77' lang='lat' dir='ltr'><strong>Eud.)</strong></span> <span class='ocrx_word' id='word_1_551' title='bbox 1824 3567 1864 3601; x_wconf 74' lang='lat' dir='ltr'><strong>et</strong></span> 
     </span>
    </p>
   </div>
  </div>
 </body>
</html>
