2190 3880
245 143 315 211 {ii

273 292 284 299 ι
317 274 531 323 verterat,
565 267 678 335 quia
710 265 767 315 de
798 265 899 314 solo
929 267 1121 314 Tiberio

317 349 482 381 sermo.
569 381 571 385 ,

382 394 588 454 Firmare
607 369 766 446 solitus
787 401 870 456 est]
905 397 981 444 Sic
1007 405 1055 444 et
1077 414 1119 443 c.

290 503 292 506 ,
319 468 398 513 28.
416 471 478 514 et
496 450 568 511 H.
591 469 641 518 2,
664 470 712 511 5.

277 645 282 650 ,
319 600 509 641 auctore
565 594 788 656 scriptum
844 601 962 646 erat,
1005 595 1126 654 quod

318 664 642 720 composuerat.
675 658 751 704 Ad
774 657 841 706 Η.
871 665 914 711 1,
944 663 1016 704 18.
1048 673 1126 703 seu

319 731 390 769 est
414 738 510 785 pro
520 738 597 771 seu
621 725 755 783 quod».
777 722 868 768 hoc
902 722 1007 768 loco
1041 738 1124 767 au-

319 797 416 834 tem
439 788 599 867 durior
631 796 700 832 est
725 787 804 836 illa
836 787 1018 832 dicendi
1051 803 1124 832 ra-

319 854 425 900 tio·
520 895 522 900 .

257 934 305 963 0.
330 925 401 965 10.
424 918 528 971 Sua
549 917 768 978 exempla]
794 915 870 961 Sic
893 924 940 961 et
962 915 1125 961 Livius

323 990 374 1040 7,
397 989 476 1033 38.
498 989 582 1041 29,
606 987 684 1038 27.
706 980 856 1029 Ovid.
879 983 987 1028 Am.
1018 989 1060 1034 1,
1078 985 1125 1027 4.

320 1047 402 1094 46.
459 1046 634 1097 Seneca
690 1045 834 1092 Herc.
879 1047 970 1094 fur.
1017 1050 1126 1102 735.

325 1111 572 1169 cf.G170n
597 1110 653 1158 ad
683 1118 759 1165 13,
784 1111 856 1159 16.

391 1178 524 1230 Quod
560 1176 804 1238 Praefectus
843 1177 944 1223 urbi
983 1190 1130 1221 recens

277 1291 282 1295 ,
324 1245 583 1289 continuam
603 1245 731 1298 etc]
752 1241 922 1287 Recens
945 1240 1002 1285 ad
1027 1255 1130 1287 con-

326 1310 500 1365 tinuam
545 1305 837 1353 referendum
887 1305 1034 1366 (quod
1084 1312 1131 1350 et

282 1373 287 1376 ’
321 1373 590 1435 Bipontinis
613 1373 761 1417 visum
784 1379 832 1416 et
855 1371 990 1428 mihi)
1024 1386 1132 1415 nam
1185 1389 1226 1418 c.

279 1460 282 1462 ·
324 1444 460 1483 antea
510 1439 558 1483 in
613 1443 784 1498 tempus
839 1436 1129 1496 deligebatur.

322 1502 587 1548 Teutabam
609 1501 816 1563 alioquin
836 1516 994 1562 gerens
1015 1506 1132 1546 cont.

317 1574 603 1629 potestatem.
638 1565 835 1612 Mallem
866 1565 922 1611 de
950 1563 1129 1626 reliquo

323 1632 574 1695 Praefectus
595 1632 731 1683 urbis

255 1714 297 1745 c.
330 1703 400 1744 12.
438 1698 668 1754 Quantum
685 1697 953 1758 potuissent]
981 1694 1128 1741 Enal-

256 1762 426 1874 clage
452 1762 564 1813 satis
576 1762 715 1812 trita.

289 1835 403 1875 ..13
439 1828 595 1888 Neque
620 1825 819 1886 segnius]
857 1825 953 1872 ise.
975 1825 1127 1871 minus

256 1844 508 1947 cacriter,
542 1893 692 1939 minus
738 1890 915 1945 sedulo,
954 1898 1025 1937 ut.
1050 1898 1126 1945 11,

327 1965 405 2006 15.
428 1958 502 2005 Cf.
527 1957 806 2012 Arntzenius
820 1956 878 2003 ad
893 1955 1130 2002 Victorem

314 2023 776 2077 ,inCaesa1-.240,.2‚0.
816 2058 817 2061 η
970 2052 973 2055 «

258 2105 300 2136 c.
342 2095 414 2135 15.
457 2089 729 2151 offensiones
762 2087 831 2136 ob,
850 2086 1008 2149 Remp.
1045 2102 1128 2133 coe-

316 2153 445 2217 ptos]
485 2153 613 2199 Bene
649 2154 731 2208 sic,
757 2160 808 2197 ut
832 2168 872 2198 c.
901 2153 1130 2214 30.,ατζ)ἳ-

320 2222 511 2265 nitatem
554 2219 638 2264 sibi
684 2224 884 2280 coeptam.
929 2223 1001 2271 12,
1055 2223 1127 2263 10.

322 2290 510 2346 caeptam
548 2285 810 2329 amicitiam.
860 2281 926 2329 H.
963 2287 1012 2337 4,
1048 2281 1126 2328 61.

322 2354 464 2411 coepta
486 2365 630 2394 arnna.

256 2431 298 2461 c.
349 2414 423 2459 16
473 2416 539 2460 Et
583 2413 869 2475 concedente]
919 2410 1128 2457 Subaudi

323 2480 423 2534 illo,
449 2485 635 2542 ut1,5.
681 2483 836 2534 3,33.
883 2474 956 2545 14,
983 2483 1062 2522 53.

256 2560 316 2592 c.
343 2539 416 2601 17.
453 2545 664 2590 Famam
717 2557 913 2604 praeceps
963 2538 1122 2601 dabat]

324 2611 380 2656 In
414 2623 609 2672 praeceps
640 2618 799 2653 noster
831 2623 941 2652 mox
974 2623 1014 2654 c.
1049 2617 1126 2682 49.

321 2683 371 2720 et
392 2679 443 2729 4,
467 2679 562 2721 22.
585 2672 675 2718 Sed
708 2673 879 2718 omissa
911 2673 1130 2735 praeposi-

320 2741 449 2786 tione
481 2749 530 2784 et
559 2744 610 2793 4,
635 2738 713 2784 62.
760 2746 807 2783 et
841 2736 960 2800 apud
989 2734 1128 2793 alios,

323 2807 501 2851 Auson.
541 2805 588 2850 in
621 2801 824 2850 Mosella
857 2807 969 2858 271.
1014 2804 1130 2848 Am-

323 2870 530 2919 mianum
574 2875 657 2928 29,
710 2875 750 2915 1.
797 2867 1036 2913 Victorem
1082 2868 1131 2914 in

322 2935 437 2980 Caes.
473 2939 546 2978 12.

258 3018 299 3048 c.
330 3006 408 3047 20.
447 2997 635 3051 Qualem
669 2998 787 3043 diem
827 2997 1026 3043 Tiberius
1059 3000 1128 3043 in-

324 3067 511 3121 auisset]
544 3061 808 3124 Aliquando
842 3062 1126 3124 suspicabar,

325 3131 441 3176 diem
477 3144 531 3173 ex
569 3141 681 3171 voce
721 3126 1005 3194 praecedente
1043 3142 1127 3172 na-

322 3209 440 3240 tum.
507 3191 682 3236 Verum
728 3192 851 3237 haud
897 3186 1033 3237 dubie
1080 3193 1128 3236 in

325 3260 463 3306 vmbo
509 3259 720 3302 induisset
765 3257 810 3301 e
836 3257 1129 3318 sequentibus

322 3321 673 3383 intelligendum
719 3322 935 3379 habitune,
983 3331 1033 3367 ut
1078 3327 1127 3374 4,

328 3395 403 3437 12.
459 3386 587 3432 Bene
624 3387 711 3431 hoc
741 3386 854 3432 vidit
890 3385 1126 3439 Heinsius,

325 3455 403 3516 qui
427 3455 480 3499 de
515 3454 603 3506 die,
628 3459 674 3496 et
708 3450 945 3506 Barthius,
972 3452 1051 3512 qui
1081 3454 1129 3497 in.

921 140 1358 193 ADDENDA.

1239 268 1387 329 magis
1409 265 1732 332 propinquum.

1315 334 1365 379 In
1386 334 1502 380 hanc
1511 338 1774 382 sententiam
1789 335 2046 394 adlocutus]

1241 396 1350 444 Tali
1372 414 1481 443 casu
1502 400 1688 446 verbum
1705 407 1768 446 est
1792 400 1916 446 haud
1938 415 2044 446 raro

1202 466 1206 471 ’
1243 462 1487 508 omittitur.

253 543 296 574 c.
319 537 366 587 9.
402 517 491 575 Seu
515 527 842 604 composuerat]
869 527 1046 574 Forsan
1064 526 1125 573 ab
1180 544 1220 573 c.
1243 533 1321 573 21.
1348 529 1575 580 Quantum
1599 531 1922 592 introspiceret]
1937 530 2048 575 Aci-

1185 1259 1226 1286 C·

1243 591 1392 638 dalius
1415 593 1598 639 volebat
1626 600 1814 654 quanto,
1840 594 1918 639 sed
1950 609 2049 640 non

1244 673 1374 720 opus.
1399 658 1473 705 Cf.
1499 658 1563 705 H.
1588 666 1636 715 2,
1661 668 1740 718 99.
1779 658 1940 705 Livius
1963 665 2046 714 32,

1245 730 1290 769 5.
2057 728 2060 730 ’

1309 789 1554 835 Ρνῑεεοὶατιι
1585 790 1884 850 periculorum
1907 794 1953 834 et
1974 789 2046 834 in·

1247 855 1480 911 columem]
1498 854 1710 900 Acidalio
1726 854 1942 917 placebat
1953 855 2046 901 sed.

1244 917 1417 963 Verum
1462 926 1507 964 et
1552 934 1668 982 saepe
1715 919 2049 965 adversativam

1246 982 1632 1043 significationem
1659 985 1817 1037 habet,
1844 999 1932 1030 nec
1954 983 2048 1029 soi-

1247 1047 1522 1094 licitandum
1555 1050 1604 1094 in
1636 1049 1749 1095 locis
1776 1061 1870 1110 seq.
1900 1056 1943 1103 1,
1973 1054 2048 1094 13.

1248 1120 1296 1167 5,
1321 1119 1471 1168 3.11,
1497 1119 1680 1168 23.13‚
1706 1120 1784 1160 22.
1807 1113 1873 1162 H.
1898 1119 1946 1168 2,
1969 1112 2050 1160 46.

1249 1184 1298 1231 3,
1335 1186 1405 1235 19.

1252 1249 1328 1289 22.
1358 1245 1504 1295 Quam
1527 1245 1603 1290 ubi
1625 1245 1825 1304 elegeris]
1849 1242 1935 1305 Nil
1948 1250 2050 1288 mh·

1248 1307 1455 1356 tandum.
1497 1307 1614 1354 Vide
1637 1309 1764 1354 dicta
1787 1308 1843 1354 ad
1869 1314 1916 1363 2,
1940 1313 2021 1366 49.

1272 1378 1351 1419 24.
1400 1374 1784 1425 Quemadmodum
1827 1368 2057 1420 nurum-‘·-

1250 1440 1568 1500 complevisset]
1624 1437 1923 1485 Incommode
1946 1437 2056 1483 sub-

1250 1504 1447 1549 audieris
1460 1503 1764 1567 interfecisset.
1810 1503 1987 1549 Forsan
2007 1504 2057 1548 in

1249 1568 1339 1614 fine
1361 1568 1604 1629 legendum
1624 1567 1896 1630 confecisset.
1907 1566 1982 1614 vel
2004 1571 2054 1614 in

1246 1636 1740 1697 nurum—domumque
1772 1647 1946 1680 omnem
1967 1640 2053 1679 αε-

1247 1699 1376 1745 dibus
1410 1701 1562 1744 onmia
1595 1699 1866 1760 complesset.
1923 1697 2052 1745 Usus

1247 1763 1286 1809 is
1331 1764 1668 1826 praepositionis
1717 1763 1921 1810 occurrit
1972 1769 2048 1817 12,

1245 1835 1326 1876 35.
1359 1830 1472 1874 item
1493 1834 1544 1883 4,
1569 1835 1647 1876 52.
1693 1828 1770 1874 Sic
1793 1837 1842 1874 et
1863 1826 2050 1877 Sallust.

1245 1893 1357 1956 Jug.
1378 1900 1458 1940 31.
1503 1892 1608 1941 Liv.
1631 1899 1713 1948 22,
1737 1898 1816 1941 24.
2069 1904 2074 1916 ·

1212 1994 1223 2005 .
1256 1964 1335 2006 25.
1377 1960 1649 2037 Provirisse]
1684 1952 1862 2006 Forsan
1895 1952 2054 2035 legen-

1246 2023 1358 2069 dum
1401 2039 1486 2087 spe
1523 2025 1832 2070 sustentatam
1881 2026 2051 2085 primo,

1247 2090 1419 2135 vixisse.
1454 2090 1485 2137 i.
1529 2105 1569 2136 e.
1604 2091 1651 2135 in
1684 2090 1785 2135 vita
1815 2089 2051 2154 mansisse.

1250 2153 1321 2200 vel
1338 2156 1484 2200 vitani
1502 2156 1778 2217 produxisse.

1311 2220 1463 2280 AEqui
1506 2217 1752 2282 inpatiens]
1805 2217 1883 2264 Sic
1915 2186 2054 2283 plane

1211 2331 1213 2333 .
1248 2283 1423 2341 Statius
1445 2283 1594 2330 Theb.
1618 2290 1667 2338 3,
1693 2285 1803 2331 603.

1213 2386 1223 2396 .
1259 2355 1338 2406 27.
1376 2350 1632 2408 Conlocavi]
1667 2348 1742 2394 Sic
1773 2364 1938 2411 ponere
1971 2365 2058 2412 pro

1246 2413 1417 2469 dicere,
1442 2414 1683 2465 adfirmare
1707 2414 1871 2460 Cicero
1898 2413 1960 2461 N.
1989 2413 2054 2462 D.

1253 2487 1296 2534 1,
1343 2486 1422 2527 23.
1479 2479 1582 2526 Pro
1621 2478 1776 2526 Coelio
1817 2495 1858 2527 c.
1882 2483 1950 2533 ·.7
2004 2481 2056 2526 in

1246 2542 1379 2591 Verr.
1405 2551 1453 2599 2,
1478 2550 1556 2592 38.
1597 2543 1652 2590 de
1674 2543 1779 2591 Fin.
1803 2549 1851 2599 2,
1875 2540 1955 2603 26.

1214 2644 1225 2655 .
1249 2615 1327 2668 29.
1366 2610 1613 2656 Criminum
1635 2609 1909 2671 urgebatur]
1922 2590 2056 2656 Peri-

1250 2675 1412 2721 zonius
1438 2674 1494 2720 ad
1519 2673 1696 2721 Sanctii
1717 2673 1980 2724 Minervam
2004 2680 2054 2731 2,

1216 2741 1218 2744 ’
1248 2745 1297 2794 3,
1338 2746 1384 2786 3.
1433 2736 1683 2786 dictionem
1728 2737 2057 2788 Cornelianam

1250 2820 1347 2850 esse
1380 2820 1618 2866 nunquam
1652 2805 1764 2850 mihi
1794 2803 2055 2866 ‘persuade-

1250 2870 1336 2915 bit.
1405 2870 1532 2919 Quin
1568 2870 1868 2925 rescribamus
1902 2870 2056 2932 potius

1250 2937 1485 2982 criminum
1517 2938 1564 2982 vi
1595 2936 1837 2996 urgebatur
1868 2933 1940 2980 vel
1966 2936 2055 2980 cri-

1248 3001 1418 3045 minum
1463 3002 1746 3061 arguebatur.
1806 2998 1941 3059 (Non
1987 2999 2056 3044 vi-

1247 3064 1351 3116 deo,
1376 3080 1457 3110 cur
1490 3081 1582 3110 nou
1613 3079 1771 3124 urgere
1792 3064 1868 3109 hic
1901 3065 1961 3109 sit
1986 3064 2059 3110 in-

1248 3132 1444 3175 stantius
1478 3131 1708 3176 adcusare.
1757 3128 1915 3176 Multa
1949 3136 2059 3174 sunt

1250 3193 1369 3257 apud
1394 3193 1609 3240 Tacitum
1633 3194 1852 3240 audacter
1873 3194 2042 3252 dicta).

1313 3259 1447 3304 Nihil
1501 3258 1879 3320 hnc—labefecit]
1939 3258 2054 3305 Ver-

1248 3323 1362 3369 bum
1393 3323 1600 3385 labefecit
1633 3340 1660 3369 a
1693 3323 2054 3385 transpositione

1216 3423 1219 3427 .
1250 3389 1333 3433 viri
1358 3389 1660 3436 eruditissime
1683 3387 1970 3434 defendimus
1995 3387 2055 3434 ad

1248 3451 1490 3508 H.,183.

323 3524 438 3566 diem
472 3516 769 3574 rescribebat,
795 3515 917 3580 quod
942 3515 1127 3569 xenitati
1180 3532 1223 3565 c.
1246 3524 1326 3565 30.
1362 3518 1574 3566 Modicus
1600 3521 1850 3577 severitate]
1887 3516 1962 3564 Sic
1985 3515 2053 3566 Η.
