2190 3880
713 141 890 194 .1.1B.
919 141 1004 193 IV.
1055 141 1218 192 CAP.
1253 147 1335 192 46.
1815 146 1911 198 2579

43 305 52 319 ,
104 267 550 342 Magistratuum,
579 270 934 340 querebatur:
997 288 1083 322 nec
1111 268 1278 338 finem
1327 267 1530 338 inimice
1569 268 1650 321 hic.
1698 268 1972 324 stetissem.
1994 283 2050 325 U.

93 341 362 412 planctum
385 351 432 395 et
457 341 679 394 lamenta
700 350 748 394 et
766 359 1106 412 supremorum
1131 340 1403 411 imaginem
1418 340 1656 409 praesenti
1686 341 1784 393 sibi
1808 341 1909 393 cir·
1936 341 2030 378 824.

106 413 343 466 cnmdata
361 432 474 467 cum
499 414 810 466 contumeliis
831 423 878 467 et
894 412 1118 485 probris,
1139 414 1249 483 qzice
1268 412 1326 463 in
1349 410 1588 464 Senatum
1622 412 1910 465 universum
1922 391 2046 486 Aiff.

92 485 409 556 jacerentur.
485 486 700 550 Vocati,
723 486 820 556 qui
863 486 1245 557 arguebantur.
1324 482 1414 546 Et,
1441 484 1665 553 cognita
1705 502 1912 549 caussa,

110 558 165 608 in
186 557 468 609 convictos
489 558 845 610 vindicatum.
917 557 1292 625 Additamque
1317 554 1425 607 SC.
1463 573 1572 625 quo
1594 554 1917 608 Senensium

153 628 296 682 lebes
348 629 630 683 modestiae
683 629 1080 682 admoneretur.
1158 627 1358 679 Iisdem
1400 627 1590 680 diebus
1644 625 1917 679 Antonius

112 646 356 753 {lamma
383 700 783 771 Cyrenensibus
805 702 1092 753 damnatur
1122 699 1240 769 lege
1274 698 1712 769 repetundarum,
1739 711 1793 749 et
1821 715 1918 750 ex-

111 772 230 826 silio
258 773 330 825 ob
358 773 643 826 saevitiam..
720 773 870 825 Inter
894 790 1016 842 qsuae
1045 771 1291 824 militaris
1319 771 1514 823 seditio
1557 787 1725 841 prope
1762 787 1919 822 exat·
1934 769 2005 823 46

113 844 202 898 sit.
280 844 670 897 Praetorianam
711 844 962 896 militiam
1003 844 1319 914 repetebant
1353 863 1386 895 a
1428 841 1650 894 Vitellio
1690 841 1920 906 dimissi,

91 934 214 987 *pro
238 916 572 986 Vespasiano
594 916 940 987 congregati:
980 929 1035 967 et
1062 915 1291 968 inlectus
1330 915 1386 967 in
1424 914 1650 966 eandem
1690 931 1861 983 spem,
1889 931 1920 967 e

114 987 423 1059 legionibus
450 987 602 1040 miles
633 989 897 1059 promissa
923 987 1192 1058 stipendia
1218 985 1536 1056 flagitabat:
1578 1003 1645 1037 ne
1674 985 1922 1037 Vitellia-

116 1061 171 1113 ni
199 1060 418 1129 quidem
446 1059 560 1112 siue
588 1059 759 1112 multa
783 1060 933 1112 caede
963 1059 1086 1130 pelli
1116 1068 1398 1129 poterant3
1438 1058 1531 1109 sed
1560 1057 1803 1109 inmensa
1828 1075 1926 1128 pe-

118 1132 280 1185 cunia
304 1131 604 1195 dicebatur,
632 1149 737 1202 qua
765 1143 917 1184 tanta
945 1132 1022 1184 vis
1051 1131 1332 1183 hominum
1356 1128 1633 1181 retinenda
1659 1141 1790 1181 erat.
1831 1129 1927 1182 In·

121 1221 333 1276 gressus
366 1215 544 1257 castra
571 1202 883 1270 MucianuS,
911 1212 1019 1273 quo
1048 1202 1246 1255 rectius
1274 1200 1545 1272 stipendia
1586 1200 1926 1272 singulorum

121 1366 215 1401 712.
245 1365 287 1399 et
314 1363 486 1400 Grutero
509 1374 548 1411 p.
568 1366 663 1408 372,
683 1368 722 1403 7.
750 1362 999 1411 productum.

122 1417 160 1454 1s
193 1417 297 1453 enim
322 1417 371 1453 ad
398 1418 558 1454 Senium
589 1417 798 1454 Dalmatiae
831 1421 998 1466 spectat,

119 1474 222 1507 teste
249 1470 406 1519 Apiano
434 1483 472 1520 p.
497 1475 590 1511 367.
619 1471 686 1520 qui
708 1472 860 1520 primus
880 1472 998 1509 dedit.

123 1523 240 1563 Hanc
268 1526 429 1563 Senium
454 1536 533 1562 non
561 1537 645 1562 esse
675 1526 804 1564 Taciti
828 1526 890 1563 vel
908 1527 998 1564 inde

121 1582 290 1624 constat,
317 1580 420 1629 quod
447 1580 597 1617 Plinius
635 1586 675 1626 3,
705 1587 752 1618 21
789 1579 892 1632 (25).
919 1592 999 1617 non

123 1633 284 1672 coloniis
312 1646 399 1672 eam
434 1635 681 1682 adnumerat,
709 1647 830 1684 quum
863 1639 1000 1672 contra

123 1689 239 1725 istam
254 1688 456 1726 Hetruriae
474 1689 527 1726 ib.
548 1694 570 1726 5
593 1688 668 1741 (8).
688 1691 876 1728 coloniam
895 1690 1000 1727 dicat

125 1744 339 1782 Senensem.

180 1799 352 1847 Cognita
383 1797 540 1848 caussa]
573 1799 623 1837 In'
656 1799 835 1838 Freinsh.
866 1800 925 1836 ed.
964 1805 1004 1838 2.

115 1850 234 1900 jussa
250 1853 366 1898 male,
386 1853 501 1902 idque
531 1858 570 1890 et
598 1854 639 1890 in
657 1854 716 1891 ed.
732 1855 771 1892 J.
790 1855 855 1892 Fr.
879 1855 1002 1892 Gron.

127 1907 182 1944 sic
199 1913 409 1944 servatum.

182 1962 235 1998 In
260 1963 449 2000 convictos
478 1961 732 2012 vindicatum]
766 1962 917 2000 Imitari
947 1961 1005 1998 vi·
1045 1967 1047 1970 “

127 2015 242 2054 detur
274 2015 505 2054 Sallustium
538 2017 627 2056 Cat.
647 2023 686 2057 9.
711 2022 754 2055 et
778 2017 866 2054 aliis
894 2017 1003 2053 locis.

127 2071 201 2108 Sed
218 2074 351 2109 tamen
368 2077 408 2107 et
425 2071 560 2108 Cicero
577 2072 648 2109 hac
666 2071 791 2109 forma
815 2083 910 2109 usus
936 2075 1007 2107 est.

128 2128 176 2162 ut
192 2124 304 2162 Verr.
326 2130 366 2171 5,
387 2130 451 2162 50.
479 2126 587 2163 ERN.

185 2180 458 2230 Cyrenensibus
475 2179 699 2230 daninatur]
732 2182 807 2218 Pro
825 2194 850 2217 a
872 2182 1009 2231 Cyren.

130 2238 176 2270 ut
205 2234 346 2283 corrigi
373 2233 530 2273 volebat
556 2235 617 2272 vir
643 2235 780 2272 doctus
808 2235 849 2272 in
886 2245 1010 2282 marg.

131 2288 277 2337 Gryph.
319 2287 525 2326 Damnare
558 2301 636 2338 quo
666 2301 783 2327 sensu
810 2290 875 2326 hic
905 2289 1005 2327 acci-

132 2342 334 2391 piendum,
353 2353 474 2391 supra
495 2343 645 2381 dictum
674 2345 726 2382 A.
755 2350 797 2390 3,
815 2348 886 2382 36.
932 2343 1007 2381 Sed

132 2396 409 2447 Cyrenensibus
440 2398 590 2446 primus
624 2397 747 2435 edidit
780 2399 907 2437 Rhen.
942 2397 1008 2449 (ex

130 2450 306 2502 ingenio)
327 2450 438 2489 MSS.
454 2455 496 2489 et
508 2452 594 2489 edd.
609 2456 703 2490 aute
719 2452 847 2490 Rhen.
867 2454 1008 2503 Cyren-

132 2506 252 2551 sibus,
271 2506 334 2543 vel
364 2507 593 2550 Ciremibue.
636 2508 684 2545 In
707 2507 791 2545 MS.
820 2507 918 2556 Agr.
948 2519 1013 2544 su-

137 2571 211 2608 pra
223 2559 410 2608 scriptum
431 2561 680 2598 Cretensibus.
707 2556 819 2599 Nihil
837 2563 880 2598 in
898 2562 1015 2598 silen-

134 2614 193 2652 tio
209 2613 374 2651 aliorum
398 2614 446 2650 de
470 2615 542 2651 hoc
570 2615 747 2652 Flamma
765 2616 1015 2665 scriptorum,

138 2668 236 2705 certi
255 2669 488 2716 dicipotest.
531 2669 639 2706 ERN.

191 2723 479 2760 Proetorianam
507 2721 710 2774 militiam]
742 2724 803 2760 De
831 2725 903 2762 hoc
931 2725 1016 2761 loco

136 2776 222 2825 agit
237 2778 415 2815 Perizon.
437 2778 484 2814 de
502 2779 661 2815 Praetor.
690 2779 781 2817 diss.
798 2784 836 2817 2.
862 2790 903 2828 p.
928 2784 1016 2817 134.

139 2832 249 2870 Eas.

192 2886 338 2923 Lectus
365 2887 407 2923 in
440 2886 597 2924 eandem
628 2886 751 2937 spem]
801 2887 863 2924 Sic
895 2886 987 2924 libri
1001 2891 1018 2923 :⁴

140 2940 218 2978 uisi
247 2940 349 2988 quod
379 2939 439 2976 ed.
470 2952 530 2988 pr.
559 2943 681 2979 lectus
715 2942 845 2980 eadem
877 2944 1014 2991 specie,

140 2995 280 3032 vitiose
299 3005 369 3042 pro
386 3007 450 3043 spe
462 3008 473 3030 .·
502 2995 606 3043 quod
621 2996 756 3032 eodem
775 2997 889 3034 redit.
943 2997 1021 3034 Sed

133 3054 215 3102 pro
251 3050 372 3086 lectus
407 3049 591 3086 Muretus
635 3049 808 3088 malebat
851 3057 1020 3088 erectus.-

140 3103 245 3153 quod
262 3102 440 3153 placebat
467 3104 588 3141 etiam
607 3104 765 3143 Ursino.
821 3104 959 3144 Erec-ti
981 3106 1024 3141 in

142 3170 247 3207 spem
281 3157 483 3203 dicuntur,
517 3158 584 3206 qui
631 3170 703 3195 sua
736 3162 874 3207 sponte
911 3170 1021 3206 spem

145 3211 384 3260 concipiunt.
438 3214 495 3250 At
523 3213 585 3249 hic
612 3214 803 3262 promissa
828 3212 1023 3261 stipendia

145 3265 350 3313 flagitant3
371 3267 472 3314 quod
486 3266 630 3304 indicio
645 3271 718 3314 est,
734 3268 781 3305 iis
798 3279 908 3316 spem
923 3269 1024 3305 Prae-

147 3320 310 3357 torianae
335 3321 486 3358 militiae
514 3321 672 3359 factam.
729 3324 868 3371 Itaque
893 3322 1027 3359 malim

147 3373 299 3410 illectus
310 3375 373 3411 vel
388 3376 564 3421 allectus,
576 3376 626 3412 ab
646 3377 812 3415 allicere.
854 3378 900 3415 In
920 3388 1027 3424 spem

148 3426 306 3463 allicere
340 3432 400 3465 est
440 3430 588 3466 usitata
621 3429 734 3467 bonis
773 3431 1029 3479 scriptoribus

150 3481 317 3530 phrasis.
354 3483 500 3520 Fraudi
513 3485 621 3521 fuere
636 3484 755 3521 verba
765 3499 784 3522 e
797 3486 1030 3533 leg-ionibus,

151 3547 239 3583 qum
264 3534 314 3571 ad
341 3538 595 3585 participium
619 3538 843 3577 referebant
859 3539 1030 3585 librarii,

151 3601 241 3628 cum
271 3589 321 3626 ad
346 3590 456 3629 miles
485 3592 689 3630 referenda
714 3593 807 3633 sint.
863 3594 986 3631 Miles
1013 3606 1034 3630 e

1051 1361 1270 1410 legionibus
1288 1363 1348 1398 est
1364 1359 1620 1409 legionariuS,
1637 1362 1683 1395 ut
1699 1357 1808 1397 alibi.
1854 1358 1931 1396 Fa-

1053 1422 1117 1453 cta
1160 1419 1246 1452 erat
1290 1415 1518 1463 legionariis
1562 1425 1649 1463 spes
1684 1412 1931 1451 Praetorianae

1052 1470 1220 1516 militiae,
1242 1473 1289 1507 ut
1314 1481 1359 1506 eo
1387 1469 1577 1506 firmiores
1603 1473 1735 1504 essent
1766 1471 1807 1505 et
1839 1479 1933 1504 con-

1054 1525 1263 1562 stantiores
1293 1524 1335 1561 in
1366 1523 1545 1573 partibus
1576 1521 1786 1560 Flavianis.
1831 1522 1932 1559 Pro-

1053 1581 1171 1618 missa
1189 1579 1384 1628 stipendia
1402 1582 1495 1616 sunt
1517 1577 1712 1627 stipendia
1728 1577 1935 1614 Praetoria-

1053 1647 1121 1680 na,
1139 1634 1284 1670 militia
1310 1633 1560 1670 Praetoriana.
1605 1632 1713 1670 ERN.
1763 1632 1934 1670 Ursinus

1053 1689 1162 1738 vulg.
1192 1688 1287 1726 dicit
1313 1699 1395 1724 esse
1427 1687 1583 1732 electu-5,
1614 1686 1716 1737 quod
1751 1686 1934 1735 nuspiam

1057 1743 1223 1792 reperio.
1281 1743 1453 1780 Inlectns
1471 1753 1559 1779 cum
1576 1740 1668 1789 Bip.
1686 1740 1846 1789 recipio.

1112 1798 1218 1836 Pelei
1238 1795 1435 1847 poterant]
1468 1797 1516 1834 In
1534 1795 1620 1833 MS.
1639 1795 1743 1833 Flor.
1764 1806 1937 1845 sequun-

1057 1856 1124 1890 tur
1160 1851 1279 1889 verba
1313 1852 1381 1888 sed
1423 1853 1609 1890 immensa
1645 1850 1814 1899 pecunia
1845 1849 1937 1898 fer-

1058 1907 1152 1944 item
1169 1907 1212 1944 in
1230 1906 1361 1944 Guelf.
1391 1905 1435 1942 in
1464 1916 1540 1954 quo
1566 1907 1626 1941 est
1640 1905 1798 1955 firunt,
1817 1908 1858 1942 et
1876 1903 1939 1945 ed.

1058 1973 1119 2011 pr.
1138 1962 1180 1999 in
1198 1972 1276 2010 qua
1287 1957 1366 2009 fi?
1377 1972 1390 1995 .·
1418 1959 1521 2008 quod
1539 1959 1640 1996 idem
1658 1962 1730 1997 est.
1770 1960 1818 1996 In
1838 1959 1940 2007 Agr.

1059 2016 1138 2053 alia
1166 2014 1287 2053 verba
1313 2014 1514 2052 adduntur
1543 2025 1564 2050 e
1589 2025 1624 2051 c.
1656 2018 1723 2051 53.
1755 2013 1822 2050 sed
1851 2016 1942 2061 post

1061 2072 1142 2109 haec
1165 2069 1422 2118 transpositio
1446 2069 1489 2105 in
1514 2066 1644 2106 tribus
1670 2066 1867 2117 prioribus
1894 2066 1943 2104 li-

1062 2125 1159 2162 bris.
1203 2124 1437 2173 Sequuntur·
1459 2121 1564 2160 enim
1587 2133 1608 2159 e
1635 2134 1668 2160 c.
1696 2126 1760 2159 52.
1792 2134 1840 2159 ne
1866 2122 1944 2159 cri·

1062 2180 1297 2218 minantium
1325 2178 1493 2223 nunciis,
1507 2226 1510 2227 ⁷
1525 2187 1648 2227 usque
1682 2176 1731 2214 ad
1761 2177 1880 2214 finem
1907 2187 1943 2213 c.

1066 2239 1132 2272 53.
1168 2233 1368 2270 retinenda
1395 2237 1494 2270 erat.
1537 2230 1777 2269 Puteolanus
1808 2243 1853 2268 eo
1881 2243 1944 2268 or-

1059 2289 1166 2334 dine,
1184 2287 1252 2336 qui
1280 2299 1386 2324 nunc
1406 2289 1488 2333 est,
1511 2286 1645 2324 edidit.
1690 2287 1800 2325 ERN.
1847 2284 1941 2323 Scil.

1034 2374 1036 2378 ,
1061 2344 1131 2389 sic,
1144 2345 1191 2379 ut
1204 2345 1292 2391 post
1304 2343 1402 2391 pelli
1411 2347 1591 2391 poterant
1609 2341 1741 2378 statim
1756 2345 1944 2389 sequatur

1064 2399 1269 2447 Ingressus
1304 2401 1433 2434 castra
1466 2399 1540 2433 etc.
1586 2396 1648 2433 Ita
1679 2395 1794 2444 plane
1825 2394 1946 2432 habet

1062 2452 1167 2490 Bud.
1199 2450 1284 2488 cod.
1317 2454 1358 2487 et
1389 2448 1543 2488 Puteol.
1573 2450 1693 2487 editio
1720 2461 1809 2486 cum
1840 2460 1946 2497 seqq.

1067 2506 1214 2555 absque
1238 2504 1308 2542 illa
1335 2504 1657 2554 transpositione,
1678 2515 1795 2552 quam
1821 2514 1841 2539 e
1860 2506 1947 2540 cod.

1068 2561 1171 2600 Flor.
1198 2560 1352 2597 notavit
1373 2560 1480 2597 Pich.
1519 2558 1582 2609 (de
1613 2559 1745 2596 Guelf.
1777 2561 1817 2594 et
1846 2558 1946 2605 Agr.

1070 2614 1251 2652 dubitare
1295 2611 1421 2664 licet).
1468 2613 1614 2660 Verba,
1645 2623 1730 2662 quae
1775 2612 1817 2649 in
1862 2611 1947 2649 cod.

1071 2671 1170 2718 Agr.
1187 2668 1399 2712 adduntur,
1421 2671 1515 2705 sunt
1543 2668 1639 2704 ista:
1656 2663 1737 2704 'sed
1761 2668 1949 2704 immensa

1064 2724 1231 2774 pecunia
1265 2728 1381 2760 tanta
1420 2723 1478 2760 vis
1521 2722 1717 2759 hominum
1750 2719 1950 2758 retinenda

1070 2784 1166 2816 erat.
1221 2778 1283 2814 Ex
1309 2776 1453 2825 quibus
1470 2775 1622 2813 collatis
1651 2787 1740 2814 cum
1775 2775 1839 2820 iis,
1864 2785 1953 2823 quae

1072 2844 1120 2870 ex
1137 2831 1220 2869 cod.
1246 2830 1351 2869 Flor.
1373 2834 1414 2868 et
1440 2830 1573 2869 Guelf.
1599 2831 1841 2875 referuntur,
1858 2828 1950 2878 Bip.

1069 2898 1165 2936 quos
1200 2884 1342 2923 lubens
1373 2896 1529 2933 sequor,
1558 2888 1672 2923 acute
1707 2895 1786 2921 non
1820 2883 1952 2921 minus

1069 2953 1187 2990 quam
1205 2951 1294 2978 vere
1312 2940 1439 2977 locum
1457 2945 1634 2977 nostrum
1654 2940 1712 2977 ita
1727 2939 1950 2988 refinguut=

1074 2996 1142 3032 sed
1151 2997 1324 3033 inmensa
1337 2996 1508 3044 pecunia
1524 2994 1735 3039 dicebatur,
1746 2995 1824 3044 φατ’
1840 2998 1954 3032 tama

1075 3052 1134 3088 vis
1161 3049 1354 3090 hominum
1383 3049 1582 3086 retinenda
1599 3054 1698 3094 erat,
1717 3046 1787 3086 ubi
1807 3047 1958 3086 diceba·

1077 3111 1142 3143 tur
1160 3104 1246 3141 loco
1262 3102 1569 3153 ffoffser(ebatur)
1591 3103 1695 3141 Flor.
1710 3114 1781 3151 pro
1793 3102 1958 3151 promit·

1075 3158 1240 3197 rebatur.
1270 3160 1317 3194 ut
1337 3157 1443 3206 apud
1467 3157 1640 3194 Nonium
1657 3163 1698 3203 4,
1721 3162 1808 3194 122.
1844 3157 1959 3194 Cete-

1076 3223 1163 3250 rum
1190 3210 1311 3248 verba
1330 3212 1426 3249 ista:
1456 3224 1530 3262 quo
1547 3217 1661 3250 tanta
1687 3212 1745 3249 vis
1761 3211 1959 3248 hominnm

1077 3265 1279 3306 retinenda
1314 3272 1413 3312 erat,
1448 3267 1569 3315 capiti
1615 3271 1683 3304 53.
1730 3265 1957 3302 nullatenus

1081 3320 1305 3367 convenire,
1322 3320 1446 3359 sensit
1464 3332 1543 3358 non
1556 3332 1670 3358 nemo
1683 3321 1962 3367 interpretum.

1082 3375 1147 3414 Sic
1163 3375 1315 3413 Guerin
1331 3387 1411 3413 non
1426 3375 1557 3412 videre
1585 3387 1625 3413 se
1653 3375 1725 3419 ait,
1753 3373 1845 3422 quid
1868 3372 1961 3408 alti-

1083 3431 1176 3467 tudo
1188 3431 1328 3479 templo
1341 3429 1493 3478 adjecta
1506 3430 1559 3467 ad
1574 3436 1727 3467 tantam
1745 3428 1823 3463 vim
1840 3426 1966 3463 homi-

1084 3496 1178 3522 num
1196 3485 1436 3522 retinendam
1454 3482 1586 3520 faciat.
1631 3484 1679 3520 In
1695 3481 1799 3518 Bud.
1824 3480 1876 3529 τῷ
1901 3479 1963 3516 in·

1083 3550 1242 3588 gressus
1260 3543 1299 3574 2.
1318 3549 1369 3574 m.
1387 3536 1531 3582 adjecit
1541 3543 1630 3586 post
1649 3537 1731 3573 laec.

1141 3592 1348 3640 Stipendia
1365 3590 1569 3643 opectaret]
1593 3588 1788 3629 Usitatius
1806 3586 1886 3628 dixi

1150 3651 1247 3696 'r4
