2190 3880
687 159 870 212 ffLIB.
905 160 989 211 IV.
1037 155 1199 209 CAP.
1234 164 1315 212 29.
1823 164 1919 209 265

39 338 41 340 .
87 289 301 343 ‘festius
327 289 383 342 in
400 287 578 353 Ubiis,
605 289 751 359 quod
780 307 912 361 gens
937 289 1280 342 Germanicae
1309 287 1556 357 originiS,
1579 288 1789 359 ejurata
1825 307 1923 360 pa·
1938 309 1990 347 A.
2008 307 2061 347 υ,

110 362 245 426 tria,
262 360 632 413 Romanorum
663 379 879 427 nomen,
908 361 1320 431 Agrippinenses,
1347 371 1688 414 vocarentur.
1746 360 1922 413 Caesae
1957 365 2049 402 823·

80 433 361 485 -cobortes
398 450 605 498 eorum,
643 434 697 485 in
734 434 858 486 vico
910 432 1262 497 MarcodurO,
1302 431 1625 484 incuriosius
1681 418 1992 503 agenteS,A‘
2016 419 2063 456 Ο·

108 505 236 574 quia
254 503 441 576 procul
462 505 579 575 ripa
596 506 836 557 aberant.
878 505 997 557 Nec
1017 505 1276 575 quievere
1299 502 1453 567 Ubii,
1474 503 1765 572 quominus
1787 522 1926 574 prae-

107 577 202 628 das
227 595 258 628 e
286 577 585 637 Germania
614 588 890 648 peterent:
933 578 1107 648 primo
1148 576 1368 646 inpune,
1407 575 1532 627 dein
1566 574 1925 629 circumventi

59 695 61 698 ,
109 661 268 715 sunt;
309 666 404 720 per
439 666 601 700 omne
641 650 694 701 id
734 649 931 701 bellum
972 649 1193 700 meliore
1231 648 1310 699 usi
1341 647 1466 714 fide,
1495 663 1658 717 quam
1687 645 1925 701 fortuna.

110 719 370 772 Contusis
403 721 581 784 Ubiis,
610 721 828 792 gravior
853 735 908 772 et
935 738 1184 772 successu
1224 738 1399 772 rerum
1439 719 1673 772 ferocior
1712 717 1925 782 Civilis,

112 792 386 844 obsidium
413 792 691 862 legionum
721 794 982 861 urgebat:
1022 792 1246 843 intentis
1274 791 1554 855 custodiiS,
1581 808 1648 842 ne
1674 791 1795 859 quis
1833 809 1927 842 oc·-

108 864 284 922 cultus
313 865 532 915 nuntius
563 865 827 916 venientis
856 863 1045 916 auxilii
1076 875 1398 934 penetraret.
1475 861 1769 915 Machinas
1808 880 1928 914 mo-

107 935 322 1006 lemque
371 953 596 1006 operum
638 935 860 988 Batavis
899 936 1140 1007 delegat:
1179 935 1641 999 TransrhenanOS,
1682 933 1926 1005 proelium'

111 1007 404 1078 poscentiS,
431 1006 501 1059 ad
519 1007 844 1060 scindendum
882 1007 1074 1059 vallum
1112 1009 1204 1071 ire,
1226 1006 1542 1078 detrusosque
1578 1005 1926 1077 redintegrare

83 1078 581 1148 ·.certamen,jubet;
621 1092 908 1150 superante
930 1079 1279 1132 multitudine
1311 1092 1365 1131 et
1393 1079 1540 1131 facili
1563 1079 1782 1131 damno.
1821 1095 1924 1131 nee

107 1151 269 1203 finem
299 1151 470 1203 labori
505 1169 616 1203 nox
651 1152 864 1203 adtulit.
942 1151 1235 1222 Congestis
1278 1153 1483 1203 circum
1529 1150 1692 1221 lignis
1732 1154 2009 1207 accen-29

46 1242 47 1246 ¹
78 1224 305 1294 sisque,
333 1222 492 1275 simul
530 1223 828 1294 epulanteS,
853 1234 912 1275 ut
950 1224 1178 1292 quisque
1208 1224 1334 1274 vino
1374 1221 1688 1287 incaluerat,
1716 1223 1784 1274 ad
1826 1238 1923 1293 pu'-

106 1312 268 1366 gnam
299 1296 602 1347 temeritate
629 1295 774 1347 inani
804 1295 1135 1347 ferebantur.
1175 1295 1399 1366 Quippe
1427 1295 1667 1366 ipsorum
1694 1294 1800 1346 tela
1829 1312 1922 1364 per

107 1368 355 1418 tenebras
381 1379 549 1420 vana:
595 1366 835 1419 Romani
858 1368 1208 1438 conspicuam
1237 1367 1599 1419 Barbarorum
1628 1367 1820 1428 aciem,
1848 1377 1921 1429 et,

108 1439 150 1490 si
180 1439 300 1509 quis
327 1438 552 1491 audacia
579 1441 674 1491 aut
712 1439 1018 1508 insignibus
1057 1438 1341 1508 effulgenS,
1370 1439 1438 1490 ad
1475 1439 1646 1490 ictum
1686 1438 1923 1491 destina-

105 1511 256 1562 bant.
311 1509 653 1563 Intellectum
684 1511 737 1562 id
763 1511 925 1562 Civili
948 1532 960 1563 z
998 1524 1070 1576 et,
1097 1510 1329 1563 restincto
1356 1511 1491 1582 igne,
1516 1510 1714 1562 misceri
1741 1519 1923 1562 cuncta

102 1582 319 1634 tenebris
342 1590 390 1635 el
426 1582 798 1653 armis,jubet.
873 1582 1012 1634 Tum
1054 1601 1181 1634 vero
1221 1585 1477 1653 strepitus
1516 1583 1739 1648 dissoni,
1767 1600 1922 1634 casus

101 1653 314 1717 incerti,
344 1672 517 1724 neque
542 1655 787 1719 feriendi,
813 1672 984 1725 neque
1012 1654 1322 1707 declinandi
1350 1655 1709 1726 providentia.
1760 1654 1922 1707 Unde

103 1724 308 1778 clamor
335 1726 623 1791 acciderat,
647 1727 1015 1798 circumagere
1043 1744 1290 1797 corpora,
1319 1727 1535 1779 tendere
1563 1744 1744 1779 arcus:
1785 1725 1925 1779 nihil

1967 476 2035 515 70.

160 1863 266 1908 Quos
293 1874 419 1911 genus
447 1860 702 1911 Germanicae]
747 1862 782 1898 E
809 1861 984 1899 Budensi
1094 1862 1323 1910 Insignibus
1339 1861 1546 1912 effulgens]
1581 1862 1665 1899 MS.
1689 1861 1786 1910 Agr.
1815 1861 1925 1898 addit

100 1919 143 1953 et
159 1917 336 1955 Romano
363 1916 535 1966 colligas,
555 1917 658 1967 quod
679 1929 779 1965 gens
807 1918 985 1953 German.
1039 1917 1172 1953 armis.
1201 1914 1385 1964 Ins-ignia
1404 1928 1514 1953 arma
1532 1928 1610 1953 non
1629 1928 1709 1952 uno
1719 1916 1804 1952 loco
1824 1916 1924 1953 dixit

103 1979 145 2007 et
163 1971 312 2016 statim,
330 1977 563 2008 vocarentur.
610 1972 722 2008 Lu’s.
766 1971 830 2008 Ita
857 1970 985 2019 place·
1041 1970 1202 2007 Livius:
1233 1971 1299 2006 sed
1327 1974 1368 2007 et
1395 1971 1498 2007 infra
1527 1982 1558 2008 c.
1586 1974 1651 2007 46.
1686 1971 1861 2019 insignia
1884 1973 1927 2007 et

100 2024 174 2062 bat
209 2031 250 2062 et
285 2025 476 2062 Rhenano
508 2025 700 2074 aliisque:
737 2025 824 2061 aliis
857 2025 986 2062 aliter.
1042 2037 1152 2061 arma
1181 2024 1495 2072 distinguuntur.
1552 2026 1736 2073 Insignia
1765 2025 1812 2060 de
1840 2029 1926 2062 toto

102 2079 199 2116 Mox
218 2080 373 2128 Lipsius
391 2080 537 2129 aliique
562 2081 763 2116 Romano.-
792 2081 987 2116 Gruterus
1040 2082 1183 2115 ornatu
1210 2079 1372 2115 militari
1400 2080 1601 2128 capienda.
1629 2079 1689 2116 H.
1723 2084 1759 2124 1,
1778 2084 1845 2117 38.
1880 2084 1927 2116 ut

99 2145 171 2183 per
187 2135 354 2183 glossam
372 2134 546 2171 additum
564 2135 828 2170 Romanorum
851 2146 986 2170 nomen

104 2187 224 2236 (quod
260 2188 407 2225 habent
448 2188 559 2225 MSS.
603 2188 708 2224 Flor.
752 2187 854 2224 Bud.
889 2188 986 2236 Agr.

103 2242 219 2290 (Reg.
239 2240 354 2293 Lau.)
375 2242 435 2278 ed.
456 2240 532 2292 pr.)
554 2243 669 2291 idque
687 2242 728 2278 in
748 2246 900 2278 textum
921 2254 986 2279 ve·-

100 2296 222 2341 nisse,
239 2297 330 2334 dein
347 2300 546 2334 mutatum
565 2308 648 2333 esse
677 2297 719 2332 in
737 2297 788 2333 R.
818 2296 983 2342 nomine,

98 2351 255 2388 favente
290 2351 451 2399 Ryckio.
508 2350 563 2388 At
595 2352 635 2388 J.
668 2351 890 2387 Gronovius
922 2350 983 2401 (it.

99 2405 212 2444 Brot.
229 2404 343 2456 Lau.)
380 2405 477 2442 illud
493 2404 621 2454 ipsum
638 2405 903 2442 Romanorum
916 2417 984 2442 no·

98 2471 185 2496 men
219 2460 384 2508 recepit,
418 2470 647 2508 comparans
683 2459 780 2496 illud
796 2472 805 2495 τ
847 2472 983 2496 nomen

98 2526 170 2562 ego
187 2516 411 2552 Ausonias.-
441 2526 557 2563 quem
583 2526 670 2560 nos,
691 2515 740 2550 ob
769 2514 983 2550 auctorita-

99 2571 179 2604 tem
197 2567 403 2614 librorum,
421 2570 544 2605 secuti
562 2580 713 2606 sumus,
747 2569 870 2607 Iidem
889 2568 983 2604 libri

100 2628 350 2659 vocarentur.-
378 2618 499 2659 ceteri
526 2623 618 2659 inde
645 2635 670 2659 a
687 2622 839 2659 Puteol.
857 2633 982 2671 usque

98 2676 147 2712 ad
163 2675 372 2713 Pichenam
389 2682 578 2714 vocarent.
623 2677 732 2714 ERN·
769 2676 870 2712 Bud.
889 2688 984 2725 quos

95 2742 207 2779 gens.
222 2775 227 2778 ¹
241 2731 332 2779 Bip.
347 2731 556 2768 lectionem
568 2731 755 2768 Gronovii
771 2734 812 2767 et
822 2731 982 2767 Ernesti

98 2789 270 2829 servant,
290 2786 357 2822 sed
389 2787 655 2822 Romanorum
681 2797 816 2822 nomen
845 2785 893 2821 iis
923 2788 983 2822 est

100 2838 214 2876 Rom.
234 2841 398 2886 colonia,
413 2840 522 2888 quasi
527 2840 696 2888 fizmilia
710 2839 769 2876 vel
788 2837 981 2886 clientela,

99 2897 146 2930 ut
163 2894 214 2930 A.
232 2900 273 2939 3,
289 2894 356 2931 3⁴0.
394 2896 436 2931 in
452 2906 586 2930 nomen
605 2894 824 2931 adsciscere.

152 2949 204 2984 In
230 2949 312 2985 vieo
338 2947 591 2998 filare-aduro]
624 2948 754 2986 Hodie
770 2946 916 2985 Dizren
931 2946 980 2984 ad

96 3001 259 3040 nutam.

151 3057 236 3094 Nee
240 3057 366 3105 finem
383 3057 507 3094 labori
524 3069 603 3093 nox
615 3055 766 3106 attulit]
790 3055 863 3093 Ed.
879 3055 980 3092 Ven.

96 3122 166 3148 nec
184 3111 310 3159 finem
340 3112 494 3161 quidem
526 3111 662 3148 labori.
715 3111 882 3147 Videtur
904 3110 978 3147 iste

96 3165 214 3202 codex
233 3165 472 3212 significare:
506 3166 567 3202 Ne
584 3177 665 3202 noa·
685 3166 838 3214 quidem
853 3165 979 3213 finem

96 3219 222 3256 labori
246 3221 394 3257 attulit.
450 3222 586 3257 Giton.
641 3219 831 3257 Similiter
852 3219 979 3256 Oxon.

98 3271 231 3310 Guelf.
248 3285 295 3310 ne
308 3275 433 3322 finem
450 3275 603 3324 quidem
620 3275 755 3312 labori.
814 3274 886 3310 Ed.
903 3273 980 3309 Ve-

98 3329 198 3363 netae
217 3327 244 3364 i.
261 3339 296 3365 e.
318 3328 470 3366 Puteol.
499 3329 751 3366 consentiunt
778 3328 870 3366 Ber.
892 3327 977 3364 Alc.

97 3379 310 3428 Vulgatum
330 3387 388 3419 est
407 3381 455 3418 ab
474 3384 533 3420 ed.
553 3394 612 3431 pr.
631 3384 758 3420 Rhen.
780 3383 894 3431 idque
914 3393 980 3418 ve-

97 3444 202 3480 rum,
218 3435 319 3483 quod
337 3441 376 3472 et
394 3437 479 3475 MS.
505 3438 627 3478 (Flor.
649 3435 763 3486 Agr.)
795 3438 892 3485 Reg.
910 3436 982 3473 ha-

98 3487 180 3524 bet.
228 3489 516 3527 Gronovianam
534 3495 665 3527 tamen
685 3492 980 3539 correctionem,

96 3543 131 3578 si
149 3541 238 3579 libri
257 3544 378 3590 magis
397 3545 588 3591 faverent,
607 3544 827 3593 probarem.
870 3546 981 3586 ERN.

98 3596 137 3635 A
155 3596 240 3635 Nee
257 3604 377 3646 caput
396 3599 566 3647 incipere
580 3598 699 3647 ,iubet
718 3599 897 3638 Freinsh.

1039 2133 1311 2170 Proetoriamcs
1345 2139 1414 2170 aut
1449 2134 1688 2184 legionarius
1717 2135 1802 2170 suis
1828 2134 1925 2170 insi-

1037 2188 1183 2235 gnibus
1213 2189 1530 2236 distingueretur.
1570 2188 1663 2224 Mox
1698 2189 1855 2225 miscere
1883 2188 1924 2225 J.

1039 2242 1280 2279 Gronovius:
1310 2242 1414 2290 quod
1432 2247 1471 2279 et
1498 2243 1626 2290 ipsum
1645 2242 1831 2279 Latinum
1848 2247 1924 2287 est,

1038 2297 1105 2332 sed
1138 2298 1290 2334 misceri
1319 2297 1475 2342 melius,
1507 2297 1611 2345 quod
1640 2296 1754 2334 MSS.
1786 2295 1923 2347 (etiam

1037 2348 1156 2400 Bud.)
1180 2355 1219 2387 ct
1236 2351 1322 2388 edd.
1340 2355 1493 2388 veteres
1513 2350 1674 2388 habent.
1714 2351 1822 2388 ERN.

1094 2405 1262 2442 Tendere
1296 2405 1428 2454 arcus]
1467 2406 1570 2442 Mihi
1605 2409 1845 2454 suspectum,
1882 2408 1924 2442 et

1036 2458 1126 2505 tibi,
1147 2459 1180 2495 si
1208 2459 1401 2496 attendes.
1459 2460 1658 2500 Quorsum
1686 2459 1749 2496 hic
1775 2459 1920 2496 arcus?

1036 2514 1096 2550 De
1133 2515 1340 2550 Germanis
1374 2525 1499 2550 sermo
1534 2518 1608 2559 est,
1643 2514 1786 2562 quibus
1817 2514 1924 2551 haud

1035 2567 1174 2605 crebra
1201 2579 1248 2603 ea
1268 2579 1397 2604 arma:
1428 2569 1494 2604 sed
1519 2580 1590 2604 nec
1619 2567 1684 2603 ille
1707 2580 1843 2605 sensus
1872 2569 1923 2604 ad

1035 2622 1165 2658 Taciti
1183 2633 1356 2659 sensum.
1389 2626 1392 2628 ’
1411 2622 1513 2660 Mihi
1531 2621 1753 2668 videbatur,
1772 2623 1924 2659 tendere

1037 2678 1170 2714 armis.
1225 2677 1279 2714 Et
1306 2677 1364 2713 ita
1389 2676 1502 2714 solet.
1531 2676 1601 2713 ubi
1622 2677 1857 2724 periculum,
1875 2688 1922 2713 eo

1034 2731 1154 2766 armis
1171 2731 1383 2768 tendimus.
1424 2732 1538 2768 Lu’s.
1579 2731 1780 2768 Acidalius
1800 2731 1922 2767 male-

1035 2783 1105 2820 bat
1123 2785 1275 2833 jactus,
1318 2786 1450 2822 Arcus
1474 2789 1578 2822 certe
1598 2797 1734 2822 verum
1754 2796 1836 2821 esse
1856 2785 1920 2822 vix

1035 2842 1177 2887 potest..
1230 2839 1334 2875 Nam
1369 2839 1606 2887 intelligitur
1638 2853 1695 2886 eo,
1726 2839 1827 2888 quod
1858 2851 1922 2876 re-

1036 2893 1201 2941 spondet
1219 2894 1272 2942 τῷ
1301 2894 1412 2931 unde.
1469 2893 1542 2930 Sed
1560 2906 1673 2930 arcus
1689 2895 1794 2931 tendi
1803 2894 1921 2942 vulgo

1036 2948 1179 2984 dicitur
1196 2947 1441 2996 simpliciter,
1461 2959 1540 2984 non
1559 2950 1701 2998 alique.
1746 2948 1844 2985 Tela
1861 2949 1922 2986 di-

1035 3002 1220 3050 riguntur
1244 3002 1291 3037 'in
1327 3007 1476 3039 certum
1509 3003 1652 3048 locum,
1683 3015 1762 3039 non
1789 3014 1919 3049 arcus,

1035 3055 1206 3104 proprie.
1242 3057 1381 3104 ltaque
1401 3057 1587 3105 Lipsiana
1602 3058 1790 3094 correctio
1807 3058 1918 3095 valde

1034 3111 1181 3147 arridet
1196 3122 1205 3145 :
1225 3122 1297 3146 nec
1315 3111 1456 3148 sufficit
1474 3123 1545 3160 pro
1562 3111 1722 3159 vulgata
1735 3112 1919 3158 lectione,

1034 3165 1331 3209 demonstrasse,
1345 3166 1515 3214 aliquem
1535 3177 1651 3203 usum
1669 3178 1782 3203 arcus
1800 3167 1918 3203 etiam

1034 3219 1138 3255 inter
1156 3221 1372 3256 Germanos
1396 3220 1531 3258 fuisse.
1587 3221 1682 3257 Mox
1707 3223 1747 3257 in
1772 3221 1834 3258 ed.
1855 3233 1917 3268 pr.

1035 3273 1179 3310 excidit
1196 3275 1334 3311 virtus.
1390 3275 1497 3312 ERN.
1552 3275 1654 3312 Bud.
1675 3275 1806 3311 habet.
1855 3276 1918 3310 De

1036 3339 1198 3365 arcuum
1228 3339 1302 3365 usu
1330 3330 1435 3376 apud
1461 3330 1630 3366 Batavos
1661 3330 1815 3367 nullum
1846 3330 1919 3365 du-

1034 3382 1159 3420 bium'.
1218 3382 1385 3420 Tendere
1412 3397 1540 3428 arcus,
1570 3384 1728 3431 propria,
1755 3386 1795 3418 ct
1825 3386 1918 3429 apta.

1035 3437 1166 3475 dictio.
1223 3437 1380 3484 Lipsius
1412 3440 1462 3486 τῷ
1494 3450 1608 3474 arcus
1636 3438 1744 3484 prius
1774 3435 1919 3472 substi-

1034 3495 1147 3528 tuere
1165 3492 1333 3540 parabat
1351 3498 1473 3536 artas,
1494 3492 1597 3539 quod
1623 3491 1783 3527 Colerus
1803 3489 1919 3537 inpu-

1034 3549 1146 3593 gnat,
1165 3546 1228 3582 cui
1249 3546 1478 3598 posteriores
1493 3546 1607 3581 istius
1626 3556 1727 3580 curae
1747 3543 1919 3580 nondum

1035 3600 1141 3637 visae.
1178 3598 1436 3646 La11.pr0bat
1453 3601 1588 3644 armis,
1606 3599 1764 3635 frustra.
1798 3598 1918 3635 Recte
