2190 3880
338 154 438 208 278
963 154 1594 208 HISTORIARUM

205 293 324 333 An.
343 283 1032 352 temporum'necessitatibus‚
1051 285 1264 339 censuit
1292 283 1829 355 Mucianus-prolixe
1853 292 1951 355 pro
1986 284 2169 352 adcu-=

208 351 312 442 ³24.
344 355 642 408 satoribus:
684 356 842 409 simul
865 373 975 420 eos,
1004 359 1096 427 qui
1125 369 1388 428 emptam,
1415 357 1539 408 dein
1573 357 1847 420 omissam,
1875 356 2148 410 actionem

231 406 326 502 iffi·
344 438 668 496 repeterent,
697 428 908 480 monuit
932 445 1177 481 sermone
1203 427 1352 480 molli
1380 438 1436 479 et
1463 438 1736 497 tamquam
1768 439 2000 499 rogaret.
2044 427 2150 485 Pa·

345 508 452 549 tres
478 509 782 570 coeptatam
809 499 1136 564 libertatem,
1160 509 1447 570 postquam
1475 499 1695 550 obviam
1722 499 1880 565 itum,
1901 500 2152 553 omisere.

342 567 659 635 MucianuS,
686 588 754 622 ne
791 572 968 639 sperni
1000 571 1230 623 Senatus
1249 569 1541 640 judicium,
1569 580 1624 620 et
1653 571 1864 623 cunctis
1900 573 2001 624 sub
2037 571 2151 625 Ne-

339 659 474 694 rone
496 642 744 694 admissis
776 641 903 693 data
923 641 1205 712 inpunitas
1238 641 1527 705 videretur,
1555 641 1848 694 Octavium
1880 643 2151 715 Sagittam

341 726 398 764 et
414 713 714 765 Antistium
738 713 1046 779 Sosianum,
1072 712 1341 768 Senatorii
1365 713 1591 779 ordiniS,
1610 730 1854 784 egressos
1878 714 2152 780 exsilium,

340 784 396 836 in
430 785 644 836 easdem
675 782 875 836 insulas
905 785 1132 856 redegit.
1209 784 1472 838 Octavius
1506 784 1762 837 Pontiam
1791 784 2150 852 Postumiam,

342 868 531 926 stupro
558 856 837 927 cognitam
865 868 919 909 et
954 858 1171 929 nuptias
1198 875 1320 909 suas
1347 857 1694 921 abnuentem,
1721 857 1973 928 inpotens
1999 863 2164 910 amo-'

341 928 415 979 ris
437 926 807 994 interfecerat3
847 928 1104 982 Sosianus
1128 928 1394 999 pravitate
1420 947 1632 980 morum
1658 928 1839 981 multis
1865 929 2151 983 exitiosuS.

340 998 525 1051 Ambo
566 1001 719 1071 gravi
761 1000 993 1054 Senatus
1033 1000 1282 1054 consulto
1325 998 1566 1052 damnati
1609 1000 1874 1072 pulsique,
1901 1002 2148 1072 quamvis

340 1089 602 1124 concesso
640 1071 757 1125 aliis
797 1073 992 1138 reditu,
1029 1074 1084 1125 in
1125 1072 1312 1125 eadem
1354 1090 1522 1144 poena
1571 1073 1765 1124 retenti
1811 1085 1954 1126 sunt.
2029 1073 2151 1127 Nee

341 1143 465 1195 ideo
495 1143 661 1196 lenita
682 1162 813 1216 erga
836 1144 1160 1198 Mucianum
1178 1143 1401 1197 invidia.
1445 1143 1667 1215 Quippe
1687 1143 1945 1198 Sosianus
1965 1164 2030 1199 ac
2054 1145 2149 1198 Sa-

344 1215 485 1286 gitta
511 1216 662 1282 vileS,
688 1219 853 1269 etiam
882 1219 925 1269 si
962 1230 1380 1271 reverterentur:
1421 1217 1802 1268 adt-asatorum
1839 1217 2062 1289 ingenia>
2095 1228 2154 1269 et

255 1288 326 1336 45
344 1305 474 1359 opes
507 1299 564 1339 et
602 1289 846 1343 exercita
883 1288 1039 1342 malis
1082 1290 1290 1342 artibus
1338 1289 1585 1359 potentia
1618 1280 1967 1341 timebantur.
2041 1288 2155 1342 Re·

341 1360 658 1413 conciliavit
693 1360 986 1432 paullisper
1027 1361 1206 1414 studia
1246 1360 1470 1414 Pati-um
1512 1360 1703 1413 habita
1727 1360 1783 1412 in
1821 1360 2025 1431 Senatu
2057 1379 2152 1414 co-

340 1432 520 1502 gnitio
554 1433 850 1485 secundum
883 1444 1118 1486 veterem
1153 1450 1376 1485 morem.
1458 1432 1700 1486 Manlius
1731 1431 2029 1497 PatruituS,
2053 1432 2151 1485 Se-

339 1516 518 1570 nator,
538 1503 801 1581 pulsatnm
825 1522 874 1558 se
898 1504 955 1558 in
972 1504 1176 1558 colonia
1205 1503 1412 1558 Senensi
1437 1514 1566 1558 coetu
1581 1503 1924 1557 multitudinis
1943 1512 1991 1558 et
1997 1522 2154 1577 jussu

339 1648 346 1652 ”
402 1647 575 1701 Coeptam
601 1649 832 1702 libertatem]
873 1650 997 1689 Prisci
1027 1650 1122 1689 libri
1148 1664 1224 1689 σα·-

334 1710 506 1757 piatam.
537 1717 587 1743 ex
611 1717 691 1754 quo
717 1706 837 1744 velim
865 1712 1029 1757 coeptam
1052 1712 1220 1744 tantum.

340 1761 453 1798 Lu‘s.
511 1761 728 1810 Coeptatam
773 1760 886 1798 MSS.
932 1759 1035 1798 Flor.
1082 1758 1220 1811 (Bud.)

339 1814 472 1852 Guelf.
481 1814 567 1852 edd.
580 1815 731 1852 Puteol.
742 1813 831 1852 Ber.
842 1814 931 1853 Alc.
943 1827 1026 1864 sqq.
1038 1826 1162 1864 usque
1173 1815 1223 1851 ad

338 1868 524 1907 Rhenani
548 1869 775 1915 secundam,
795 1870 837 1907 in
865 1881 944 1919 qua
970 1881 1101 1907 errore
1128 1881 1222 1919 ope-

337 1932 474 1960 rarum
491 1929 640 1974 ceptam
653 1924 818 1970 editum,
836 1924 941 1962 unde
955 1924 999 1971 in
1015 1924 1221 1973 Lipsianas

337 1977 451 2015 venit
462 1982 503 2016 et
528 1976 640 2015 alias.
697 1979 869 2016 Pichena.
893 1982 1007 2016 vetus
1037 1978 1220 2017 reddidit.

337 2031 414 2070 Sed
444 2032 505 2070 ed.
532 2044 593 2082 pr.
622 2039 786 2083 ‹ta-ptam
810 2035 1062 2081 voiuntatem.
1110 2034 1220 2072 ERN.

332 2087 387 2126 In
413 2091 509 2124 nota.
541 2087 665 2135 Lipsii
697 2088 843 2125 iterum
871 2100 990 2137 grave
1018 2088 1220 2134 mendum,

336 2141 497 2191 utrique
516 2142 777 2180 Gronov-ianae
795 2146 836 2180 et
861 2143 1083 2181 Ernestinae
1109 2143 1223 2181 editi·

335 2195 404 2232 oni
420 2197 629 2242 inhaerens,
648 2197 807 2234 sust-uli.
1197 2207 1200 2211 ’

395 2249 600 2288 Octavium
627 2250 850 2300 Sagittam]
883 2251 1090 2300 Adjiciunt
1108 2250 1221 2288 Sabi-

334 2314 432 2341 nnm
464 2305 567 2342 Flor.
602 2303 740 2355 (Bud.)
776 2305 907 2343 Guelf.
943 2305 1058 2343 Harl.
1092 2306 1221 2344 oxon.

335 2360 435 2406 Agr.
454 2363 528 2395 etc.
550 2359 611 2395 ed.
632 2371 691 2408 pr.
708 2359 858 2396 Puteol.
879 2360 972 2398 Ber.
987 2360 1073 2397 Alc.
1103 2359 1220 2398 Octa-

335 2413 442 2451 viam
463 2413 653 2451 Sabinum
671 2414 888 2463 Sagittam.
933 2415 1060 2462 Supra
1079 2414 1130 2451 A.
1153 2419 1218 2458 13,

335 2472 404 2504 44.
452 2467 598 2505 dicitur
640 2469 767 2514 modo,
810 2468 994 2505 Octavius
1040 2469 1217 2517 Sagitta.

336 2521 430 2568 Sed,
451 2522 492 2559 in
508 2529 622 2559 tanto
636 2522 826 2560 librorum
851 2533 1058 2568 consensu,
1075 2523 1218 2559 adden·

335 2575 430 2613 dum
463 2578 615 2625 putavi.
669 2579 778 2615 ERN.
836 2577 910 2615 Sed
947 2577 979 2614 is
1003 2588 1219 2614 ,consensus

333 2641 479 2678 parum
511 2632 667 2681 probat,
697 2643 787 2670 cum
818 2634 986 2677 constet,
1011 2643 1145 2669 omnes
1173 2642 1220 2670 ex

334 2696 418 2721 uno
446 2685 550 2723 Flor.
580 2687 749 2724 fluxisse.
807 2687 868 2725 Sic
884 2690 925 2723 et
942 2687 1032 2736 Bip.
1088 2687 1221 2724 Intru-

337 2751 424 2777 sum
445 2752 587 2778 nomen
606 2742 722 2789 ejecit
738 2745 778 2778 et
795 2742 892 2779 Lali.

390 2795 575 2832 Manlius
611 2795 831 2845 Patricius]
862 2796 991 2832 Vatic.
1030 2798 1072 2831 et
1103 2795 1218 2833 Rom.

337 2848 560 2888 Patruitus.
619 2851 801 2887 Fortasse
836 2851 1068 2889 Patruinus.
1115 2849 1218 2898 quod

335 2914 482 2940 nomen
500 2904 542 2941 in
561 2903 779 2952 Symmachi
797 2905 972 2954 epistolis
991 2905 1080 2952 plus
1099 2903 1217 2942 semel

1276 1649 1477 1689 Arnobius
1505 1649 1532 1687 l.
1556 1653 1596 1688 4.
1612 1662 1653 1700 p.
1676 1653 1766 1687 150.
1792 1649 2086 1700 Magistratum
2112 1651 2157 1688 in

1277 1706 1447 1743 ordinem
1458 1705 1647 1753 redigere,
1663 1704 1888 1742 Senatorem
1901 1710 1972 1742 aut
1983 1705 2156 1743 convicio

1270 1761 1469 1810 prosequi,
1486 1761 1569 1797 suis
1586 1771 1665 1797 esse
1681 1758 1859 1797 decrestis
1869 1759 2153 1808 periculosissi-

1275 1827 1384 1852 mum
1406 1815 1546 1865 poenie.
1600 1812 1807 1857 Salvianus
1834 1811 1864 1849 l.
1891 1814 1932 1851 6.
1954 1812 2157 1852 Iun-mm

1275 1882 1322 1907 ac
1334 1874 1609 1918 proepotentem
1625 1868 1752 1905 virum
1777 1877 2022 1918 nequaquam
2037 1867 2156 1906 exho-

1273 1924 1408 1962 norari
1425 1936 1451 1960 a
1468 1935 1660 1973 quoquam
1684 1922 1796 1963 licet,-
1826 1927 1864 1958 et
1890 1922 1927 1959 si
1951 1921 2157 1974 quisquam

1274 1977 1578 2022 exhonoraverit,
1595 1977 1755 2014 decretis
1780 1976 1974 2026 legalibus
1998 1987 2088 2014 rem
2103 1978 2159 2014 si-

1272 2034 1406 2079 stitur,
1424 2038 1461 2070 et
1478 2031 1718 2080 injuriarum
1734 2036 1871 2067 auctor
1886 2030 1983 2079 jure
1997 2029 2161 2068 damna·

1274 2093 1353 2124 tur.
1407 2087 1519 2124 ers.
1577 2085 1685 2126 Quid
1706 2085 1863 2122 intersit
1879 2084 1986 2122 inter
1994 2085 2160 2136 pulsare

1277 2146 1319 2178 et
1336 2140 1544 2187 verberare,
1557 2140 1670 2177 docet
1682 2138 1877 2189 Ulpianus
1893 2139 1948 2178 D.
1965 2143 2033 2180 4⁷.
2046 2143 2078 2177 t.
2092 2144 2158 2178 10.

1224 2225 1230 2230 ,
1278 2195 1362 2234 1.5.

1336 2250 1495 2288 Colonia
1530 2247 1704 2300 Senensi]
1744 2248 1920 2286 Seniensi
1950 2247 1995 2286 in
2026 2247 2155 2286 Vatic.

1276 2315 1441 2352 semper.
1495 2305 1610 2343 Lu‘s.
1665 2303 1766 2340 Item
1800 2301 1861 2341 ΓΙ.
1894 2303 1994 2352 Agr.
2023 2303 2157 2341 Guelf.

1275 2358 1344 2396 ubi
1372 2358 1585 2396 Senilzensi.
1637 2357 1710 2395 Ed.
1729 2369 1789 2406 pr.
1814 2357 1998 2402 Semoni,
2017 2357 2157 2394 vitiose

1273 2413 1355 2450 sive
1370 2423 1443 2462 pro
1460 2411 1634 2455 Senensi,
1654 2411 1735 2448 sive
1754 2421 1825 2462 pro
1852 2411 2027 2448 Seniensi
2040 2424 2054 2447 .-
2082 2413 2157 2449 Ce-

1272 2472 1367 2505 terae
1394 2466 1480 2504 edd.
1507 2477 1643 2503 omnes
1671 2470 1762 2502 ante
1792 2465 1898 2513 Lips.
1922 2466 2093 2503 Senensi.
2110 2471 2158 2503 ut

1274 2521 1386 2559 MSS.
1415 2523 1586 2570 quatuor
1616 2531 1680 2569 ap.
1709 2519 1949 2557 Bromium.
1977 2519 2016 2556 A
2045 2519 2155 2557 Senis

1280 2575 1470 2623 (Etruriae
1496 2574 1684 2624 oppidum
1713 2572 1788 2624 est)
1809 2574 1894 2612 fieri
1922 2574 2099 2612 Senensis
2116 2578 2162 2611 et>

1275 2630 1485 2676 Seniensis,
1503 2632 1621 2679 putat
1636 2628 1823 2676 Ryckius.
1879 2628 2013 2677 Atque
2037 2629 2157 2666 etiam

1276 2685 1402 2733 ipsam
1429 2683 1568 2722 urbem
1594 2683 1752 2721 Senioem
1779 2683 1938 2728 dictam,
1960 2682 2084 2719 voluit
2109 2693 2157 2720 ex

1273 2740 1389 2777 inser.
1409 2739 1573 2787 antiqua
1589 2738 1725 2775 docere
1747 2738 1787 2775 J.
1806 2737 2045 2774 Gronovius.
2070 2738 2157 2785 qui·

1272 2794 1348 2831 bus
1370 2796 1412 2831 et
1438 2793 1704 2841 adstipulatur
1722 2791 1915 2829 cellarius
1943 2791 1986 2828 in
2013 2791 2157 2839 Geogr.

1272 2852 1355 2887 ant.
1386 2854 1427 2894 2,
1454 2853 1494 2889 9.
1523 2847 1625 2885 Mihi
1652 2847 1781 2883 tutius
1809 2846 1937 2883 visum
1965 2849 2038 2888 est,
2065 2857 2156 2883 cum

1271 2903 1454 2953 Broterio
1471 2901 1580 2951 sequi
1600 2900 1787 2938 usitatam
1819 2901 2052 2949 scripturam
2082 2900 2156 2937 hu-

336 2957 456 3006 leges.
514 2959 625 2997 st.
690 2959 905 2997 Patruitus
949 2959 1068 2995 etiam
1113 2957 1218 2996 Flor.
1268 2958 1336 3006 jus
1365 2957 1534 2995 nominis
1563 2958 1604 2993 et
1631 2955 1831 3004 MSS-qui
1860 2965 1946 2992 eam
1963 2954 2155 2999 retinent,

340 3009 478 3061 (Bud.)
502 3013 601 3059 Agr.
623 3013 682 3050 ed.
703 3025 762 3062 pr.
777 3018 814 3050 et
834 3013 952 3052 simul
967 3019 1133 3051 senator.
1166 3013 1219 3050 11-

336 3065 406 3102 lud
420 3067 603 3112 Pichena,
618 3068 690 3105 hoe
707 3069 732 3105 J
739 3097 746 3105 .
767 3069 890 3106 Gron.
905 3068 1067 3117 recepit.
1094 3067 1223 3115 Vulgo

335 3122 523 3156 senatorii
557 3122 718 3167 ordinis,
747 3123 850 3172 quod
879 3133 900 3159 e
928 3134 961 3159 c.
993 3126 1058 3158 44.
1086 3126 1220 3158 natum

337 3174 506 3210 videtur.
537 3175 668 3212 Guelf.
701 3177 850 3215 ordinis
867 3182 1098 3214 senatorum.
1148 3176 1229 3212 Ve-

337 3231 442 3264 teres
469 3227 561 3265 libri
583 3240 656 3265 scr.
675 3234 715 3266 et
741 3231 825 3266 edd.
849 3232 968 3267 etiam
987 3231 1142 3267 Matius
1159 3230 1221 3267 vel

337 3282 522 3328 Mallius,
536 3283 685 3319 usitata
702 3285 743 3319 in
770 3290 865 3322 vett.
885 3285 996 3322 libris
1025 3285 1222 3333 scriptura

334 3336 381 3373 in
400 3337 471 3373 hoc
493 3338 667 3375 nomine.
720 3337 827 3374 Eam.
887 3340 1052 3376 Senator
1070 3339 1131 3375 vel
1160 3350 1221 3374 or·-

330 3391 443 3428 dinis
476 3391 676 3429 Senatorii
719 3391 829 3428 deest
865 3394 906 3429 in
954 3392 1055 3429 Bud.
1112 3393 1219 3428 Idem

338 3445 533 3491 Manlius,
554 3445 665 3482 bene.

393 3499 604 3537 patmum
632 3513 671 3537 se
700 3502 742 3537 in
760 3496 927 3545 colonia]
961 3499 1119 3534 Grande
1138 3499 1219 3547 pri-

338 3555 411 3593 scis
427 3554 503 3591 illis
523 3554 696 3591 moribus
715 3555 872 3592 crimen.
893 3563 984 3591 nam
1003 3563 1072 3588 nec
1086 3554 1217 3589 convi-

335 3608 397 3646 cio
416 3609 642 3646 Senator-em
661 3621 867 3659 aspergere
884 3607 1030 3646 licebat
1043 3606 1218 3658 impune.

1273 3022 1392 3061 quam
1410 3011 1479 3060 qui
1497 3011 1547 3047 ab
1565 3021 1614 3047 ea
1629 3009 1799 3046 abeunt:
1827 3009 2043 3057 presertim
2065 3019 2155 3045 cum

1277 3067 1431 3112 scirem,
1449 3076 1565 3114 quam
1585 3075 1685 3112 saepe
1703 3068 1743 3102 et
1765 3065 1873 3100 varie
1898 3063 2060 3099 nomina
2087 3063 2158 3100 ho-

1277 3122 1428 3158 minum
1458 3124 1499 3156 et
1524 3119 1698 3156 locorum
1726 3117 1769 3154 in
1795 3117 1907 3154 libris
1935 3116 2090 3164 scriptis
2116 3123 2157 3154 et

1278 3175 1366 3213 edd.
1387 3174 1528 3212 vitiata
1546 3174 1652 3219 sint;
1680 3171 1860 3220 inprimis
1878 3171 2048 3207 inlibris
2077 3172 2158 3208 Pli-

1274 3230 1332 3266 nii
1351 3228 1522 3276 majoris.
1577 3228 1686 3264 Emi.
1740 3225 1842 3262 Bud.
1873 3225 1935 3261 hic
1963 3226 2156 3274 Seniensi,

1275 3295 1365 3320 mox
1387 3282 1638 3320 Seniensium.
1691 3278 1883 3328 Equidem
1909 3279 2090 3316 Brutti-io
2115 3284 2157 3316 et.

1275 3337 1458 3376 Ernestio
1476 3334 1707 3383 adstipulor.
1763 3333 1819 3371 Ut
1836 3333 1939 3370 enim
1959 3345 1983 3370 a
2000 3334 2157 3371 Verona

1275 3403 1354 3427 non
1372 3391 1417 3427 fit
1432 3389 1699 3434 Veroniensis‚
1718 3387 1771 3424 sic
1788 3399 1860 3424 nec
1876 3398 1902 3424 a
1917 3389 2020 3426 Sena
2043 3389 2157 3426 Seni-

1272 3446 1386 3483 ensis.
1441 3444 1597 3482 Dictam
1624 3448 1756 3478 autem
1780 3443 1924 3479 Senam
1945 3443 2154 3487 coloniam,

1274 3499 1392 3535 etiam
1413 3511 1434 3534 e
1452 3498 1644 3536 Strabone
1671 3500 1796 3544 patet,
1815 3498 1883 3546 qui
1900 3495 1927 3534 l.
1946 3501 1984 3534 5.
2002 3508 2041 3545 p.
2062 3501 2155 3536 227.

1274 3551 1390 3592 Σήναν
1407 3553 1592 3601 αᾶρείὶαῐι
1648 3550 1755 3587 Male
1773 3552 1850 3587 huc
1866 3551 2033 3588 trahunt
2055 3551 2156 3588 titu-

1271 3607 1354 3647 lum
1374 3619 1398 3646 a
1415 3607 1613 3647 Gronovio
1629 3605 1794 3644 citatum
1815 3608 1856 3643 et
1871 3617 1896 3642 a
1909 3604 2097 3646 Fabretto
2114 3614 2158 3652 p.
