2190 3880
428 151 524 200 DE
554 149 860 199 MORIBUS
895 149 1280 203 GERMANIAE
1312 154 1454 202 CAP.
1482 157 1558 200 12.
1798 157 1895 201 363

86 279 378 333 concilium
443 280 700 333 adcusare
761 297 979 349 quoque
1030 289 1086 331 et
1130 279 1419 331 discrimen
1471 281 1667 351 capitis
1718 279 1896 333 inten-
1956 297 1964 333 ῑ

85 345 230 403 dere.
305 338 609 403 Distinctio
638 368 924 421 poenarum
954 369 1023 403 cx
1054 349 1275 403 delict0.
1313 351 1614 419 proditores
1641 362 1697 402 et
1722 361 1896 404 trans-

84 419 245 501 fugas
271 419 555 474 arboribus
585 421 948 491 suspendunt:
990 421 1216 492 ignavos
1241 431 1298 472 et
1326 420 1548 471 inbelles
1575 432 1630 472 et
1668 440 1896 492 corpore

84 490 316 546 infames
353 509 518 546 coeno
556 510 620 543 ac
660 491 872 561 palude,
910 491 1113 561 injecta
1164 491 1383 560 insuper
1420 502 1584 554 crate,
1623 505 1895 561 mergunt.

87 559 391 615 Diversitas
419 562 670 633 supplicii
700 561 827 614 illuc
865 562 1104 633 respicit,
1132 573 1408 631 tamquam
1446 561 1647 613 scelera
1683 564 1897 615 ostendi

84 637 357 702 oporteat,
383 634 514 686 dum
543 633 862 704 puniuntur,
886 633 1097 702 flagitia
1138 632 1417 684 abscondi.
1493 631 1597 682 Sed
1640 642 1696 682 et
1729 633 1897 685 levio-

83 701 234 755 ribus
259 703 492 770 delictis,
519 721 617 775 pro
654 703 839 767 mod0,
865 721 1050 774 poena.
1086 720 1351 772 equorum
1389 719 1754 772 pecorumque
1799 720 1895 754 nu-

83 790 235 826 mero
281 774 523 827 convicti
570 773 887 826 multantur.
937 791 1057 843 pars
1108 772 1296 826 multae
1338 772 1503 841 Regi,
1544 771 1628 827 vel
1665 772 1897 838 civitati,

82 861 207 965 {ars
244 843 488 914 ipsi,qui
542 844 867 907 vindicatur,
904 844 989 896 vel
1041 843 1358 913 propinquis
1406 843 1523 912 ejus
1575 842 1895 897 exsolvitur.

137 913 378 985 ligantur
426 915 482 966 in
519 914 710 966 iisdem
750 914 996 966 conciliis
1035 926 1092 965 et
1145 915 1453 983 PrincipeS,
1500 914 1593 983 qui
1633 913 1762 982 jura
1806 932 1899 983 per

121 1001 253 1056 agos
285 984 550 1054 vicosque
586 984 831 1037 reddant.

136 1128 316 1167 Imbelles
330 1136 368 1168 et
383 1142 538 1179 corpore
551 1127 733 1179 infames]
765 1129 855 1167 1-100
870 1129 962 1178 lego

82 1182 131 1220 de
158 1182 396 1221 Germanis?
433 1184 507 1220 feri
543 1183 602 1220 illi
629 1189 669 1220 et
697 1184 859 1229 horridi,
886 1184 961 1220 foe-

81 1237 214 1275 mineo
237 1237 374 1274 morbo
402 1240 444 1274 et
469 1237 634 1275 mollitie
661 1238 833 1286 corporis
861 1237 962 1273 infa-

79 1289 191 1327 mes?
220 1291 448 1339 Numquam
477 1292 646 1337 credam,
665 1296 703 1327 ct
725 1290 963 1331 Quinctilia-

81 1354 159 1382 nus
177 1348 283 1382 certe
310 1355 376 1381 eos
403 1348 548 1393 purgat
574 1346 616 1382 in
643 1344 817 1381 Declam.
836 1349 877 1389 3,
899 1347 963 1381 16.

81 1409 154 1446 pro
171 1397 318 1442 Milite,
334 1399 448 1447 cujus
464 1398 656 1446 pudicitia
666 1401 821 1435 tentata
837 1409 861 1434 a
875 1398 964 1435 Tri-

84 1451 218 1493 buno:
263 1451 394 1489 Nihil·
412 1453 494 1489 tale
524 1464 658 1489 novere
694 1453 893 1496 Germani,
929 1456 965 1487 et

81 1506 256 1542 sanetius
281 1506 392 1554 apud
419 1504 614 1542 Oceanum
645 1506 805 1543 vivitur.
861 1504 966 1542 Scri-

81 1557 226 1603 bamus'
246 1557 370 1606 igitur
389 1557 574 1609 (gratiam
601 1559 697 1595 mihi
723 1570 796 1605 age
822 1569 966 1606 magna

83 1610 231 1661 patria)
261 1617 298 1649 et
323 1618 474 1661 torpore
499 1612 677 1660 infames.
732 1613 824 1649 Non
852 1612 965 1649 ‚enim

83 1665 163 1703 alia
178 1677 289 1703 mens
303 1665 366 1703 hic
378 1666 526 1712 Taciti,
541 1677 659 1714 quam
674 1666 777 1714 quod
789 1666 965 1714 ignavos,

83 1723 302 1768 torpentes,
318 1719 422 1756 bello
449 1719 626 1766 inutiles,
648 1723 756 1756 crate
783 1720 967 1769 imposita

82 1774 306 1811 merserint.
349 1773 455 1811 Idem
475 1774 515 1810 in
534 1774 668 1810 eodem
686 1772 806 1810 verbo
821 1774 964 1810 vitium

84 1827 192 1876 apud
207 1826 407 1875 Agellium
432 1832 496 1873 19,
516 1832 577 1864 12.
593 1828 636 1864 in
653 1831 848 1864 extremo:
873 1827 965 1863 Om-

84 1881 212 1919 nibus=
251 1880 588 1926 vehementioribus
643 1879 960 1930 (vehementioris)

85 1935 211 1972 animi
227 1933 363 1982 officiis
380 1935 608 1983 amputatis,
623 1936 667 1972 in
680 1946 832 1983 corpore
847 1936 964 1983 igna-

83 1986 199 2038 *et
220 1989 335 2038 quasi
354 1994 542 2025 enervata.»
567 1989 660 2025 vitoe
687 1994 964 2025 consenescunt.

83 2040 225 2088 scribe,
241 2047 407 2091 torpore.
464 2041 554 2078 Hoc
569 2042 666 2078 mihi
685 2046 850 2079 certum.
868 2052 964 2090 qua-

80 2095 134 2132 tit
148 2097 285 2133 tamen
302 2094 483 2132 nonnihil
500 2095 715 2132 Athenaeus
741 2100 803 2140 13,
825 2101 861 2132 8.
892 2095 961 2143 qui

81 2148 232 2186 foedum
250 2148 349 2185 illud
362 2148 520 2193 vitium,
531 2152 726 2185 remotum
743 2159 766 2184 a
783 2160 860 2193 me,
875 2160 962 2185 rur-

82 2213 148 2239 sus
182 2201 350 2252 imponit
381 2202 603 2240 Germanis.
661 2201 795 2239 Κελτοὶ
828 2198 862 2239 δὲ
892 2201 962 2238 ’νῦν

83 2254 285 2308 Βαςέαίςυν,
301 2255 447 2304 inquit,
464 2253 534 2292 καί
549 2269 604 2293 eros
621 2253 838 2296 καλλίστας
858 2253 963 2304 ἕχον-

56 2314 61 2320 '
83 2323 142 2350 τις
166 2309 364 2357 γυναῖκας,
383 2305 560 2355 παιδικοῖς
587 2310 740 2356 μὶλλον
760 2307 961 2359 χαίςοπιν,

82 2361 126 2404 ὦς
144 2361 334 2404 maa-aines
348 2359 454 2403 iulans
472 2360 532 2400 ἰπὶ
551 2364 633 2403 ταῖς
655 2358 770 2413 δοραῖς
786 2360 887 2408 μετὰ
904 2358 963 2398 δύο

79 2413 254 2468 ἐρωμένων
269 2413 541 2453 ἀναπαύεσθαι.
569 2415 701 2456 Quem
728 2414 810 2450 falli
829 2419 962 2452 tamen

80 2467 184 2506 scio:
213 2479 287 2506 nec
303 2468 434 2506 urtica
446 2468 716 2516 illaumquam
729 2468 864 2516 tetigit
880 2479 964 2504 ma-

76 2523 184 2570 iores
211 2526 378 2560 nostros.
432 2522 572 2558 Austri
606 2526 647 2558 et
683 2521 859 2559 Orientis
888 2522 964 2557 ista

80 2575 247 2613 infamia
274 2575 352 2612 sit:
388 2585 475 2623 qua:
500 2585 551 2611 ne
578 2585 684 2612 nunc
711 2574 869 2623 quidem
898 2575 964 2611 Se-

79 2629 339 2678 ptemtriones
372 2627 542 2674 habitat,
573 2631 645 2664 aut
679 2627 865 2676 frigidum
886 2639 965 2670 ⁴,ca-

82 2687 265 2730 stumque
291 2682 397 2718 hunc
426 2680 574 2719 orbem.
628 2681 726 2718 Haec
747 2677 964 2717 labefacere

82 2735 211 2773 conati
226 2735 310 2781 alii,
329 2735 396 2772 sed
414 2734 653 2772 firmavimus
673 2735 714 2771 in
727 2745 898 2772 excursu
910 2735 963 2772 A.

81 2789 194 2829 lars.
247 2788 408 2837 Corpore
427 2788 592 2837 irffames
609 2788 714 2824 haud
732 2788 864 2832 dubie,
883 2799 963 2824 non

8 2864 14 2869 -
79 2843 188 2880 vitiis
216 2841 399 2879 omnibus
427 2841 716 2887 commaculati,
745 2842 808 2890 (ut
835 2842 965 2888 placet

81 2895 276 2945 Pichenoe)
327 2894 394 2931 sed
450 2894 692 2932 detestabilis
749 2895 964 2942 patientiae.

83 2948 288 2987 Nescimus
313 2949 407 2994 ista,
425 2948 511 2984 Deo
530 2948 694 2995 gratias,
721 2954 758 2984 et
789 2950 963 2985 sanctius

82 3004 231 3040 vivitur
262 3001 317 3039 ad
349 3000 556 3038 Oceanum.
594 3013 689 3046 non,
724 3002 826 3048 quod
861 3013 964 3038 nun·

84 3066 202 3107 quam
258 3054 512 3102 contigerint,
559 3055 851 3102 contingantve,
897 3054 964 3090 sed

83 3109 187 3158 quod
210 3119 316 3154 raro,
332 3118 498 3156 raroque
527 3108 608 3143 sint
637 3107 847 3154 impunita.
901 3107 964 3144 Sic

81 3161 265 3200 AElianus
291 3167 330 3199 2.
353 3172 434 3198 var.
455 3166 522 3198 81.
545 3160 736 3208 disputat,
761 3158 818 3196 ἔτι
839 3157 961 3207 μηδεὶς

83 3215 154 3253 ’νῦν
176 3215 365 3268 βιςζαίςων
395 3214 520 3254 ἔθεος.
577 3214 665 3250 Hoc
698 3213 793 3249 satis
812 3214 862 3249 ad
891 3214 963 3249 Fa-

82 3266 195 3305 bium
221 3280 310 3305 cum
339 3267 480 3304 Tacito
513 3267 557 3303 in
590 3267 833 3303 concordiam
862 3267 966 3302 redi-

82 3321 266 3370 gendum.
319 3321 423 3358 Nam
451 3321 519 3357 illa
545 3319 724 3356 Salinerii
753 3320 870 3357 nimis
897 3320 966 3357 ad-

86 3375 207 3412 dictos
225 3378 266 3411 et
278 3381 412 3422 gentes
438 3387 483 3412 eo
507 3375 660 3410 nomine
688 3374 852 3420 infames
880 3385 967 3410 cum

71 3428 283 3477 flagitioso
305 3428 495 3472 contendi,
513 3436 614 3463 vana
640 3431 736 3462 sunt
763 3430 803 3462 et
828 3426 968 3463 intole-

85 3479 242 3527 rabilia,
261 3480 428 3527 denique
456 3479 708 3518 Germaniam
738 3479 969 3526 ignorantis.

87 3533 170 3571 Nec
188 3543 279 3571 vero
297 3532 463 3572 militem
481 3537 733 3581 stupraverat
751 3531 968 3580 Tribunus,

909 984 1141 1037 Centeni
1181 984 1408 1055 singulis
1446 1001 1515 1036 ex
1546 983 1703 1054 plebe
1727 1003 1900 1040 comi-2

1014 1130 1081 1167 sed
1101 1130 1142 1167 in
1164 1134 1310 1167 conatu
1336 1129 1542 1177 stuprandi
1563 1140 1587 1166 a
1608 1128 1734 1165 milite
1750 1129 1900 1167 occisus

1015 1186 1113 1220 erat.
1168 1185 1308 1220 GRoN.
1375 1182 1670 1229 Montesquieu
1698 1184 1814 1230 Espr.
1861 1185 1901 1222 d.

1015 1237 1094 1274 loix
1108 1240 1176 1282 30,
1199 1241 1261 1274 19.
1281 1235 1469 1284 intelligit
1492 1248 1572 1281 eoS,
1592 1237 1659 1283 qui
1679 1247 1840 1284 corpore
1858 1248 1901 1274 se

1014 1294 1280 1335 truncassent,
1313 1293 1358 1325 ut
1393 1289 1494 1325 bello
1528 1290 1659 1326 forent
1692 1290 1902 1328 inhabiles.

1017 1344 1218 1380 Antonius
1247 1343 1286 1379 in
1305 1353 1404 1380 vers.
1433 1344 1566 1380 Germ.
1592 1349 1789 1380 enervatos
1815 1344 1903 1380 red·-

1018 1397 1089 1435 dit.
1142 1397 1309 1441 Bainun,
1329 1397 1372 1432 in
1388 1397 1484 1444 fuga
1500 1399 1613 1444 tergo
1630 1397 1795 1434 saucios,
1825 1398 1903 1433 Ve—

1017 1462 1107 1487 rum
1137 1450 1237 1487 vidit
1268 1451 1506 1495 Gronovius,
1538 1450 1603 1486 cui
1636 1450 1903 1498 adstipulatur

1017 1504 1237 1544 Broterius.
1291 1503 1519 1540 Gebaverus
1545 1504 1573 1539 1.
1593 1515 1627 1540 c.
1644 1516 1684 1552 p.
1708 1509 1801 1543 714.
1820 1516 1903 1541 cor—

1013 1570 1108 1607 pore
1136 1558 1319 1606 informes
1334 1557 1542 1605 legendum
1561 1561 1672 1594 ratus
1692 1561 1766 1602 est,
1785 1569 1902 1605 quem

1019 1612 1170 1648 refutat
1196 1611 1406 1659 Longolius
1436 1611 1477 1647 in
1508 1610 1700 1648 Auctario
1734 1612 1825 1649 diss.
1855 1612 1902 1648 de

1019 1665 1242 1702 Hermund.
1271 1677 1312 1712 p.
1341 1671 1406 1704 98.

1074 1718 1155 1756 Sed
1185 1724 1223 1754 et
1251 1718 1454 1756 levioribus
1483 1718 1647 1763 delictis,
1670 1730 1744 1766 pro
1774 1719 1901 1764 modo,

1014 1772 1150 1822 poena]
1182 1772 1245 1808 Sic
1270 1771 1520 1809 scribendum
1549 1782 1633 1808 esse
1653 1782 1713 1808 res
1733 1773 1817 1820 ipsa
1834 1773 1903 1808 do-

1018 1832 1095 1872 cet,
1114 1830 1155 1862 et
1182 1825 1281 1862 vidit
1308 1826 1525 1863 Acidalius.
1580 1825 1736 1872 Syllaba
1760 1826 1902 1862 ultima

1018 1879 1062 1917 in
1088 1879 1250 1927 vulgato
1260 1891 1467 1928 poenarum
1486 1877 1649 1915 adhaesit
1666 1889 1687 1914 e
1703 1880 1902 1926 sequenti-

1017 1933 1092 1970 bus
1124 1932 1269 1978 verbis,
1293 1936 1341 1969 ut
1374 1933 1473 1969 alias
1506 1932 1548 1968 in
1582 1932 1722 1968 Tacito
1750 1933 1900 1969 factum

1017 1986 1225 2035 aliquoties
1245 1986 1480 2023 notavimus.
1536 1986 1653 2023 Forte
1669 1989 1804 2022 tamen
1822 1986 1902 2023 fuit

1012 2053 1154 2090 poenoe,
1169 2040 1272 2088 quod
1291 2040 1424 2077 eodem
1443 2039 1559 2077 redit.
1594 2039 1701 2076 ERN.
1757 2040 1902 2076 Poena—

1016 2106 1104 2131 rum
1144 2094 1206 2131 ed.
1238 2097 1391 2130 veteres
1436 2094 1532 2130 item
1579 2093 1663 2129 MS.
1705 2093 1899 2141 Longolii.

1019 2147 1098 2185 Hic
1126 2147 1208 2196 ipse
1237 2147 1277 2183 id
1308 2146 1462 2195 probat.
1520 2146 1581 2184 Sic
1611 2150 1651 2182 et
1671 2146 1899 2183 Gebaverus

1016 2201 1043 2239 1.
1062 2212 1095 2238 c.
1113 2213 1152 2248 p.
1169 2206 1264 2240 732.
1847 2226 1851 2229 .

1076 2255 1262 2302 Quijura
1281 2266 1353 2302 per
1366 2266 1494 2303 pagos
1514 2255 1688 2302 vicosque
1711 2251 1895 2299 reddunt]

1016 2309 1064 2346 In
1081 2307 1160 2344 alia
1177 2306 1298 2343 verba
1322 2312 1363 2343 et
1387 2308 1624 2344 sententiam
1647 2307 1680 2343 it
1709 2307 1899 2344 Bamber-

1016 2362 1145 2410 gensis
1170 2360 1286 2405 liber,
1304 2362 1374 2410 qui
1396 2362 1478 2398 vica
1490 2373 1563 2409 per
1574 2373 1706 2409 pagos
1725 2361 1900 2409 vicosque

993 2415 1223 2452 excellunt.
1278 2414 1352 2451 Sed
1381 2425 1461 2450 non
1491 2414 1639 2450 avellor
1666 2425 1690 2448 a
1725 2413 1899 2461 vulgata.

1018 2469 1065 2504 L1
1073 2479 1129 2504 rs.
1186 2468 1250 2504 sic
1268 2473 1308 2504 et
1327 2467 1411 2504 MS.
1429 2467 1622 2503 Arundel.
1668 2467 1900 2514 Elegantius

1018 2521 1157 2557 deinde
1174 2521 1276 2557 foret
1292 2521 1455 2558 reddant
1467 2534 1479 2555 .-
1508 2524 1549 2556 et
1565 2521 1619 2556 sic
1633 2519 1816 2557 Tacitum
1835 2520 1902 2556 de—

1018 2575 1119 2610 disse
1155 2577 1268 2621 puto.
1324 2573 1543 2621 Eliguntur
1579 2573 1700 2618 enim,
1732 2577 1778 2609 ut
1812 2575 1896 2610 red-

1019 2628 1130 2672 dant,
1148 2638 1227 2664 non
1245 2627 1289 2672 ii,
1309 2627 1375 2674 qui
1401 2627 1590 2663 reddunt:
1621 2626 1718 2663 illud
1738 2630 1812 2672 est,
1830 2630 1899 2676 qui

1017 2681 1192 2724 reddant.
1238 2681 1292 2717 Et
1309 2680 1520 2727 saepissime
1538 2681 1579 2716 in
1596 2679 1744 2716 talibus
1763 2691 1900 2727 pecca-

1019 2745 1108 2770 vere
1146 2733 1297 2770 librarii
1336 2734 1493 2770 inscitia
1528 2734 1660 2770 Latini
1693 2734 1897 2778 sermonis,

1019 2799 1097 2836 qua
1113 2787 1229 2824 etiam
1252 2787 1366 2834 vulgo
1379 2787 1493 2823 hodie
1509 2788 1564 2822 sic
1581 2791 1759 2834 peccant.
1790 2787 1897 2824 ERN.

1020 2841 1182 2878 Colerus
1200 2841 1404 2887 legendum
1426 2840 1622 2888 praecipit:
1652 2841 1721 2889 qui
1737 2841 1818 2876 vita
1831 2852 1898 2876 ea·-

1020 2895 1175 2935 cellunt,
1188 2895 1256 2943 qui
1264 2893 1364 2941 jura
1376 2906 1449 2942 per
1458 2907 1502 2942 p.
1522 2906 1556 2930 υ.
1574 2907 1610 2942 q.
1626 2894 1803 2930 reddunt.
1829 2894 1898 2930 Bi>

1016 2948 1173 2995 pontini
1188 2948 1287 2982 bene
1304 2958 1484 2994 recepere
1502 2947 1676 2983 reddant.
1707 2958 1861 2995 sequor.

1074 3001 1230 3037 centeni
1261 2999 1448 3049 singulis]
1498 3000 1587 3036 Hoc
1621 3003 1696 3046 est,
1723 3000 1824 3047 quod
1855 3001 1898 3037 in

1017 3053 1102 3102 lege
1139 3054 1447 3090 Alamannorum
1481 3052 1609 3101 pris‘ca
1642 3053 1730 3101 lego
1763 3059 1793 3090 t.
1830 3057 1896 3091 36.

1025 3107 1236 3146 Conventus
1262 3113 1406 3151 autem,
1425 3106 1633 3144 secundum
1657 3107 1898 3144 consuetudi·

1016 3171 1102 3196 nem
1130 3161 1345 3208 antiquam,
1353 3161 1435 3208 fiat
1453 3162 1494 3196 in
1513 3161 1617 3196 omni
1640 3159 1816 3203 Centena,
1836 3173 1898 3198 co-

1018 3225 1103 3249 ram
1141 3214 1300 3258 Comite,
1326 3219 1397 3250 aut
1428 3226 1498 3250 suo
1527 3213 1668 3259 Misso,
1699 3220 1735 3250 et
1768 3226 1897 3251 coram

1021 3267 1245 3302 Centenario
1273 3267 1400 3314 ipsum
1417 3268 1611 3315 placitum
1626 3268 1720 3315 fiat.
1782 3268 1894 3305 Lirs.

1021 3320 1164 3366 Legem
1193 3319 1322 3357 Alam.
1351 3320 1428 3356 huc
1457 3331 1536 3356 non
1566 3320 1778 3367 pertinere,
1797 3319 1897 3355 bene

1021 3375 1154 3408 monet
1182 3371 1407 3410 Gebaverus
1439 3373 1466 3409 l.
1492 3384 1526 3409 c.
1556 3384 1595 3421 p.
1629 3378 1722 3413 594.
1754 3373 1898 3408 Censet

1022 3430 1170 3472 autem,
1199 3436 1330 3462 vocem
1376 3425 1522 3463 centeni
1567 3437 1650 3462 esse
1690 3425 1897 3474 glossema,

1022 3479 1125 3528 quod
1152 3478 1246 3515 mihi
1276 3479 1369 3515 satis
1405 3480 1450 3516 fit
1485 3478 1706 3515 verisimile.
1761 3478 1898 3515 Minus

1023 3531 1280 3583 probandum,
1301 3531 1402 3580 quod
1419 3532 1551 3569 forsan
1569 3531 1734 3571 duodeni
1754 3529 1900 3570 substi-
