2190 3880
554 138 557 141 “
630 151 632 153 ’
674 133 827 187 LIB.
872 137 914 187 1.
965 131 1127 185 cAP.
1168 142 1240 185 11.
1794 135 1857 191 17

19 326 22 327 ⁷
50 264 166 339 pias
207 276 290 330 ue,
317 262 514 335 quibus
541 273 894 328 coerceretur,
914 259 1032 331 jam
1061 261 1188 317 inde
1223 275 1253 313 a·
1285 253 1364 325 D„
1385 256 1659 332 Augusta,
1687 261 1855 334 Equi·
1869 275 1991 318 Ass.

22 347 133 390 >tes
227 336 406 388 omani
451 335 702 387 obtinent
743 334 868 386 loco
913 334 1148 404 Regum.
1227 332 1531 408 Ita,visum
1578 336 1853 404 expedire,
1868 336 1974 425 {252

45 407 384 480 ‘provinciam
434 407 585 458 aditu
627 405 922 470 difficilem,
950 418 1200 474 'annonae
1252 404 1558 469 fecundam,
1598 408 1854 475 supersti·
1895 408 1991 484 6'9J'

51 478 201 533 tione
238 477 586 536 aclascivia,
611 476 913 529 discordem
953 493 1015 529 ae
1062 474 1338 540 mobilem,
1385 476 1610 528 insciam
1652 477 1853 547 legum,

46 550 294 622 ‘ignaram
335 548 780 620 Magistratuum,
807 548 954 599 domi
998 547 1247 599 retinere.
1323 546 1571 618 Regebat
1611 557 1725 599 tum
1760 547 1854 600 Tis-

0 664 8 670 .
49 622 227 674 herius
254 619 579 683 Alexander,
607 619 848 688 ejusdem
876 619 1132 670 nationis·
1203 617 1393 670 Africa
1417 632 1480 670 ac
1516 618 1755 690 legiones
1797 619 1854 671 in

49 708 131 758 ea,
167 691 453 745 interfecto
494 690 690 743 Clodio
732 690 947 755 Macm,
979 701 1251 742 contentae
1293 689 1653 759 qualicunque
1695 690 1854 742 Prin—

47 763 188 835 cipe,
218 774 340 835 post
375 762 804 833 experimentum
835 761 1040 814 domini
1080 762 1321 818 minoris,
1398 760 1540 813 Duae
1567 761 1852 814 Maureta-

39 897 247 948 perma'em,
263 895 420 946 iugi-edi
436 896 685 934 Senator-ibus
709 901 779 933 aut
796 895 924 945 Equi-

46 950 375 998 &mmmmm
391 950 593 997 Romanis,
611 951 778 1000 seposuit
789 950 926 999 AEgy·

40 1009 168 1055 plum.
221 1003 416 1042 Arrianus
444 1004 483 1041 id
499 1004 654 1040 consilii
678 1004 923 1053 exemplique

45 1057 97 1094 ab
131 1057 354 1096 Alexandro
387 1059 533 1107 Magno
565 1070 648 1095 esse
681 1062 827 1095 censet.
855 1059 923 1107 qui

49 1110 113 1162 (ut
145 1111 214 1150 lib.
247 1118 288 1150 3.
324 1111 451 1162 notat)
489 1114 532 1149 ἐπ
558 1114 693 1161 plures
721 1113 925 1161 proefictos

45 1165 274 1217 Egypt-um
317 1167 515 1204 distribuit
558 1171 632 1205 etc.
687 1167 829 1204 Cautio
871 1166 922 1202 ab

43 1218 266 1258 Alexandro
294 1231 377 1257 esse
393 1222 540 1271 potuit:
570 1231 649 1258 non
675 1223 809 1257 tamen
835 1220 922 1258 imi-

44 1273 158 1310 tatio.
186 1275 280 1323 quia
295 1274 360 1311 ille
378 1274 420 1311 in
435 1274 581 1323 plures,
598 1275 664 1312 isti
689 1276 761 1311 uni
778 1275 922 1323 permi-

45 1332 209 1376 serunt3
237 1328 304 1366 sed
330 1329 496 1366 infirmo.
524 1330 634 1367 ers.
675 1329 760 1368 MS.
790 1330 921 1366 Guelf.

42 1382 344 1433 AEgyptumquc
372 1383 585 1433 copiasque.
640 1383 736 1420 Mox
765 1383 922 1421 videtur

45 1442 130 1473 esse
171 1435 314 1474 debere
357 1442 563 1482 coercetur,
598 1437 658 1474 vel
689 1443 920 1475 coerceatur.

44 1489 156 1528 Ferri
172 1491 327 1540 quidem
348 1494 478 1540 potest
503 1498 737 1529 coerceretur
760 1496 920 1540 propter

45 1544 179 1591 verba,
187 1543 280 1592 jam
296 1545 384 1583 inde
410 1545 458 1582 ab
473 1546 659 1593 Augusto
673 1560 687 1582 .·
715 1546 789 1583 Sed
817 1559 920 1584 coer-

45 1604 154 1636 cetur
179 1599 318 1637 melius
348 1602 389 1636 et
417 1600 546 1636 verius
572 1603 644 1638 est.
701 1600 763 1637 Sic
787 1601 920 1649 paullo

45 1655 159 1701 post:
191 1653 375 1699 Thracia,
394 1659 430 1691 et
456 1666 542 1704 quoe
569 1655 659 1691 alioe
684 1654 920 1692 Procurato-

45 1705 151 1744 ribus
166 1707 386 1745 cohibentur
411 1710 484 1745 etc.
537 1707 642 1745 Loco
658 1709 816 1758 Regum
843 1713 918 1754 est,

44 1758 151 1808 iique
166 1763 323 1798 tantum
340 1761 543 1810 dignitatis
571 1761 731 1808 habent,
748 1766 796 1800 ut
823 1763 923 1800 nihil

45 1811 181 1863 prope,
199 1814 275 1852 nisi
303 1826 444 1852 nomen
469 1815 650 1864 Regium,
673 1816 786 1855 desit.
813 1818 921 1856 ERN.

46 1867 149 1907 Bud.
166 1870 286 1919 etiam
300 1869 388 1907 inde
405 1869 454 1906 ab
462 1872 573 1919 Aug.

105 1923 299 1970 Ignarum
331 1923 650 1972 Magistratuum
684 1923 789 1961 domi
829 1925 922 1962 reti-
949 1962 955 1968 ,

46 1975 150 2027 nere]
192 1976 318 2014 Domi
349 1976 441 2014 licet
471 1978 615 2015 referre
649 1978 697 2015 ad
730 1979 922 2027 Magtrtr.

45 2029 129 2066 Nec
146 2029 249 2078 leges
266 2040 371 2077 suas,
399 2043 472 2068 nec
488 2032 744 2082 Magistratus
760 2044 849 2070 suos
876 2044 922 2070 ac
934 2038 947 2052 ·

47 2083 275 2121 domesticos
314 2084 497 2124 habebat.
551 2087 801 2135 Quamquam
844 2087 921 2126 Dio

47 2141 115 2183 51,
131 2142 190 2177 17.
203 2138 294 2176 solis
307 2137 579 2177 Alexandrinis
593 2141 779 2179 Senatum
791 2141 922 2178 adem·

45 2194 132 2228 tum
153 2191 280 2229 dicit:
304 2203 427 2241 ‘quem
454 2195 502 2232 iis
535 2195 710 2232 restituit
741 2195 920 2241 Severus,

45 2251 205 2282 auctore
232 2247 439 2295 spartiano
468 2250 511 2285 in
536 2249 622 2287 Sev.
655 2255 716 2289 17.
772 2250 846 2286 Sed
881 2253 922 2286 et

45 2299 150 2338 donni
163 2301 326 2338 retinere
341 2306 472 2350 potest
489 2303 614 2352 accipi
630 2315 716 2352 pro,
741 2314 812 2352 per
828 2306 921 2341 Pro-

45 2357 245 2391 curatores
262 2353 548 2403 administrare,
567 2369 637 2406 per
653 2358 813 2396 Caesaris
832 2358 920 2395 Ma-

45 2407 247 2456 gistratus.
274 2408 382 2448 Ean.

104 2461 279 2499 merim
293 2463 535 2514 Alexander]
567 2465 653 2514 Ego
675 2465 779 2503 hunc
807 2464 921 2501 illum

47 2517 159 2564 puto,
183 2516 251 2565 qui
267 2516 308 2554 in
328 2518 464 2555 castris
481 2523 521 2555 et
535 2520 663 2567 gratia
688 2518 920 2558 Corbulonis

51 2573 115 2615 15,
134 2574 198 2606 28.
235 2570 316 2611 Qui
334 2576 375 2608 et
391 2573 536 2610 Judaeae
550 2574 796 2619 Procurator,
817 2573 921 2621 apud

45 2622 261 2672 Josephum
279 2629 346 2670 20,
365 2630 401 2664 5.
457 2626 572 2664 Pater
600 2627 698 2674 ejus,
732 2628 826 2666 item
851 2627 922 2664 Ti·

45 2674 131 2714 ber.
147 2675 382 2723 Alexander,
403 2680 469 2728 qui
492 2679 727 2718 Alabarches
752 2681 922 2719 Alexan-

10 2732 11 2735 ’
45 2729 155 2776 driae,
188 2734 230 2768 et
261 2732 383 2768 frater
418 2734 592 2771 Philonis
623 2735 766 2781 Judaei,
809 2735 922 2782 cujus

47 2794 154 2823 nunc
190 2786 336 2834 scripta
367 2786 567 2825 habemus.
603 2791 714 2827 L1Ps.
766 2790 924 2826 Dicitur

47 2836 214 2887 quedem
237 2841 421 2885 nationis,
439 2843 533 2888 quia
552 2843 594 2878 in
619 2845 789 2891 AEgypto
806 2847 921 2879 natus

48 2897 134 2930 crat
151 2903 199 2930 ex
213 2893 376 2940 familia,
393 2895 558 2932 ‹ludaica
574 2896 642 2932 illa
667 2897 838 2945 quidem,
856 2897 923 2933 sed

49 2950 135 2995 que
160 2946 403 2985 Alexandriae
418 2949 526 2987 sedes
542 2950 788 2987 fortunarum
804 2950 923 2986 habe·

49 3003 124 3046 ret,
141 3004 312 3038 ceterum
328 3001 473 3039 dudum
490 3005 647 3041 civitate
665 3007 840 3042 Romana
856 3005 922 3040 do-

0 3081 1 3086 ,
49 3056 157 3100 natu,
170 3058 212 3092 et
229 3056 457 3104 equestrem
471 3059 634 3106 gradum
644 3060 796 3107 adepta.
814 3059 922 3096 Ean.

0 3108 2 3115 ⁸
50 3107 174 3146 caet
190 3110 245 3147 H.
265 3115 304 3156 2,
321 3115 384 3150 74.
400 3116 464 3150 79.
491 3111 666 3150 Alciatus
687 3116 816 3161 putat,
832 3123 921 3149 eum

50 3167 148 3208 esse,
174 3163 222 3200 de
251 3175 327 3212 quo
354 3165 498 3203 Juven.
531 3172 566 3213 1,
593 3171 658 3204 30.
688 3168 753 3204 sed
783 3167 919 3204 saltem

49 3213 152 3253 flius
168 3217 282 3254 istius
299 3217 387 3255 fuit.

101 3269 259 3319 Africa,
276 3284 324 3308 ac
341 3273 511 3321 legiones
537 3274 578 3310 in
593 3273 655 3324 ea]
686 3273 821 3311 Plures
849 3274 922 3322 igi-

50 3326 118 3361 tur
132 3323 302 3372 legiones
317 3330 414 3363 tunc
431 3327 471 3362 in
489 3327 652 3365 Africa?
676 3329 752 3366 Vix
770 3328 922 3376 opinor.

50 3374 141 3423 Adi,
160 3378 195 3415 si
208 3378 333 3424 lubet,
353 3392 438 3427 quae
457 3381 593 3429 scripsi
612 3382 662 3419 A.
681 3388 722 3428 4,
742 3387 778 3420 5.
832 3382 923 3418 Una

50 3436 144 3467 sune
186 3432 383 3470 ordinaria
414 3434 514 3482 legio
546 3436 588 3473 in
621 3436 768 3483 Africa,
796 3447 924 3483 neque

50 3482 167 3537 aliter
183 3485 285 3523 infra
311 3491 507 3535 numerat,
534 3493 605 3526 aut
634 3491 824 3534 nominat,
853 3490 925 3526 hoc

52 3537 138 3591 ipso
154 3548 258 3576 anno
279 3540 334 3578 H.
363 3546 402 3588 4,
432 3546 498 3579 48.
553 3543 679 3594 Legio
705 3546 748 3583 in
764 3542 927 3591 Ari-ica,

128 3607 265 3649 VOL·
297 3610 366 3647 11.
398 3610 449 3647 P.
481 3613 522 3647 1.

976 894 1204 944 auo-iliaque
1219 891 1395 931 tutandis
1413 891 1741 943 Imperiifinilms.
1779 896 1853 932 Ju—

975 959 1068 985 vare
1080 948 1232 997 aliquid
1258 947 1359 984 hanc
1377 946 1584 985 lectionem
1601 949 1780 986 videatur
1797 949 1853 985 lo-

975 1013 1044 1038 cus
1063 1002 1118 1040 H.
1137 1008 1176 1048 2,
1195 1008 1260 1045 97.
1316 1002 1367 1038 In
1382 1001 1525 1049 Africa
1541 1002 1644 1051 legio
1666 1003 1854 1040 cohortes-

974 1068 1046 1106 que
1089 1057 1236 1093 dilectoe
1273 1068 1299 1092 a
1335 1055 1467 1091 Clodio
1499 1056 1656 1103 Macro,
1689 1069 1782 1094 moa·
1826 1069 1853 1095 a

981 1111 1104 1147 Galba
1136 1111 1316 1147 ‹limis-sce.
1350 1109 1462 1156 quasi
1492 1121 1632 1147 novam
1659 1110 1852 1159 legionem

975 1164 1034 1201 illi
1068 1164 1188 1200 veteri
1219 1163 1444 1210 adjunxerit
1469 1163 1616 1210 Macer,
1651 1168 1770 1213 atque
1794 1166 1852 1202 ita

976 1217 1049 1255 sub
1084 1218 1198 1255 initio
1226 1216 1362 1255 Galbae
1387 1217 1535 1254 fuerint
1563 1218 1661 1256 duae.
1718 1219 1849 1256 Vane:

974 1272 1068 1321 quia
1082 1273 1259 1309 cohortes
1276 1273 1480 1308 dumtaxat
1496 1271 1664 1310 delectas
1675 1283 1699 1309 a
1716 1273 1853 1310 Macro

974 1323 1182 1375 intellegit,
1201 1337 1280 1362 non
1309 1325 1501 1373 legionem
1533 1326 1669 1375 ipsam.
1723 1327 1852 1376 Igitur

974 1381 1135 1427 inclino,
1170 1385 1216 1417 ut
1259 1380 1322 1416 hic
1366 1380 1591 1427 rescribam,
1624 1381 1767 1429 Africa
1803 1394 1851 1420 ac

973 1434 1077 1484 legio
1093 1436 1135 1471 in
1151 1448 1209 1471 ea.
1239 1434 1349 1472 Ln’s.
1395 1433 1503 1471 Libri
1520 1445 1652 1474 omnes
1669 1439 1851 1473 constan-

972 1492 1035 1526 ter
1051 1489 1234 1537 legiones.
1290 1489 1348 1526 Ac
1365 1488 1466 1525 forte
1493 1487 1663 1536 legiones
1688 1490 1751 1526 hic
1778 1501 1851 1539 pro

973 1543 1095 1591 copiis
1114 1543 1312 1588 dicuntur,
1341 1553 1498 1591 unaque
1524 1543 1701 1592 legione:
1730 1548 1778 1581 ut
1801 1545 1852 1581 li·-

973 1597 1053 1634 beri
1069 1609 1139 1645 pro
1164 1608 1244 1634 uno
1260 1597 1340 1633 filio
1359 1600 1431 1633 aut
1454 1597 1549 1644 filia,
1571 1604 1753 1646 parentes
1779 1610 1851 1647 pro

973 1655 1099 1700 patre,
1135 1652 1197 1688 uti
1229 1662 1349 1699 supra
1387 1651 1555 1688 vidimus
1598 1653 1852 1701 triumphales

974 1717 1065 1742 avos
1091 1705 1138 1741 de
1168 1715 1248 1742 uno
1269 1710 1333 1751 14,
1355 1709 1389 1743 1.
1443 1705 1554 1743 Libri
1581 1716 1697 1753 porro
1718 1706 1850 1754 plures

973 1759 1123 1796 habent
1136 1759 1334 1808 Africam,
1352 1759 1463 1806 quasi
1490 1760 1539 1796 ad
1555 1761 1712 1808 regebat
1732 1761 1852 1797 refer,

975 1817 1100 1859 retur,
1118 1816 1165 1850 ut
1182 1815 1279 1862 Agr.
1305 1813 1435 1850 Guelf.
1466 1813 1526 1852 ed.
1555 1825 1615 1861 pr.
1669 1814 1851 1864 Denique

974 1866 1067 1903 libri
1094 1867 1272 1904 meliores
1298 1867 1401 1904 Flor.
1430 1866 1564 1918 (Eud.)
1596 1867 1726 1908 Guelf.
1756 1869 1852 1918 Agr,

976 1922 1036 1958 ed.
1055 1933 1116 1970 pr.
1148 1927 1339 1967 contenta,
1358 1926 1404 1958 ut
1429 1922 1478 1958 ad
1494 1923 1679 1970 Africam
1705 1923 1852 1960 refera-

973 1979 1054 2013 tur.
1112 1976 1212 2016 Quae
1228 1988 1289 2013 res
1308 1976 1566 2024 suspicionem
1583 1975 1752 2027 aliquam
1768 1989 1853 2014 mo.

974 2041 1065 2066 vere
1081 2032 1226 2078 potest,
1241 2029 1362 2067 verba
1386 2043 1433 2067 ac
1448 2031 1617 2079 legiones
1633 2031 1675 2067 in
1693 2043 1739 2068 ea
1767 2042 1850 2069 esse

975 2083 1156 2129 insititia,
1185 2089 1280 2121 nata
1307 2083 1356 2121 ab
1389 2096 1450 2131 eo,
1481 2085 1548 2133 qni
1585 2085 1689 2127 hunc
1723 2084 1851 2127 locum

975 2137 1241 2186 superioribus
1282 2138 1447 2175 similem
1482 2139 1641 2176 reddere
1669 2138 1850 2180 voluerit.

974 2193 1081 2230 ERN.
1140 2194 1326 2230 Contenta
1342 2193 1498 2230 restitui
1511 2205 1598 2230 cum
1617 2193 1708 2244 Bip.

1027 2247 1125 2283 Post
1141 2259 1268 2296 exper.
1287 2247 1434 2285 domini
1459 2247 1636 2301 minoris]
1670 2248 1772 2288 Quis
1790 2250 1859 2285 est*

975 2300 1152 2338 dominus
1179 2301 1341 2338 minor?
1378 2301 1538 2338 Macer?
1569 2303 1615 2338 de
1644 2302 1715 2339 hoc
1742 2313 1852 2339 acce·

972 2355 1033 2403 pit
1076 2355 1254 2392 Savilius.
1307 2355 1404 2401 Ejus
1445 2355 1715 2393 crudelitatem
1756 2367 1851 2393 sane

972 2414 1087 2446 erant
1105 2409 1270 2457 experti.
1325 2409 1399 2447 Sed
1418 2421 1470 2446 an
1489 2410 1521 2447 is
1541 2409 1752 2448 dominus?
1783 2411 1851 2448 So-

974 2463 1035 2499 lus
1069 2464 1286 2510 Imperator
1324 2464 1480 2517 proprie
1516 2465 1709 2503 dominus.
1764 2465 1852 2501 Aut

975 2529 1054 2554 non
1095 2517 1271 2566 intelligo
1302 2518 1410 2562 satis,
1442 2522 1514 2555 aut
1545 2518 1752 2567 legendum
1790 2524 1852 2555 est

976 2571 1122 2609 domini
1131 2573 1279 2620 prioris
1295 2570 1357 2620 (ut
1374 2573 1414 2609 in
1437 2579 1470 2609 e.
1487 2572 1621 2622 Agr).
1657 2573 1850 2610 Dominus

976 2625 1097 2673 prior,
1114 2626 1234 2672 Nero,
1252 2626 1342 2663 talis
1361 2627 1539 2676 cognitus
1566 2626 1711 2672 fuerat,
1729 2631 1776 2666 ut
1792 2626 1852 2662 fa->

975 2679 1048 2716 cile
1065 2680 1202 2716 Africa
1227 2680 1348 2717 ferret
1375 2680 1686 2729 qualemcunque
1712 2680 1851 2720 alium.

975 2733 1015 2770 Si
1031 2737 1164 2770 tamen
1192 2745 1284 2770 vera
1300 2738 1360 2771 est
1386 2734 1503 2770 lectio
1520 2734 1697 2774 dominus
1708 2734 1851 2781 minor,

976 2789 1051 2824 erit
1070 2788 1346 2835 intelligendus
1373 2789 1517 2826 Praeses
1534 2788 1741 2836 provinciae
1759 2787 1852 2825 sim«,-

976 2841 1144 2889 pliciter,
1178 2846 1224 2878 ut
1256 2846 1477 2890 opponatur
1513 2841 1663 2882 domino
1692 2841 1851 2891 majori,

978 2896 1133 2934 Caesari.
1162 2896 1268 2933 ERN.
1324 2897 1384 2934 De
1403 2896 1537 2933 Macro
1553 2895 1717 2944 capiunt
1731 2896 1856 2935 etam·

975 2950 1084 2986 Brot.
1104 2950 1202 2988 Lan.
1220 2951 1312 2998 Bip.
1356 2950 1452 2998 Ejus
1469 2950 1713 3001 tyrannidem
1729 2952 1852 2987 testae

975 3007 1043 3040 tur
1058 3002 1160 3042 Plut.
1175 3015 1259 3053 cap.
1281 3007 1319 3041 6.

1026 3058 1134 3095 Duoe
1159 3057 1439 3107 Mauretaniae]
1470 3057 1685 3106 Tingitana
1701 3062 1751 3095 *et

974 3112 1178 3149 sareensis.
1224 3113 1340 3149 Hanc
1363 3111 1592 3148 divisionem
1619 3112 1770 3149 Plinius
1788 3123 1852 3151 aa·

972 3169 1125 3214 ceptam
1145 3167 1222 3203 fert
1239 3168 1380 3204 Caesari
1401 3165 1588 3214 Caligulae
1607 3171 1647 3211 5,
1669 3171 1703 3202 1.
1730 3166 1851 3202 Prin.-

975 3221 1074 3269 elpio
1101 3226 1306 3268 terrm-um,
1332 3221 1474 3269 inquit,
1491 3220 1757 3258 Mauretaniae
1782 3232 1853 3269 ap·-

968 3274 1169 3323 pelltmtur
1189 3279 1306 3325 usque
1332 3276 1385 3311 ad
1413 3275 1454 3312 C.
1474 3275 1663 3311 Caesarem
1693 3273 1851 3310 Germa·

974 3329 1055 3365 uici
1071 3329 1120 3366 F.
1140 3340 1263 3376 regna
1278 3344 1291 3365 .·
1318 3330 1469 3366 ,sa-vitia
1498 3329 1581 3377 ey'us
1607 3328 1650 3364 in
1666 3326 1764 3364 duas
1791 3327 1850 3363 dia

974 3383 1059 3419 visa
1075 3384 1309 3431 provincias.
1363 3383 1422 3419 At
1438 3381 1529 3427 Dio,
1559 3381 1688 3430 palam
1714 3381 1851 3417 advers

977 3447 1057 3480 sus,
1077 3435 1241 3473 Claudio
1259 3436 1444 3474 attribuit
1461 3439 1528 3480 60,
1544 3441 1584 3475 9.
1643 3431 1849 3500 figas-(Siv-

979 3499 1048 3526 των·
1064 3485 1098 3527 δί
1118 3489 1290 3528 τούτωὸ
1318 3486 1491 3531 Κλαύδιος
1519 3486 1610 3538 διχῆ
1635 3502 1715 3528 τους
1746 3484 1851 3523 Μαύ-

977 3558 1053 3596 20⁰5
1084 3542 1165 3587 τοὺς
1193 3543 1368 3588 ὖπηκὸους
1394 3542 1536 3592 ἵνειμεύ,
1556 3541 1594 3585 ’ίέ
1622 3554 1663 3579 τε
1691 3540 1744 3584 τὰ
1771 3538 1852 3594 περὶ

1024 3613 1054 3655 C

1770 3028 1853 3095 'Cae·'
