2190 3880
283 142 349 186 86

817 126 1506 177 'HISTORIARUM

349 263 562 310 46—-49.
585 259 786 320 Accepto
809 257 956 303 cladis
978 258 1157 311 nuntio,
1185 257 1321 312 Otho,
1345 260 1523 304 consilii
1544 266 1711 316 certus,
1733 262 1901 324 spretis
1920 264 2099 310 amico·-

349 342 457 373 rum
476 326 767 399 militumque
796 324 995 377 solatiis,
1018 324 1285 369 seditionem
1308 327 1548 384 compescit
1570 332 1617 371 et
1637 327 1686 372 in
1695 325 1886 388 ferrum
1914 334 2102 390 pectore

351 393 587 440 incumbit.
622 390 797 459 Eunus
818 394 1121 439 maturatum.
1173 390 1251 435 Ad
1271 403 1434 449 rogum
1457 392 1644 452 quidam
1664 393 1867 444 militum
1885 409 1933 440 se
1954 397 2101 461 inter-

337 461 528 526 ficiunt.
597 461 677 504 50.
703 456 895 509 Othonis
915 459 1042 508 aetas,
1066 456 1213 516 origo,
1225 453 1383 517 fama.

425 529 505 572 51.
529 523 718 570 Novata
741 524 869 567 luctu
891 535 946 565 ac
978 521 1133 567 dolore
1162 522 1366 566 militum
1390 522 1570 568 seditio.
1637 527 1848 571 52—54.
1873 491 1994 571 Pars
2016 526 2100 572 Se-

351 596 508 644 natus,
535 589 756 634 Othonem
782 592 956 637 secuta,
979 591 1231 633 extremum
1263 588 1505 633 discrimen
1524 589 1649 637 adit.
1717 593 1795 650 55.
1820 589 1979 641 Romae
2009 595 2102 638 tre-

354 650 610 721 pidationis
645 653 781 707 nihil,
814 657 1082 713 spectantur
1117 653 1215 698 ludi
1231 674 1248 709 ,-
1283 654 1450 698 audita
1489 654 1680 701 Othonis
1716 647 1879 710 morte,
1918 656 2102 704 Vitellio

347 722 613 787 plauditur.
681 723 761 765 56
793 719 959 764 Gravis
982 718 1137 765 Italiae
1159 720 1305 764 victor
1326 721 1564 767 exercitus.
1630 724 1707 774 57.
1740 721 1953 768 Vitellius
1983 738 2100 768 nun-

359 790 476 834 tium
502 788 558 832 de
577 786 775 832 victoria
795 799 880 830 sua
902 786 1086 846 accipit,
1146 789 1228 832 58.
1249 786 1474 846 simulque
1495 787 1550 832 de
1573 791 1855 848 transgressa
1876 789 1925 834 in
1939 794 2102 850 partes

352 868 465 903 suas
486 858 691 913 utraque
698 850 1015 906 Mauretania.
1058 854 1136 899 59.
1159 851 1506 897 Bloesiverniles
1523 852 1772 899 blanditias
1788 855 1906 900 odiis
1919 860 2099 916 pensat.

355 924 438 969 60.
461 919 778 964 Othonianoru
881 917 1178 962 romtissimos
1200 915 1495 963 Centuriones
1514 919 1746 981 interficit,
1769 920 1928 966 Duces
1947 921 2095 966 absol-

356 987 440 1031 vit.
485 989 564 1031 61.
583 983 799 1036 Maricci,
865 996 1012 1027 serere
1031 997 1124 1028 sese
1131 979 1345 1044 fortunae
1359 985 1477 1037 ausi,
1494 985 1782 1045 supplicium.
1826 989 1905 1033 62.
1925 985 2102 1033 Vitellii

353 1051 486 1112 gula,
511 1051 642 1110 leges.
707 1048 926 1110 Spretum
948 1049 1150 1111 Augusti
1174 1048 1453 1110 Caesarisque
1477 1052 1771 1111 praeconium.
1837 1052 1974 1098 Pulsi
1999 1067 2099 1098 ma-

358 1117 611 1164 thematici.
676 1115 869 1180 Equites
915 1129 1057 1161 arena
1093 1114 1334 1176 prohibiti.
1401 1120 1484 1166 63
1521 1119 1601 1162 64.
1639 1116 1899 1165 Dolabellae
1940 1119 2095 1164 ccedes.

363 1184 562 1229 Triarice
596 1181 816 1238 licentia3
859 1170 1056 1227 Galeriae
1079 1186 1126 1226 et
1149 1180 1355 1227 Sextilice
1382 1171 1622 1228 modestia.
1687 1186 1770 1229 65.
1799 1175 1987 1230 Cluvius
2019 1184 2100 1230 ab·

353 1250 581 1304 solvitur,·
649 1218 896 1293 Trebellius
957 1252 1230 1293 removetur.
1298 1251 1378 1294 66.
1432 1248 1484 1293 V
1471 1253 1572 1294 ictae
1613 1248 1808 1308 legiones
1836 1247 2094 1310 ferociunt.

344 1314 882 1372 'Quartadecimanorum
912 1318 960 1358 et
983 1313 1269 1359 Batavorum
1299 1313 1566 1362 discordia.-
1601 1318 1680 1367 67.
1705 1314 2101 1369 Praetorianorum

356 1381 545 1427 honesta
586 1381 754 1432 missio.
777 1371 781 1375 ⁴
804 1378 1117 1440 >Sparguntur
1161 1380 1368 1439 legiones.
1447 1385 1525 1426 68.
1563 1375 1823 1426 Luxuriam
1866 1378 2100 1442 Principis

299 1475 302 1477 >
354 1447 604 1503 aemulatur
623 1446 861 1492 exercitus.
934 1445 1082 1491 Ticini
1116 1446 1342 1492 tumultus
1363 1446 1458 1491 alio
1482 1447 1685 1491 tumultu
1715 1447 1915 1494 sedatus.
1989 1447 2098 1494 Ver-

351 1515 473 1575 ginii
499 1513 773 1574 peric-ulum.
838 1515 915 1563 69.
944 1509 1159 1556 Cohortes
1185 1511 1470 1557 Batavorum
1493 1513 1542 1558 in
1572 1513 1866 1558 Germaniam
1888 1514 2098 1561 remissae.

355 1580 590 1640 amputati
625 1578 852 1638 legionum
890 1577 1258 1638 auxiliorumque
1289 1592 1480 1689 numer?
1517 1577 1647 1624 miles
1684 1578 1796 1624 luxu
1834 1583 2096 1641 conruptus.

340 1650 436 1700 70.
456 1643 689 1692 Vitellius
713 1643 1034 1695 Bedriacenses
1065 1658 1246 1704 campos
1281 1644 1410 1690 laetus
1462 1648 1630 1706 ustrat‚
1659 1645 1930 1707 propinques
1960 1646 2100 1691 sortis

354 1713 560 1772 ignarus.
624 1715 704 1767 71.
732 1710 930 1758 Neronis
970 1709 1179 1756 libidines
1222 1703 1481 1770 aemulatur.
1553 1705 1825 1756 Consulatus
1860 1713 2088 1787 partitur.

352 1782 389 1835 7
390 1783 433 1823 2
464 1775 624 1822 Falsus
645 1775 970 1822 Scribonianus
991 1778 1117 1822 cruci
1135 1775 1338 1837 suffixus.
1919 1805 1922 1811 ·

349 1837 359 1861 ·”
416 1846 496 1909 73.
527 1840 753 1896 Vitellius,
770 1841 831 1887 ob
853 1843 1070 1888 adactum
1099 1843 1146 1888 in
1169 1842 1304 1888 verba
1337 1840 1431 1901 ejus
1456 1841 1687 1888 Orientem
1718 1811 1935 1904 superbus
1956 1847 2001 1888 et
2015 1850 2096 1889 've-

346 1923 468 1965 cors,
499 1895 765 1969 Vespasiani
786 1909 849 1953 ad
871 1923 1032 1954 nomen
1053 1909 1298 1955 excitatur
1363 1913 1442 1962 74.
1471 1908 1566 1953 Hic
1588 1907 1765 1954 bellum
1775 1923 1994 1970 armaque
2006 1923 2097 1970 pa-

349 1980 472 2022 rat.
514 1980 548 2028 7
550 1978 725 2027 5—78.
756 1979 997 2020 nutante-m
1011 1975 1214 2037 firmant
1235 1974 1498 2028 Mucianus,
1522 1973 1692 2034 Legati
1718 1974 1819 2026 alii,
1842 1978 2014 2020 vatum
2015 1989 2096 2021 re-

347 2055 516 2102 sponsa
549 2046 596 2087 et
628 2039 828 2086 Carmeli
863 2040 960 2087 Dei
992 2039 1227 2088 Sacerdos.
1299 2044 1377 2094 79.
1408 2044 1485 2087 80.
1521 2040 1862 2101 Imperatorem.
1884 2041 2096 2087 salutant

347 2107 588 2168 AEgyptus
616 2111 663 2152 et
695 2106 849 2168 Syria.
920 2111 999 2153 81.
1023 2107 1260 2153 Accedunt
1291 2107 1354 2152 ad
1379 2111 1539 2168 partes
1573 2104 1667 2165 ejus
1690 2105 1837 2166 Reges
1857 2105 2093 2160 Sohemus,

345 2170 620 2226 Antiochus,
644 2173 858 2234 Agrippa
874 2194 892 2230 ,-
926 2173 1108 2234 Regina
1130 2173 1359 2220 Berenice.
1433 2179 1509 2219 82.
1535 2172 1660 2221 Belli
1681 2172 1886 2218 consilia.
1962 2172 2096 2218 Titus

346 2241 493 2285 instat
514 2239 705 2286 Judceae.
768 2239 1068 2300 Vespasianus
1089 2240 1294 2286 claustra
1314 2238 1514 2299 AEgypti
1534 2237 1718 2284 obtinet.
1769 2241 1848 2286 83.
1870 2242 1948 2285 84.
1979 2237 2092 2284 Mu-

347 2306 520 2356 cianus,
561 2320 662 2350 cum
693 2306 896 2356 exercitu
928 2307 1206 2367 prcemissus,
1241 2319 1430 2351 nervum
1464 2304 1571 2350 belli
1603 2304 1845 2365 conquirit.
1907 2307 2091 2352 85..86.

346 2371 547 2425 Moesicae
570 2371 934 2434 Pannonicaeque
959 2373 1167 2434 legiones,
1191 2373 1238 2417 in
1256 2376 1415 2432 partes
1439 2375 1745 2431 transgressae,
1767 2370 2096 2416 Dalmaticum

312 2432 315 2435 ’
342 2437 538 2484 militem
562 2437 771 2484 trahunt.
841 2439 964 2484 Belli
971 2438 1107 2500 faces
1129 2438 1359 2485 Antonius
1371 2437 1564 2512 prim-us,
1593 2435 1829 2481 Cornelius
1850 2436 2032 2481 Fuscus.

404 2507 489 2556 87.
516 2503 748 2557 Vitellius,
786 2506 1110 2566 contemptior
1130 2506 1179 2550 in
1222 2505 1333 2557 dies,
1367 2503 1504 2564 gravi
1538 2503 1694 2548 urbem
1726 2502 1916 2562 agmine
1951 2503 2092 2562 petit,

340 2583 553 2630 eamque
618 2573 696 2618 88.
718 2573 795 2620 89.
812 2576 1011 2631 patrata
1042 2571 1193 2616 multa
1223 2570 1424 2616 militum
1456 2581 1833 2629 paganorumque
1868 2567 2002 2621 caede,
2022 2571 2090 2613 ut

344 2641 546 2696 captam,
573 2636 818 2696 ingressus,
879 2642 956 2684 90.
979 2637 1271 2699 magnificam
1293 2636 1348 2680 de
1367 2636 1602 2694 semetipso
1625 2624 1877 2679 orationem
1899 2625 2092 2694 promit,

343 2706 424 2749 91.
455 2701 643 2748 humani
664 2700 960 2763 Divinique
930 2704 1057 2762 juris
1079 2716 1250 2763 eoepers,
1273 2700 1494 2746 nonnulla
1518 2705 1668 2745 tamen
1684 2699 1938 2761 popularia
1957 2713 2092 2745 usur-

337 2772 440 2831 pat.
508 2771 584 2815 92.
617 2768 786 2814 Munia
810 2768 1002 2830 Imperii
1027 2767 1208 2814 Caecina
1230 2782 1284 2812 ac
1307 2767 1470 2812 Valens
1491 2767 1667 2813 obeunt.
1725 2765 1916 2811 Vitellio
1932 2770 2092 2810 aucto-

341 2835 459 2878 ritas
492 2834 623 2880 nihil.
699 2838 779 2882 93..
808 2834 980 2879 Militis
1023 2836 1072 2880 in
1105 2834 1213 2879 urbe
1257 2836 1418 2888 otium,
1456 2831 1676 2882 libidines,
1710 2830 1871 2884 morbi,
1905 2835 2091 2891 mortes,

342 2904 421 2946 94.
446 2900 702 2952 insolentia,
724 2915 862 2960 pauci
868 2911 950 2948 tas.
1027 2899 1240 2946 Vitellii
1227 2901 1398 2960 inopia,
1417 2899 1727 2959 prodigentia.
1789 2896 1946 2942 Duces
1973 2884 2090 2941 Gal-

344 2964 514 3011 liarum
547 2960 778 3025 postulati
801 2966 864 3010 ad
885 2966 1174 3026 supplicium.
1243 2965 1431 3010 Militia:
1453 2965 1564 3009 ordo
1586 2962 1810 3024 confusus.
1880 2966 1957 3010 95.
1989 2962 2092 3007 Na-

343 3029 452 3075 talis
481 3030 657 3077 Vitellii
679 3032 854 3098 ingenti
872 3037 1046 3092 paratu
1070 3031 1332 3078 celebratus.
1405 3028 1590 3091 Inferioe
1613 3025 1960 3089 Neronifactae.
1998 3028 2091 3074 Ur·

339 3095 406 3140 bis
428 3096 629 3144 miseria
698 3101 774 3144 96.
796 3095 1126 3163 Defectionis
1120 3097 1353 3142 Flavianae
1374 3108 1576 3141 rumores
1606 3094 1725 3139 male
1747 3099 1920 3139 coercet
1946 3093 2090 3139 Vitel-

340 3161 445 3207 lius.
521 3165 597 3214 97.
633 3167 710 3209 98.
755 3162 925 3208 Excita
962 3169 1113 3223 tamen
1152 3163 1353 3215 auxilia,
1382 3162 1460 3206 sed
1496 3161 1734 3206 necessitas
1778 3148 2081 3206 dissimulata.

338 3232 419 3276 99.
451 3227 820 3288 Inrumpentibus
850 3229 1070 3282 hostibus,
1093 3229 1271 3274 Caecina
1293 3227 1355 3272 ad
1378 3226 1543 3271 bellum
1576 3227 1916 3286 praem-ittitur·
1898 3260 1914 3280 ‚
1938 3225 2028 3270 sed
2049 3226 2089 3269 is

285 3288 299 3351 J
342 3297 450 3340 100.
485 3297 590 3339 101.
621 3307 723 3338 cum
746 3292 929 3339 Lucilio
953 3294 1095 3339 Basso
1129 3294 1429 3352 classibusque
1461 3291 1727 3337 Rauennate
1755 3290 2089 3350 Misenensique

334 3359 644 3420 proditionem
669 3359 912 3419 componit,
937 3365 982 3404 et
1004 3361 1066 3405 ad
1092 3365 1253 3420 partes
1283 3359 1545 3418 Vespasiani
1569 3358 1748 3403 transit.
1829 3356 1968 3401 Gesta
1990 3355 2085 3402 haec

338 3428 447 3482 sunt
461 3425 626 3485 paucis
648 3424 870 3470 mensibus
891 3439 1010 3472 anno
1032 3427 1202 3482 eodem,
1225 3424 1490 3471 Consulibus
1513 3425 1670 3470 iisdem
1684 3427 1730 3469 et
1741 3421 1849 3469 aliis
1863 3422 2081 3485 suffectis,

340 3491 397 3538 de
418 3490 577 3553 quibus
598 3491 763 3536 videsis
789 3495 832 3546 1,
855 3494 933 3545 77.
1098 3498 1100 3502 '

2188 476 2190 481 .
2183 434 2190 457 ..,
2187 412 2190 422 -
2175 191 2190 399 maj-2:122.
2175 171 2187 179 2*
2184 112 2190 162 -
2170 64 2190 91 23·
