2190 3880
259 203 360 250 390

743 199 747 211 ²
764 197 819 247 C.
855 193 1240 249 CORNELIUS
1272 198 1554 252 TACITUS

1780 250 1801 261 x

265 328 430 385 Suevi
471 344 521 389 a
515 328 724 384 ceteris
753 323 1066 399 Germa-niS,
1085 331 1165 386 sic
1194 324 1506 386 ¹Suevorum
1549 332 1771 405 ingenui
1812 352 1844 386 a
1867 322 2091 402 servis,

265 397 600 475 separantur.

648 402 751 456 In
779 403 899 459 aliis
925 404 1202 475 gentibuS,
1229 418 1322 456 seu
1346 378 1692 486 cognatioone
1730 406 1911 484 aliqua
1935 406 2069 459 Sue-

263 493 477 544 vorum,
504 492 598 528 seu
637 475 808 558 (quod
843 493 990 545 saepe
1015 475 1239 540 accidit)
1267 475 1589 540 imitatione,
1619 486 1815 542 rarum,¹
1850 490 1906 531 et
1932 479 2074 531 intra

259 548 507 620 juventae
530 547 802 619 spatium3
842 546 986 618 apud
1017 546 1243 612 Suevos,
1264 565 1433 627 usque
1458 547 1524 599 ad
1551 548 1827 613 canitiem,
1854 549 2075 603 horren-

268 633 376 673 tem
405 619 681 691 capillum·
701 629 845 671 retro
880 628 1197 688 sequuntur,
1223 637 1286 671 ac
1313 636 1458 690 saepe
1498 619 1573 671 iu
1570 619 1695 672 solo
1717 620 1938 674 vertice
1936 621 2075 675 reli-

266 702 437 764 gant.-

267 763 515 818 innoxia.

267 921 423 972 scytha·
450 919 587 966 solent,
604 919 808 970 sparseris.
866 918 1066 958 Martialis
1086 922 1147 957 et-

267 979 346 1014 iam
375 974 590 1025 Sigambris
621 975 668 1011 de
687 974 864 1024 Spectac.
887 980 930 1012 3.
967 973 1148 1016 Crinibus

267 1033 312 1069 in
337 1031 482 1068 nodum
501 1030 615 1068 tortis
633 1041 762 1068 venere
777 1029 994 1078 Sigamlni.
1037 1029 1147 1068 Idem

265 1085 453 1123 universe
479 1083 576 1122 alibi
604 1089 644 1130 5,
672 1088 741 1122 38.
799 1084 1001 1134 Rhenique
1016 1084 1146 1122 nodos.

267 1139 544 1178 Tertullianus
567 1139 688 1176 cirros
724 1138 767 1176 in
796 1139 1004 1176 Germanis
1030 1150 1152 1188 agno·

270 1195 361 1240 scit,
377 1194 543 1233 fortasse
559 1194 610 1231 ab
630 1194 704 1231 hac
728 1193 898 1232 crinium
917 1192 1153 1243 obliquatio-

268 1252 382 1291 neet
404 1249 523 1292 flexu.
578 1249 639 1288 De
671 1245 894 1298 virginibus
923 1249 1100 1287 velandis
1119 1260 1152 1287 c.

276 1309 339 1341 10.
367 1303 570 1342 Debebunt
586 1309 622 1342 et
641 1303 719 1352 ipsi
734 1303 872 1353 aliqua
888 1303 1067 1353 insignia
1078 1304 1153 1344 silei

270 1358 484 1408 defendere,
508 1364 579 1396 aut
598 1369 749 1409 pennas
769 1357 1066 1404 Garamantum,
1085 1363 1156 1396 aut

270 1413 445 1463 crobylos
471 1413 735 1458 barbarorum,
760 1417 831 1449 aut
858 1413 1015 1450 cicadas
1033 1412 1156 1450 Atloe-

270 1468 478 1513 niensium,
501 1474 571 1504 aut
597 1468 720 1504 cirros
749 1467 1040 1504 Germanorum.
1067 1467 1154 1505 ideo

272 1522 383 1573 quia,
401 1522 449 1558 ut
475 1519 539 1559 hic
566 1519 774 1570 scriptum,
800 1519 949 1559 crinem
977 1521 1155 1571 obliqua-

270 1576 386 1615 bant.
425 1576 631 1614 Juvenalis
657 1582 720 1622 13,
753 1578 843 1614 164.
886 1577 1042 1614 Coerula
1068 1578 1156 1627 quis

270 1631 424 1682 stupuit
454 1632 638 1682 Germani
665 1631 827 1676 lumina,
842 1633 1000 1681 flavam
1027 1632 1157 1669 Caesa-

271 1688 370 1725 riem
383 1692 421 1724 et
436 1687 596 1731 ntadido
608 1691 844 1736 torquentem
861 1698 1005 1724 cornua
1017 1687 1118 1724 cirro
1134 1685 1156 1724 ?

270 1739 406 1778 Taciti
425 1744 560 1788 tamen
578 1740 706 1778 locum
720 1740 869 1777 huncce
885 1741 933 1777 de
950 1740 1157 1790 obliquan-

273 1793 323 1832 do
340 1796 464 1843 crine,
481 1796 620 1841 fateor,
639 1796 698 1833 ita
717 1795 837 1833 etiam
866 1795 954 1843 capi
971 1807 1096 1844 posse,
1112 1799 1158 1833 ut

274 1850 425 1888 crinem
443 1862 523 1893 non
542 1850 582 1887 in
601 1854 753 1888 rectum
771 1851 875 1899 passi
903 1844 1158 1888 sint'descen-

276 1905 385 1951 dere,
403 1906 471 1942 sed
487 1905 719 1944 reduxerint
740 1905 780 1943 in
799 1905 1055 1954 posteriorem
1072 1917 1159 1950 ver·

276 1961 397 1997 tieem
414 1964 455 1998 et
484 1960 740 2011 obliquarint.
782 1961 896 1998 Lu‘s.
931 1961 1028 1998 Mox
1055 1961 1159 2005 male

277 2017 321 2051 et
353 2026 423 2064 per
458 2015 600 2052 vitium
635 2026 844 2064 operarum
875 2015 934 2052 sic
960 2015 1158 2064 repetitur

275 2074 368 2118 post
397 2076 631 2120 separantur
663 2071 705 2107 in
739 2069 827 2107 edd.
873 2069 1002 2107 Rhea.
1042 2074 1159 2110 1519.

277 2135 362 2173 sqq.
378 2123 560 2161 omnibus
576 2127 670 2161 ante
692 2124 927 2162 Pichenam.
938 2124 1069 2169 unde
1090 2137 1160 2161 no-

276 2183 320 2215 ta
348 2183 443 2216 nata
470 2179 662 2229 Acidalio.
716 2179 819 2217 Nam
852 2179 899 2216 ab
926 2163 1162 2228 antiquiori-

278 2234 354 2271 bus
373 2237 414 2271 et
431 2222 515 2272 MS.
530 2234 664 2271 Turic.
684 2232 809 2272 abest.
836 2235 945 2271 ERN.
973 2233 1101 2272 Abest
1118 2238 1160 2271 et

278 2288 329 2325 ab
348 2289 408 2324 ed.
427 2289 538 2325 Rom.
558 2289 654 2325 Nor.
674 2290 763 2326 Put.
803 2288 1004 2326 Acidalius
1027 2289 1158 2338 legen·

278 2343 372 2379 dum
392 2341 561 2391 putabat
578 2344 615 2379 si
634 2343 675 2379 in
690 2343 783 2379 aliis
797 2355 848 2391 g.

328 2398 445 2443 Quod
456 2394 617 2444 accidit]
640 2396 724 2433 MS.
745 2396 899 2433 Amnd.
917 2384 1012 2434 Cod.
1029 2397 1162 2445 Kapp.

279 2451 412 2503 (sy-ed.
442 2449 556 2500 Nor.)
587 2450 672 2488 cdd.
696 2451 797 2499 Spir.
822 2455 1161 2499 ceteraequevete-

203 2536 205 2538 .
278 2517 342 2544 res
381 2505 517 2557 (etiam
545 2504 675 2554 Rom.)
712 2506 863 2542 addunt
893 2518 1017 2555 soepe:
1058 2506 1163 2554 quod

280 2568 375 2598 casu
393 2561 580 2598 omissum
596 2560 767 2597 restitui.
825 2559 934 2605 ΕιιΝ.

338 2617 458 2653 Retro
489 2613 717 2665 sequuntur]
751 2613 791 2653 Si
825 2614 920 2663 quid
940 2615 1067 2660 video,
1085 2614 1165 2651 dis-

283 2671 431 2707 crimen
452 2682 531 2706 non
551 2673 610 2706 est
631 2669 672 2706 in
690 2681 854 2706 numero
872 2669 1077 2714 nodorum,
1099 2668 1164 2718 (ut

283 2726 413 2776 placet
444 2722 672 2774 Contingio)
707 2724 774 2760 sed
804 2724 846 2760 in
876 2724 975 2770 loco,
1000 2723 1069 2762 ubi
1097 2724 1163 2760 fir·

282 2785 444 2818 mantur
459 2779 566 2816 nodi.
584 2789 724 2827 nempe
741 2777 828 2815 aliis
845 2785 1064 2824 retrosecus,
1081 2779 1163 2816 sive

282 2837 388 2872 circa
404 2834 576 2882 occiput,
592 2833 679 2869 aliis
698 2835 739 2870 ia
759 2834 895 2870 vertice
912 2836 1010 2883 ips-0.
1051 2834 1105 2871 Et
1121 2833 1163 2870 in

284 2889 430 2927 vertice
458 2891 591 2926 autem
622 2891 663 2924 et
692 2890 911 2924 retrosecus
942 2887 1096 2925 collecti
1125 2890 1167 2924 et

284 2943 466 2984 renodati
494 2943 556 2980 vel
584 2942 741 2990 religati
769 2942 916 2992 capilli,
934 2939 1054 2983 cirri,-
1085 2953 1166 2980 ιιοιι

286 2999 481 3049 posterius
500 3001 655 3034 tantum
686 2997 799 3034 niodo
818 3008 956 3044 genuS.
1015 2997 1170 3034 Cornua

287 3057 421 3091 autem
436 3052 534 3089 nihil
551 3052 659 3090 aliud
677 3055 787 3098 sunt,
806 3063 924 3100 quam
941 3052 1033 3089 nodi
1048 3052 1171 3100 capil-

286 3107 416 3146 lorum
434 3113 474 3143 et
495 3105 794 3155 implicationes.
825 3106 922 3143 Vide
936 3106 1169 3143 Salmasium

288 3163 339 3199 ad
373 3162 550 3199 solinum
589 3172 678 3209 pag.
713 3163 806 3201 762.
845 3158 970 3210 (535.)
1034 3161 1172 3198 Gnosi.

287 3217 442 3264 Nempe
460 3216 561 3251 idem
579 3214 817 3263 Contingius
839 3214 1022 3263 putabat,
1039 3214 1171 3263 plures

288 3271 412 3308 nodos
441 3269 673 3319 capillorum
703 3281 785 3305 esse
814 3271 935 3306 cirros
963 3273 1004 3306 et
1028 3282 1174 3309 cornua

288 3326 580 3365 Germanorum
596 3323 733 3371 priscis
754 3323 1010 3371 scriptoribus
1027 3335 1174 3361 memo

292 3383 411 3419 ratos.
467 3380 692 3417 Reti-oseem
724 3381 786 3415 est
819 3388 867 3414 ex
899 3378 1173 3416 emendatione

291 3437 375 3472 JOS.
389 3433 575 3482 scaligeri
591 3431 655 3481 (ad
667 3429 875 3481 Martini),
886 3443 971 3479 quae
985 3436 1026 3469 et
1037 3432 1174 3468 Frein-

293 3489 444 3529 shernio
461 3494 502 3525 et
517 3487 732 3535 Conringio
751 3484 945 3535 placebat.
986 3486 1063 3523 Sed
1083 3485 1174 3522 libri

293 3549 446 3581 veteres
477 3542 518 3585 in
549 3542 591 3579 h.
621 3541 647 3579 1.
677 3552 756 3578 ιιοιι
783 3540 1049 3578 consentiunt.
1081 3540 1174 3578 eod.

296 3599 429 3645 Kapp.
451 3596 499 3645 (s.
524 3596 586 3633 ed.
606 3593 717 3645 Nor.)
738 3595 985 3644 interpungit
1012 3599 1100 3644 post
1117 3607 1175 3633 se-

296 3657 482 3703 quuntur,
501 3655 541 3688 et
558 3661 649 3693 mox
671 3649 815 3689 babet:
844 3662 894 3688 ac
919 3661 1019 3702 sa’pe
1038 3651 1080 3689 in
1094 3650 1175 3689 solo

487 690 777 760 Principes
803 700 859 741 et
884 689 1212 743 ornatiorem
1247 690 1472 744 habent.
1509 709 1573 743 ea
1598 709 1726 744 cura
1751 688 1961 758 formae,
1984 693 2078 745 sed

590 761 787 852 Neque
805 761 952 814 enim
978 773 1040 815 ut
1065 773 1264 816 ament
1274 774 1620 830 amenturve3
1652 763 1712 816 in
1738 763 2077 818 altitudinem

1201 921 1340 959 vertice
1354 921 1564 970 religatur.
1593 919 1674 972 (Sic
1692 924 1732 960 et
1749 921 1807 959 ed.
1825 919 1955 972 Rom.)
1992 920 2081 960 Un-

1201 976 1249 1012 de
1280 977 1536 1014 confirmatur
1568 976 1752 1026 suspicio,
1786 977 2027 1015 alterutrum
2057 989 2098 1015 e·

1201 1029 1330 1068 verbis
1349 1033 1432 1080 ipso
1461 1031 1541 1068 solo
1571 1043 1654 1068 esse
1681 1031 1873 1080 spurium.
1924 1031 1982 1073 Et
2009 1043 2082 1095 ap-

1201 1090 1330 1133 paret,
1347 1085 1430 1135 ipso
1448 1085 1555 1122 nasei
1582 1085 1757 1136 potuisse
1783 1085 1899 1123 facile
1917 1087 2023 1124 inter
2038 1087 2082 1124 in

1202 1144 1246 1177 et
1261 1141 1355 1176 solo.
1396 1140 1514 1177 Forte
1532 1141 1651 1177 etiam
1671 1139 1878 1179 variarunt
1893 1138 2004 1178 coda.
2023 1139 2085 1179 iu-

1182 1198 1267 1232 ·ter
1284 1195 1353 1231 bas
1380 1194 1478 1232 duas
1506 1206 1634 1241 voces,
1659 1199 1701 1232 et
1728 1194 1821 1232 dein
1849 1197 2018 1244 utraque
2037 1194 2103 1233 iu

1203 1252 1318 1287 textu
1336 1252 1397 1292 est
1422 1249 1656 1297 conjuncta:
1696 1250 1811 1298 quod.
1825 1250 1910 1297 jam
1933 1249 2087 1300 aliquo·
2109 1266 2116 1272 ·

1203 1303 1280 1342 ties
1315 1303 1500 1343 accidisse
1530 1304 1572 1341 in
1601 1304 1741 1344 Tacito
1772 1303 1954 1341 vidimus.
2009 1303 2086 1342 Sed

1207 1361 1421 1407 utrumque
1439 1357 1603 1396 verbum
1631 1358 1712 1406 jam
1743 1359 1944 1408 reperitur
1965 1358 2007 1395 in
2026 1358 2089 1398 ed.

1194 1413 1312 1462 >Spin
1347 1413 1416 1450 sed
1445 1413 1578 1450 eadem
1617 1425 1707 1451 cum
1741 1413 1828 1451 edd.
1870 1414 1962 1452 Put.
1992 1413 2088 1452 Ber.

1211 1462 1385 1519 (Rhag.)
1394 1466 1514 1504 habet
1540 1469 1685 1518 ligant.
1745 1467 1901 1506 Primus
1929 1467 2090 1521 Rhena-

1207 1534 1284 1560 nus
1302 1522 1424 1559 edidit
1439 1523 1558 1559 tacite
1574 1523 1746 1572 religant
1758 1527 2037 1560 a.1533.eum
2050 1533 2091 1560 a.

1214 1582 1330 1617 1519.
1348 1578 1480 1627 ligant
1499 1577 1696 1622 edidisset,
1710 1577 1772 1613 et
1763 1589 1804 1615 ιιι
1821 1577 2000 1628 margine
2015 1588 2090 1628 pro

1210 1643 1292 1676 var.
1313 1631 1404 1669 lect.
1429 1635 1604 1669 notasset
1621 1632 1808 1681 religant,
1826 1633 1958 1670 nescio
1983 1632 2090 1670 unde

1210 1691 1399 1725 sumtum.
1426 1687 1516 1724 Jam
1545 1686 1650 1723 locus
1679 1686 1786 1724 varie
1807 1689 1986 1728 tentatus
2014 1689 2090 1725 est.

1211 1741 1398 1791 Scaligeri
1416 1741 1727 1780 emendat-ionem
1743 1741 1926 1779 vidimus.
1980 1741 2092 1780 Mar-

1209 1796 1323 1834 cilius
1341 1797 1397 1834 sic
1413 1795 1633 1845 corrigebat
1646 1808 1669 1842 ;ι
1687 1801 1911 1842 retrorsum,
1930 1806 1979 1833 ac
1989 1806 2091 1846 eope

1211 1852 1253 1889 in
1279 1852 1360 1889 solo
1387 1852 1525 1889 vertice
1554 1852 1698 1900 ligant.
1726 1851 1834 1887 ERN.
1865 1851 1956 1901 Ipso
1981 1849 2094 1888 deest

1211 1906 1252 1943 in
1269 1906 1329 1942 cd.
1356 1905 1467 1942 Rom.
1485 1905 1582 1942 Nor.
1602 1909 1642 1942 et
1661 1904 1745 1945 MS.
1764 1905 1888 1954 Long.
1918 1904 2093 1944 Omnino

1210 1959 1428 1998 tollendum
1446 1960 1616 1998 videtur.
1673 1958 1863 1997 Heinsius
1889 1970 2094 2010 expunge-

1210 2012 1281 2052 bat
1315 2015 1410 2052 solo.
1467 2014 1687 2053 Groslotius
1726 2013 1885 2052 volebat
1926 2025 2091 2052 summo.

1211 2071 1312 2108 Cum
1340 2069 1521 2107 Mai-cilio
1547 2069 1643 2106 facit
1673 2065 1850 2107 Colerus.
1887 2068 1978 2118 Bip.
1993 2067 2096 2106 mal·

1211 2124 1296 2162 lent
1314 2130 1523 2161 retrorsum
1541 2129 1754 2162 comantur.
1810 2123 2032 2164 Rhenanus,
2043 2134 2094 2161 ex

1214 2179 1276 2216 ed.
1294 2179 1390 2217 Nor.
1409 2178 1448 2215 in
1474 2179 1652 2227 margine
1669 2177 1761 2215 libri
1780 2177 1842 2215 sui
1861 2181 2018 2216 notarat
2034 2190 2094 2215 re·

1212 2235 1381 2283 ligatur,
1398 2233 1489 2270 hinc
1507 2233 1647 2272 sumsit
1666 2243 1781 2270 suum
1799 2234 1986 2282 religant.
2024 2231 2095 2270 lu·

1212 2292 1280 2326 tus
1298 2288 1422 2336 ipsius
1439 2287 1672 2326 documenta
1685 2290 1822 2324 extant
1839 2287 1881 2324 in
1897 2285 2095 2336 capitibus

1215 2343 1332 2380 aeneis
1363 2342 1539 2391 antiquis
1566 2342 1671 2391 apud
1701 2342 1894 2380 Smetium
1915 2341 1957 2380 in
1973 2341 2096 2382 Anti-

1216 2398 1315 2446 quit.
1332 2397 1522 2445 Neomag.
1541 2397 1590 2433 ad
1610 2408 1647 2444 p.
1666 2400 1732 2436 70.
2104 2419 2107 2422 -

1267 2451 1473 2499 Religrmt.
1506 2448 1727 2499 Principes]
1781 2448 1944 2487 Colerus
1979 2460 2098 2486 orna-

1213 2510 1300 2543 tum
1319 2504 1543 2554 Principum
1563 2504 1610 2541 de
1637 2504 1749 2541 cirris
1767 2503 1952 2554 explicat,
1972 2514 2096 2555 eoque

1214 2559 1337 2608 refert
1370 2558 1490 2598 ‚verba
1520 2560 1665 2597 Juven.
1706 2562 1769 2603 18,
1792 2559 1882 2596 164.
1907 2558 2022 2596 modo
2042 2558 2107 2596 οἱ-.

1215 2618 1316 2652 tata.
1373 2614 1479 2651 Ante
1492 2613 1697 2662 Principes·
1710 2612 2000 2662 interpungunt
2015 2613 2099 2655 edi-

1215 2669 1343 2707 tiones
1362 2671 1526 2706 veteres.
1585 2667 1875 2705 Freinshemius
1905 2673 2098 2716 puuctum

1216 2723 1336 2770 tollit,
1354 2722 1527 2772 legitque
1555 2723 1659 2771 relig
1634 2727 1728 2760 rrane
1754 2721 1960 2772 Principes
1974 2727 2013 2760 et
2035 2733 2099 2759 ot

1217 2784 1390 2816 natm-em
1408 2778 1559 2815 habeut.
1615 2777 1660 2813 Id
1678 2782 1767 2814 cum
1796 2775 1925 2824 prisea
1949 2774 2102 2824 simpli-

1217 2833 1338 2871 citate
1356 2843 1436 2869 non
1453 2830 1662 2870 convenire
1676 2830 1830 2895 judicat
1846 2830 2100 2880 Contingius.

1220 2888 1297 2925 Ast
1314 2892 1510 2924 ornatores
1526 2892 1567 2923 et
1579 2885 1788 2923 amatrices
1800 2875 1894 2934 ipsis
1911 2884 2100 2926 Romanis

1221 2942 1342 2980 fuisse
1373 2941 1416 2978 in
1448 2952 1540 2986 usu,
1573 2942 1827 2980 monumenta
1845 2939 2011 2988 antiqua
2040 2938 2102 2976 lo-

1223 2999 1415 3058 quuntur.
1445 2995 1506 3032 ef.
1538 2994 1742 3031 Bianccini
1769 2990 1936 3032 camera
1965 2994 2012 3030 ed
2041 2993 2103 3032 in-

1224 3051 1338 3088 scriz.
1356 3049 1528 3097 sepulcr.
1555 3048 1614 3086 de’
1647 3046 1795 3093 liberti,
1813 3047 1915 3085 servi
1941 3049 1990 3086 ed
2013 3047 2103 3085 uffi-

1223 3105 1311 3143 ciali
1332 3104 1434 3141 dclla
1450 3115 1541 3141 casa
1556 3096 1594 3140 di
1609 3103 1812 3164 Augusto..
1831 3101 1903 3141 fol.
1917 3102 1961 3139 iu
1975 3102 2103 3144 Roma
2135 3138 2139 3142 ,

1229 3165 1345 3199 1727.
1364 3170 1403 3196 ιι.
1423 3160 1488 3196 60.
1516 3159 1730 3207 Persarum
1749 3146 1994 3204 aliorumque
2014 3154 2108 3203 ban,

1224 3213 1409 3254 batorum
1428 3214 1553 3262 Reges
1570 3212 1813 3251 cincinnatos
1838 3210 1949 3248 ιιιιιιιὶ
1965 3213 2007 3247 et
2023 3210 2105 3247 alia

1226 3271 1482 3306 monumenta
1510 3267 1683 3314 sistunt3
1714 3266 1760 3303 iis
1789 3275 1881 3312 ergo
1909 3265 2105 3303 ornaturi-

1227 3323 1302 3360 bus
1321 3323 1400 3360 fuit
1429 3332 1540 3370 opuS.
1594 3320 1655 3358 De
1677 3318 1883 3357 Germanis
1913 3319 2029 3362 idem
2043 3331 2105 3377 sc-

1227 3377 1392 3427 quentia
1408 3375 1512 3423 apud
1529 3378 1705 3414 nostrum
1723 3372 1931 3412 suadent.
2057 3396 2068 3408 0

1284 3429 1366 3468 Sed
1390 3426 1576 3477 ἰηηοιὶω]
1620 3429 1802 3466 Muretus
1836 3431 1877 3463 et
1907 3414 2108 3475 Ᾱοὶἀιιῐίιιιι

1228 3484 1431 3533 corrigunt
1450 3484 1636 3523 inno.2·ia,·
1667 3485 1786 3527 recte,
1800 3483 1847 3518 ut
1863 3480 1976 3523 facile
1995 3484 2107 3529 patet

1229 3551 1251 3577 e
1267 3537 1545 3587 sequentibus·
1536 3566 1544 3574 .
1576 3537 1691 3589 idque
1710 3541 1748 3573 et
1778 3534 1962 3584 probasse
1985 3535 2026 3584 J.
2042 3534 2108 3574 rr.

1229 3593 1488 3638 Gronov-ium,
1508 3593 1601 3640 ejus
1627 3590 1875 3640 paraphrasis
1894 3593 1989 3628 nota
2016 3598 2109 3638 pro·

1230 3649 1337 3688 xima
1371 3647 1497 3687 docet.
1553 3646 1661 3687 ,Cura
1701 3645 1818 3686 noxia
1863 3653 1962 3697 esse,
2005 3641 2109 3688 malo
