2190 3880
259 173 325 219 38
861 161 1485 219 HISTORIARUM

126 309 400 363 A.U.quos
437 289 616 344 adhuc
656 290 900 362 singulos
936 293 1399 360 exstimulaverat,
1439 293 1811 349 accendendos
1834 296 1894 349 in
1928 292 2079 348 com-

142 367 234 402 823·
268 381 431 416 mune
467 375 634 428 ratuS‚
673 381 773 435 pro
814 363 954 416 vallo
993 377 1293 418 castrorum
1335 368 1414 418 ita
1455 369 1667 439 coepit:
1713 367 1842 425 Quis
1883 368 1953 419 ad
1993 386 2079 419 vos

137 417 254 512 Ατῖοῗ·
258 435 598 506 processerim,
624 434 995 500 commilitones,
1022 435 1182 490 dicere
1215 455 1316 488 non
1348 455 1582 507 possum:
1620 439 1741 510 quia
1778 458 1864 491 nec
1895 438 2080 509 priva-

184 529 252 581 37
267 515 376 560 tum
397 525 476 559 me
498 524 676 560 vocare
699 506 930 572 sustineo,
954 506 1201 578 Princeps
1222 527 1255 559 a
1280 509 1416 560 vobis
1441 510 1758 572 nominatus3
1794 528 1883 562 nec
1914 510 2081 561 Prin-

267 578 442 650 cipem,
468 577 571 630 alio
597 578 888 647 imperante.
968 577 1198 631 Vestrum
1224 597 1418 650 quoque
1454 599 1630 633 nomen
1665 581 1722 633 in
1747 581 1934 633 incerto
1966 580 2081 646 erit,

266 650 418 702 donec
461 648 801 715 dubitabitur,
841 649 1203 720 Imperatorem
1248 650 1441 720 Populi
1487 651 1642 705 Rom.
1690 653 1748 704 in
1783 653 1977 717 castris,
2014 669 2083 703 an

265 721 450 774 bostem
474 718 715 774 habeatis.
767 719 1058 787 Auditisne,
1084 731 1141 774 ut
1158 740 1310 792 poena
1337 740 1445 774 mea
1472 732 1518 775 et
1544 723 1846 794 supplicium
1866 732 2082 777 vestrum

260 791 418 846 simul
431 790 795 863 postulentur?
832 792 954 843 adeo
980 791 1302 864 manifestum
1323 802 1409 858 est,
1438 813 1593 865 neque
1609 797 1779 865 perire
1804 813 1908 860 nos,
1926 813 2083 866 neque

264 863 430 929 salvos
453 880 566 927 esse,
592 862 690 914 nisi
713 881 836 928 una,
857 881 1016 934 posse.
1094 864 1190 930 Et,
1217 864 1363 935 cujus
1397 865 1617 918 lenitatis
1651 875 1720 918 est
1751 866 1940 932 Galba,
1961 868 2082 938 jam

268 933 478 988 tortasse
504 932 774 1004 promisit:
811 943 869 987 ut
906 935 1013 1005 qui,
1039 933 1180 987 nullo
1221 946 1518 1004 exposcente,
1545 946 1619 989 tot
1657 936 1822 990 millia
1846 938 2082 990 innocen-

265 1007 569 1058 tissimorum
603 1004 824 1059 militum
849 1005 1198 1058 trucidaverit.
1275 1006 1483 1059 Horror
1518 1009 1743 1061 animum
1778 1009 1932 1074 subit,
1959 1027 2083 1080 quo-

267 1078 393 1131 tiens
429 1076 662 1129 recordor
684 1076 911 1149 feralem
946 1077 1231 1143 introitum,
1263 1087 1309 1130 et
1348 1077 1476 1130 lianc
1515 1079 1671 1131 solam
1701 1079 1886 1132 Galbae
1923 1082 2080 1132 victo-

269 1150 419 1213 riam,
445 1168 576 1214 cum,
601 1148 657 1200 in
682 1149 839 1203 oculis
862 1149 1023 1215 urbis,
1050 1147 1304 1202 decumari
1326 1149 1515 1202 deditos
1523 1150 1744 1220 juberet,
1770 1170 1891 1223 quos
1912 1151 2084 1222 depr-ef-

230 1251 234 1255 ·
270 1229 436 1273 cantes
460 1220 690 1290 infidem
715 1229 990 1291 acceperat.
1056 1220 1162 1272 His
1186 1221 1424 1292 auspiciis
1450 1224 1622 1274 urbem
1643 1223 1906 1293 ingressus,
1933 1240 2086 1295 quam

267 1291 490 1365 gloriam
528 1291 597 1343 ad
636 1291 823 1345 Princi
860 1302 1000 1345 atum
1038 1291 1246 1357 adtulit,
1283 1292 1381 1344 nisi
1406 1293 1553 1345 occisi
1585 1293 1875 1346 Obultronii
1903 1293 2087 1354 Sabini

270 1373 319 1418 et
360 1362 586 1417 Cornelii
621 1312 867 1417 Marcelli
914 1365 982 1430 in⁴
1008 1363 1288 1435 Hispania,
1333 1363 1490 1416 Betui
1529 1363 1756 1418 Chilonis
1789 1365 1846 1417 in
1883 1363 2083 1430 Gallia,

275 1434 475 1489 Fonteii
506 1434 768 1507 Capitonis
801 1437 858 1488 iu
883 1435 1179 1502 Germania,
1211 1434 1383 1488 Clodii
1410 1435 1587 1489 Blacri
1628 1437 1686 1489 in
1717 1435 1924 1508 Africa,
1956 1435 2081 1490 Cin·

272 1649 341 1675 cus
367 1639 544 1681 vocatur,
568 1638 616 1673 ut
639 1645 703 1684 ap.
732 1635 906 1674 Donium
932 1635 992 1675 Cl.
1019 1639 1060 1683 6,
1083 1640 1147 1675 15.

271 1692 376 1740 apud
393 1694 570 1728 nostrum
594 1690 772 1728 Centurio
800 1692 1029 1729 classiarius
1055 1692 1150 1728 dici-

272 1750 340 1783 tur
366 1746 419 1784 A.
443 1750 503 1788 14,
535 1751 571 1782 8.
625 1745 849 1794 Eademque
885 1746 1151 1783 inconstantia

257 1833 264 1838 Δ.
273 1801 469 1849 reperitur
487 1800 530 1836 in
547 1798 676 1836 verbis
694 1807 841 1845 qiatctoe,
858 1802 954 1846 socii
979 1801 1150 1838 navales.

274 1855 392 1901 Nam,
409 1865 498 1892 cum
514 1860 646 1892 nautoe
662 1853 780 1903 vulgo
796 1854 843 1891 de
859 1854 1073 1904 remigibus
1092 1855 1150 1892 di-

274 1913 429 1955 cantur,
455 1908 561 1958 apud
588 1909 812 1946 Ciceronem
834 1909 938 1955 clare
965 1910 1151 1947 dicuntur

274 1964 395 2002 etiam
410 1975 482 2013 pro
498 1962 689 2000 militibus
706 1962 928 2001 navalibus.
980 1964 1091 2001 Verr.
1111 1969 1151 2011 5,

280 2024 346 2059 17.
379 2021 472 2055 sunt
498 2024 631 2055 nautae
647 2018 876 2068 militesque,
895 2022 935 2055 et
962 2023 1031 2057 20.
1048 2022 1152 2057 extr.

277 2085 349 2123 pro
376 2085 453 2122 quo
471 2075 564 2110 sunt
582 2084 616 2110 c.
637 2077 702 2110 51.
732 2073 876 2110 niilites
902 2074 1155 2124 remigesque,

278 2132 320 2165 et
347 2139 383 2165 c.
401 2133 470 2165 33.
497 2132 806 2176 propugnatores
836 2134 950 2178 atque
977 2129 1156 2175 remiges.

278 2186 321 2218 at
337 2194 375 2220 c.
396 2185 462 2219 50.
487 2182 655 2230 remiges
681 2187 896 2234 nautasque.
921 2182 1015 2219 item
1037 2193 1070 2219 c.
1090 2187 1156 2219 34.

279 2238 398 2274 Porro
428 2236 527 2273 socii
565 2236 722 2273 navales
754 2236 802 2272 de
831 2235 1043 2284 remigibus
1079 2247 1157 2273 non

280 2302 359 2328 uno
376 2290 461 2328 loco
477 2290 677 2336 dicuntur,
693 2290 799 2338 apud
816 2290 969 2328 Livium
982 2302 1018 2327 v.
1037 2301 1071 2327 c.
1091 2296 1159 2335 21,

282 2351 347 2384 50.
389 2351 432 2382 ut
458 2345 572 2382 sociis
600 2345 805 2382 navalibus
830 2343 987 2393 affatim
1013 2345 1159 2382 instru-

280 2399 584 2452 ctmndclassem,
612 2399 670 2437 ita
706 2400 860 2448 inopem
889 2399 1015 2436 milite
1047 2399 1158 2436 Imbe-

220 2494 223 2497 Δ
281 2454 386 2499 bant,
415 2452 482 2492 ubi
505 2465 539 2490 v.
567 2452 699 2502 Sigon.
726 2452 822 2491 item
847 2465 881 2491 c.
910 2457 977 2491 61.
1005 2453 1160 2490 classici

281 2508 425 2547 milites
453 2509 684 2558 navatesque
709 2509 819 2545 socii.
861 2511 904 2544 at
930 2508 1036 2555 apud
1061 2517 1158 2545 euu-

282 2563 371 2600 dem
398 2563 494 2601 socii
520 2562 676 2599 navales
693 2572 764 2610 pro
780 2561 972 2599 militibus
989 2561 1158 2599 classicis

284 2620 353 2663 26,
368 2622 435 2654 48.
458 2616 526 2665 qui
542 2620 636 2653 ante
647 2616 743 2653 socii
755 2616 912 2653 navales
926 2616 1159 2663 «licuerant,

281 2671 535 2720 distinctique
550 2681 576 2707 a
592 2671 821 2719 legionariis
837 2669 1044 2716 milit-ibus,
1056 2669 1159 2707 clare

284 2738 375 2763 mox
390 2726 542 2764 classici
557 2725 700 2763 milites
716 2729 919 2761 vocantur.
974 2726 1160 2762 ceterum

284 2781 449 2828 legionis
486 2781 659 2817 classicoe
690 2779 840 2815 mentio
872 2789 994 2827 supra
1023 2790 1058 2816 c.
1089 2781 1159 2818 31.

285 2836 380 2871 item
397 2835 659 2879 classicorum,
675 2834 741 2881 qui
771 2837 865 2869 sunt
883 2844 931 2870 ex
948 2833 1026 2870 ista
1043 2833 1163 2882 legio-

286 2900 338 2926 ne
354 2888 411 2926 H.
430 2894 474 2935 2,
493 2894 508 2924 1
523 2891 554 2925 Ι.
571 2890 638 2927 67.
654 2892 730 2924 etc.
783 2887 949 2935 Nempe,
978 2891 1025 2924 ut
1040 2888 1164 2924 tradit

285 2943 473 2991 vegetius
492 2948 531 2986 5,
554 2947 569 2978 1
580 2970 588 2980 .
619 2942 726 2990 apud
741 2940 939 2978 Misenum
955 2948 992 2979 et
1009 2941 1163 2979 Raven-

286 3009 380 3035 mm
394 2997 565 3045 singulte
590 2995 762 3044 legiones
777 3007 865 3032 cum
881 2995 1066 3032 classibus
1081 3001 1162 3033 sta-

287 3052 391 3090 bant.
419 3050 466 3087 de
496 3061 574 3099 quo
597 3049 682 3086 loco
706 3047 783 3086 vid.
814 3047 988 3086 Fabrett.
1016 3048 1044 3087 1.
1062 3060 1096 3087 c.
1121 3061 1163 3098 p.

290 3108 356 3143 83.
383 3114 618 3154 quamquam
631 3103 750 3140 etiam
766 3101 1054 3152 antiquioribus
1070 3103 1165 3140 scri-

287 3158 467 3210 ptoribus
479 3162 520 3194 et
538 3158 580 3195 in
596 3156 728 3194 liberm
740 3156 854 3206 Reip.
867 3157 1031 3194 historia
1041 3156 1164 3206 legio-

290 3225 354 3251 nes
370 3214 506 3251 classis
524 3218 806 3255 memorantur,
834 3215 881 3248 ut
905 3221 970 3260 ap.
989 3210 1075 3248 Liv.
1096 3216 1163 3255 22,

291 3273 356 3307 57.
387 3273 456 3312 94,
486 3272 523 3303 2.
580 3266 686 3302 Hinc
726 3264 894 3302 cohortes
920 3265 1091 3303 classic-ce
1119 3266 1163 3302 in

290 3316 610 3371 inscriptionibus
652 3319 840 3367 antiquis.
879 3316 984 3356 Add.
1008 3318 1060 3359 Δ.
1086 3329 1164 3357 van

290 3378 361 3413 der
378 3374 535 3413 Mieden
563 3375 605 3409 iu
623 3374 779 3411 erudita
795 3372 896 3421 disp.
923 3371 972 3409 ad
989 3371 1166 3415 Marmor

291 3434 403 3469 vetus
412 3429 461 3466 de
475 3428 519 3467 P.
537 3426 700 3477 Sulpicii
719 3426 879 3468 Quirini
893 3424 1165 3475 Censuq'rrqi.

299 3489 413 3525 1745.
430 3496 471 3533 p.
493 3486 554 3520 15.
569 3493 627 3529 sq.
679 3482 774 3518 Mox
788 3491 922 3518 vocare
935 3479 1035 3518 bene
1052 3480 1169 3517 resti-

292 3539 374 3575 tuit
389 3537 558 3575 Pichena
572 3533 609 3585 (e
630 3533 747 3584 mot.)
767 3545 838 3583 pro
851 3535 1071 3584 quovocari
1088 3533 1169 3571 edi·

294 3593 350 3629 dit
391 3592 604 3630 Rhenanus
639 3588 678 3640 (e
711 3584 853 3639 num).
899 3589 1004 3627 ERN.
1068 3586 1172 3627 Bud.

1202 1647 1407 1687 perperam
1422 1636 1664 1683 classiorum,
1693 1636 1798 1674 unde
1824 1636 1954 1675 Rhen.
1983 1636 2084 1674 clas·

1201 1693 1427 1731 siurim-um.
1469 1691 1564 1728 Mox
1581 1691 1683 1728 Bud.
1709 1692 1968 1742 imperitante.
2022 1693 2085 1729 De

1203 1746 1374 1785 classicis
1401 1745 1505 1795 apud
1533 1745 1732 1783 Misenum
1760 1757 1798 1784 v.
1827 1745 1985 1796 Xiphil.
2015 1752 2083 1793 73,

1209 1804 1271 1838 16.

1263 1850 1385 1902 Cujus
1427 1854 1603 1890 lenitatis
1640 1852 1711 1903 est]
1761 1852 1824 1891 Sic
1867 1853 1980 1891 MSS.
2025 1854 2086 1893 Pl.

1207 1906 1342 1959 (Bud.)
1363 1907 1460 1956 Agr.
1479 1907 1614 1946 Guelf.
1634 1912 1771 1956 estque
1788 1908 2007 1946 mordacius
2024 1920 2088 1956 eo,

1205 1963 1309 2012 quod
1334 1973 1468 1999 omncs
1498 1962 1584 1999 edd.
1614 1966 1707 1999 ante
1748 1961 1940 2010 Ryckium
1972 1966 2014 1999 et
2044 1964 2086 2000 J.

1206 2018 1330 2054 Grou.
1346 2015 1494 2053 habent
1509 2016 1680 2054 levitatis
1691 2029 1704 2053 .·
1734 2016 1882 2065 alioqui
1900 2021 1942 2054 et
1957 2017 2086 2066 ipsum

1209 2071 1356 2109 bonum
1401 2082 1558 2109 sensum
1593 2069 1724 2108 habet.
1778 2070 1875 2108 Mox
1910 2072 2086 2108 militum

1208 2137 1280 2175 pro
1297 2125 1442 2163 civium
1456 2123 1577 2162 habet
1593 2125 1712 2162 etiam
1731 2124 1849 2174 (Bud.
1867 2125 1972 2163 Flor.
1988 2126 2094 2174 Agr.

1210 2178 1266 2230 et)
1295 2180 1355 2216 ed.
1383 2191 1444 2228 pr.
1468 2184 1511 2216 at
1528 2179 1658 2216 Guelf.
1688 2179 1770 2217 edd.
1802 2189 1828 2216 a
1854 2179 2005 2217 Puteal.
2035 2180 2086 2216 ad

1208 2234 1416 2272 Pichenam
1448 2233 1629 2271 alterum.
1683 2233 1784 2271 Sane
1833 2233 1979 2270 milites
2006 2233 2088 2270 fere

1210 2288 1428 2325 occiderat:
1476 2292 1517 2324 et
1548 2287 1720 2324 militum
1756 2287 1905 2325 mentio
1934 2287 1985 2324 ad
2017 2299 2066 2324 ex

1210 2342 1447 2380 acerbandos
1477 2342 1622 2379 milites
1653 2341 1859 2389 efficacior,
1889 2339 2006 2392 quam
2032 2343 2090 2379 ci-

1210 2398 1331 2435 vium.
1359 2397 1467 2434 Ean.

1268 2451 1486 2488 Obultronii
1501 2449 1657 2500 Sabim]
1690 2448 1925 2496 Conjectura
1949 2449 2089 2487 ductus

1210 2507 1265 2543 sic
1282 2504 1454 2550 restitui,
1468 2515 1558 2542 cum
1583 2505 1625 2541 iu
1641 2503 1751 2541 libris
1768 2508 1886 2549 esset,
1902 2503 1951 2541 ab
1966 2504 2089 2541 ultro-

1211 2561 1291 2597 niis
1305 2559 1459 2596 Albini.
1514 2558 1697 2607 Suspicor
1719 2561 1852 2595 autem
1877 2568 1967 2594 eum
1990 2570 2089 2604 esse,

1213 2615 1260 2650 de
1291 2625 1368 2662 quo
1394 2612 1556 2652 Tacitus
1587 2612 1638 2650 A.
1671 2619 1733 2658 13,
1762 2617 1827 2650 28.
1881 2611 2091 2650 Helvidius

1212 2668 1375 2706 Priscus
1397 2667 1578 2705 adversus
1608 2665 1875 2704 Obultronium
1901 2666 2091 2706 Sabinum

1212 2723 1349 2760 cerarii
1375 2724 1610 2769 Quoestorem
1630 2722 1814 2771 proprias
1837 2722 2092 2758 canentiam

1213 2776 1397 2814 exercuit.
1426 2777 1537 2814 Lu's.
1590 2775 1812 2814 Obultronii
1828 2774 1944 2825 plane
1959 2774 2089 2812 Guelf.

1213 2831 1281 2868 sed
1297 2830 1389 2867 dein
1405 2830 1559 2869 Albini.
1587 2831 1696 2868 Ena.

1267 2884 1328 2922 Et
1363 2885 1533 2922 Cornelii
1563 2881 1764 2934 Marcelli]
1814 2881 1923 2920 Libri
1955 2881 2092 2931 scripti

1214 2939 1272 2976 ita
1298 2937 1513 2988 appellant,
1537 2940 1732 2976 hominem
1757 2936 1835 2975 axia
1858 2936 1954 2973 mihi
1979 2937 2090 2985 igno-

1214 2999 1318 3031 tum.
1357 2992 1493 3030 Paullo
1518 2997 1606 3042 post
1634 2993 1759 3030 Vettii
1789 2991 1960 3029 Cluilmtis
1988 2991 2090 3040 lego,

1215 3057 1304 3084 cum
1335 3048 1539 3085 Rhenano.
1577 3048 1689 3085 Lirs.
1741 3045 1840 3092 Ejus
1872 3043 2088 3095 (Marcelli)

1215 3101 1364 3139 mentio
1388 3106 1523 3138 tamen
1545 3099 1596 3140 A.
1619 3103 1683 3146 16,
1714 3105 1753 3136 8.
1786 3099 1950 3137 Sueton.
1974 3097 2092 3136 Galb.

1215 3160 1257 3203 9,
1280 3160 1341 3193 12.
1368 3155 1476 3193 Ean.

1274 3210 1399 3247 Vettii
1436 3206 1625 3256 Chilonis]
1669 3206 1766 3244 Hoec
1809 3211 1869 3244 est
1904 3207 2092 3244 correctio

1214 3262 1412 3308 maenam,
1465 3261 1598 3311 Lipsio
1641 3260 1822 3310 probata,
1866 3264 2024 3308 recepta
2066 3272 2093 3297 a

1215 3315 1482 3357 beinshemio
1501 3320 1541 3353 et
1566 3326 1647 3364 sqq.
1665 3315 1778 3352 MSS.
1797 3314 1855 3364 (in
1882 3314 1942 3352 his
1969 3315 2088 3364 Bud.)

1217 3374 1259 3407 et
1280 3369 1364 3408 edd.
1390 3373 1486 3407 vett.
1514 3368 1799 3407 Betuicluilonis
1825 3369 1886 3406 vel
1908 3368 2091 3407 Bervich.

1217 3424 1323 3463 Flos.
1349 3423 1516 3462 divisum
1544 3424 1668 3461 Betui
1704 3422 1888 3469 Chilonis,
1917 3434 2003 3471 quae
2031 3426 2094 3459 est

1217 3489 1312 3516 vera
1335 3478 1468 3524 lectio,
1485 3482 1533 3515 ut
1561 3489 1608 3514 ex
1635 3477 1751 3514 inser.
1778 3487 1843 3526 ap.
1864 3477 2024 3514 Gruter.
2051 3488 2092 3525 p.

1220 3537 1313 3573 375.
1340 3532 1456 3581 plane
1471 3532 1712 3569 demonstrat
1727 3531 1766 3568 «Ι.
1783 3531 2019 3579 Gronovius,
2047 3531 2091 3568 iu

1220 3599 1299 3639 qua
1321 3597 1358 3626 c.
1377 3595 1517 3625 neruo
1535 3595 1630 3624 ruo.
1652 3594 1814 3624 excom.
1845 3585 1953 3623 Ean.
