2190 3880
288 173 386 219 162
888 159 1502 214 HISTORIARUM

420 294 500 337 54.
532 288 744 337 Vitellius
765 290 914 336 stulta
936 291 1300 338 dissimulatione
1333 292 1480 338 cladis
1513 291 1576 338 ad
1600 289 1868 338 Cremonam
1897 285 2109 336 remedia-

353 356 585 403 malorum
614 355 784 417 differt.
853 356 1088 402 Notabilis
1124 358 1382 402 constantia
1403 356 1527 402 Julii
1547 356 1773 415 Agrestis.
1845 358 1923 403 55.
1954 353 2098 399 Vitel-

357 423 464 476 lius,
487 426 544 466 ut
577 435 600 466 e
621 435 776 482 somno
801 422 988 471 excitus,
1006 422 1307 481 Apenninum
1344 422 1538 477 obsideri
1561 419 1725 479 jubet5
1777 418 1965 465 honores
1998 419 2095 463 lar-

355 488 517 549 gitur5
552 486 601 530 in
635 483 793 532 castra
827 487 966 531 venit.
1014 489 1098 531 56.
1133 482 1372 544 Prodigia.
1423 485 1716 545 Praecipuum
1753 482 1848 544 ipse
1889 483 2108 529 Vitellius

358 557 600 604 ostentum,
622 549 811 610 ignarus
830 549 1028 602 militiae,
1050 550 1316 609 inprovidus
1336 547 1530 601 consilii,
1549 546 1745 595 Romam
1765 551 1973 601 revertit,
1992 552 2102 607 per-

361 618 521 667 culsus
552 614 802 678 defectione
841 612 1115 662 Misenensis
1149 615 1318 669 classis.
1387 617 1465 666 57.
1503 613 1753 673 Puteolani
1793 612 2103 673 Vespasiano,-

364 677 530 757 Capua
570 675 755 725 Vitellio
777 675 931 738 favet.
982 675 1051 726 Cl.
1087 676 1308 723 Julianus
1343 669 1392 723 in
1421 682 1582 738 partes
1612 670 1878 738 Vespasiani
1912 675 2101 730 transit,

363 749 444 807 qui
474 745 778 790 Tarracinam
807 747 1015 803 occupat.
1081 747 1159 788 58.
1191 742 1221 786 l
1219 742 1402 788 itellius
1423 741 1632 804 fratrem
1655 742 1852 787 Lucium
1873 740 1989 787 bello
2017 753 2105 801 per

367 810 673 869 Campaniam
710 807 914 866 opponit.
979 806 1084 866 Ipse
1120 807 1279 853 Romae
1313 822 1366 852 ex
1400 808 1528 866 plebe
1561 812 1608 852 et
1635 808 1835 852 servitiis
1855 806 2104 851 exercitum

365 874 594 925 conradit,
619 873 698 931 qui
722 872 844 916 brevi
882 870 1116 916 dilabitur.
1183 875 1261 920 59.
1282 872 1494 917 Flaviani
1514 873 1806 932 Apenninum
1829 874 2108 924 transeunt3

366 940 430 986 ad
463 953 536 984 eos
563 936 774 989 Cerialis,
804 935 982 985 Vitellii
1004 936 1233 980 custodias
1265 925 1461 996 elapsus,
1483 939 1607 982 venit
1628 942 1675 981 et
1696 938 1817 982 inter
1839 935 1999 981 Duces
2021 934 2106 980 ad-

363 1004 577 1050 sumitur.
613 1005 691 1047 60.
716 1001 817 1059 Pug
797 1015 894 1044 once
913 999 1070 1045 avidos
1089 999 1258 1046 milites
1279 1015 1398 1061 tegre
1419 1000 1594 1046 cohibet
1608 983 1854 1047 Antonius.
1892 1003 1970 1047 61.
1994 998 2109 1046 Jam

367 1067 665 1128 crebrafiunt
701 1066 763 1111 ad
793 1065 1117 1123 Vespasianum
1138 1063 1418 1140 transfugia.
1487 1065 1671 1111 Priscus
1693 1071 1737 1110 et
1771 1064 2009 1126 Alphenus
2031 1078 2108 1109 ca·

363 1141 465 1179 stra
489 1133 716 1181 deserunt,
739 1131 802 1175 ad
830 1129 873 1174 V
869 1130 1066 1175 itellzum
1097 1130 1301 1189 regressi.
1368 1133 1445 1176 6)..
1471 1132 1548 1176 63.
1578 1128 1701 1175 Caeso
1729 1129 1932 1183 Valente,
1955 1131 2110 1189 despe-

366 1197 600 1245 rabundus
615 1196 751 1241 miles
772 1194 853 1240 sub
874 1195 1017 1254 signis
1037 1194 1304 1255 veaeillisque
1326 1196 1388 1240 ad
1417 1194 1740 1255 Vespasianum
1765 1194 1948 1246 transit.
2003 1194 2109 1240 Pax

326 1308 334 1319 ,
369 1268 415 1309 et
437 1263 564 1308 salus
585 1261 839 1322 offeruntur
867 1259 1068 1311 Vitellio,
1091 1259 1146 1305 si
1150 1274 1198 1303 se
1219 1260 1376 1305 dedat

272 1320 291 1333 ⁴'
313 1330 331 1374 ⁴.
436 1331 515 1373 64.
537 1326 722 1371 Flavius
745 1324 958 1377 Sabinus,
975 1323 1099 1371 urbis
1114 1322 1390 1384 ProesectuS,
1400 1302 1595 1385 frustra
1615 1303 1839 1370 incitatur
1862 1323 1925 1370 ad
1946 1336 2109 1379 arma3

325 1441 330 1447 ,
371 1396 450 1439 65.
475 1393 603 1452 pacis
625 1404 799 1443 amans
813 1390 880 1439 de
901 1403 1014 1449 pace
1037 1388 1139 1447 agit
1165 1403 1266 1435 cum
1307 1388 1508 1445 Vitellio,
1566 1392 1645 1434 66.
1667 1390 1823 1440 cedere
1852 1393 2039 1449 parato,
2061 1389 2113 1432 ni

370 1459 445 1502 sui
481 1457 802 1500 reniterentur.
870 1457 948 1506 67.
971 1457 1050 1498 68.
1072 1452 1157 1505 Hi,
1181 1453 1309 1512 pullo
1345 1455 1517 1499 amictu
1553 1454 1732 1513 palatio
1771 1454 2043 1513 degressum,
2067 1458 2114 1498 et

366 1536 459 1583 pro
498 1521 708 1566 concione
738 1519 894 1564 cedere
925 1532 973 1563 se
1004 1517 1207 1578 Imperio
1247 1522 1503 1571 testantem,
1527 1533 1578 1563 eo
1608 1520 1766 1564 redire
1787 1523 1967 1578 cogunt.
2035 1520 2116 1565 69

327 1626 330 1630 .
376 1587 572 1632 Interim
612 1583 810 1635 Sabinus
851 1582 1214 1642 Rempublicam
1231 1590 1506 1643 susceperat,
1528 1584 1656 1642 eique
1692 1584 1887 1634 aderant
1916 1583 2118 1629 Romani

374 1651 522 1698 omnis
543 1650 732 1702 ordinis,
743 1647 1053 1709 frementibus
1082 1647 1365 1693 Germanicis
1401 1647 1672 1693 cohortibus.
1739 1648 1976 1696 Modicum
1997 1663 2118 1708 proe·

377 1717 506 1769 lium,
551 1714 836 1774 Vespasianis
866 1727 1150 1774 prosperum.
1216 1712 1413 1758 Sabinus
1448 1713 1716 1772 capitolium
1746 1718 1955 1773 occupat,
1977 1714 2115 1773 quod,

371 1786 455 1834 70.
487 1780 619 1833 Corn.
645 1778 873 1823 Martiale
879 1777 1072 1838 frustra
1094 1778 1157 1822 ad
1185 1776 1418 1831 Vitellium
1440 1777 1591 1828 missO,
1664 1783 1745 1831 71.
1776 1778 2015 1827 Vitelliani
2036 1792 2119 1838 op-

330 1897 333 1900 ,
369 1850 601 1907 pugnant,
626 1845 885 1890 incendunt.
951 1847 1031 1894 72.
1054 1842 1135 1887 De
1151 1842 1398 1902 prioribus
1406 1843 1615 1902 capitolii
1621 1841 1750 1903 fatis
1771 1843 2004 1902 digressio,
2036 1847 2117 1896 73.

329 1963 333 1967 ,
384 1910 623 1956 Vitelliani
647 1914 809 1953 cuncta
840 1908 1060 1966 sanguine
1060 1906 1238 1968 ,ferro,
1244 1907 1456 1968 flammis
1485 1908 1686 1956 miscent.
1753 1908 1964 1954 Flavium
1985 1907 2119 1954 Sabi—

328 2016 334 2022 .
377 1990 487 2022 num
511 1980 559 2020 et
581 1975 791 2019 Atticum
818 1967 1057 2018 Consulem
1079 1973 1295 2031 capiunt.
1337 1975 1417 2024 74.
1441 1971 1745 2020 Domitianus
1767 1973 2017 2023 Sacricoloe
2037 1972 2120 2019 ha-

381 2040 479 2086 bitu
515 2039 755 2085 delitescit.
823 2037 1035 2088 Sabinus,
1074 2038 1219 2082 invito
1261 2036 1462 2091 Vitellia,
1504 2038 1782 2101 trucidatur.
1846 2042 1927 2090 75.
1961 2037 2123 2086 Sabini

334 2149 337 2152 .
383 2105 557 2151 laudes.
626 2104 813 2148 Atticus
833 2108 1058 2148 servatur.

445 2173 526 2220 76.
549 2174 629 2221 77.
662 2169 918 2214 Tarracina
940 2181 970 2212 a
994 2168 1050 2212 L.
1081 2165 1267 2212 Vitellio
1288 2149 1463 2218 obsessa
1483 2172 1528 2213 et
1550 2171 1702 2227 capta.
1749 2161 1968 2220 Julianus
1978 2166 2124 2227 jugu-

382 2234 526 2280 latur.
605 2233 801 2278 Triariae
835 2232 1121 2278 inmodestia.
1187 2236 1266 2283 78.
1296 2232 1524 2285 Flaviani,
1548 2234 1772 2278 incertum
1811 2234 2023 2287 Antonii,
2067 2247 2129 2278 an

380 2299 594 2344 Muciani
617 2298 753 2357 culpa
776 2302 1052 2347 cunctantes,
1078 2296 1239 2341 obsessi
1261 2297 1471 2356 capitolii
1481 2296 1624 2357 fama
1646 2299 1798 2348 exciti,
1858 2302 1940 2350 79.
1963 2298 2027 2343 ad
2047 2312 2126 2344 ur·

334 2418 339 2426 Α
382 2365 482 2409 bem
497 2368 767 2423 propera-nt.
836 2361 908 2407 Ibi
930 2367 1133 2422 equestre
1162 2361 1394 2421 proelium,
1422 2361 1593 2407 Ceriali
1615 2363 1867 2409 adversum.
1940 2366 2021 2409 80.
2042 2366 2124 2409 81.

389 2428 602 2474 Vitellius
628 2428 801 2488 legatos
825 2428 887 2472 ad
915 2426 1114 2472 Vestales
1149 2426 1351 2485 virgines
1380 2440 1480 2486 pro.
1501 2441 1616 2487 pace
1637 2431 1722 2472 aut
1743 2427 1941 2473 induciis
1960 2428 2126 2478 mittit,

335 2537 344 2544 ,
380 2508 464 2539 nec
487 2493 673 2539 obtinet.
731 2497 807 2538 82.
830 2492 1040 2537 Flaviani
1063 2492 1307 2551 tripartito
1341 2492 1521 2550 agmine
1543 2490 1646 2537 urbi
1663 2493 1992 2553 propinquant.
2040 2492 2129 2537 Va-

337 2615 342 2619 ·
380 2560 458 2604 ria
495 2559 559 2604 ibi
583 2556 789 2619 fortuna
818 2563 1071 2617 pugnatur.
1141 2561 1217 2602 83.
1242 2556 1380 2601 Foeda
1404 2556 1680 2601 lascivientis
1701 2557 1826 2602 urbis
1833 2555 2004 2618 facies,
2028 2571 2127 2618 spe-

383 2628 562 2669 ctatore
576 2623 751 2684 populo
779 2627 826 2666 et
844 2623 1012 2682 plausu
1046 2621 1247 2667 diversas
1263 2625 1423 2681 partes
1430 2619 1639 2681 fovente.
1705 2625 1783 2668 84.
1810 2621 1978 2668 Castra
2002 2621 2130 2668 Prae-

341 2740 346 2749 ,
385 2691 508 2734 toria
532 2692 865 2748 expugnantur.
933 2690 1012 2732 85.
1044 2686 1268 2736 Vitellius,
1296 2701 1321 2730 e
1349 2686 1568 2746 pudenda
1592 2685 1768 2731 latebra
1797 2692 2065 2747 protractus
2086 2692 2130 2732 et

339 2799 344 2803 ,
384 2754 669 2800 contumeliis
703 2751 927 2812 adfectus,
964 2752 1028 2796 ad
1058 2753 1291 2811 gemonias
1323 2751 1617 2810 propellitur.
1685 2755 1764 2796 86.
1808 2751 1916 2798 Vita
1957 2751 2133 2797 Vitellii

382 2834 629 2879 moresque.
694 2817 998 2863 Domitianus
1024 2815 1176 2862 Caesar
1202 2817 1533 2866 consalutatur.
1607 2815 1746 2863 Gesta
1778 2830 1868 2869 uno
1892 2818 2133 2877 eodemque

384 2899 518 2932 annO.

282 2986 471 3099 ΙΜ
437 3000 730 3068 ELIORE
754 3014 867 3066 fato
897 3012 1111 3082 fideque
1138 3013 1374 3083 partium
1397 3011 1775 3066 Flavianarum
1794 3011 1985 3066 Duces
2004 3031 2136 3067 con-

282 3054 447 3136 ¹s1lia
472 3086 591 3136 belli
622 3087 949 3137 mactabant.
1004 3085 1403 3137 Petovionem
1391 3102 1447 3135 m
1475 3084 1703 3136 hiberna
1729 3083 2134 3138 tertiaedecimae

321 3154 555 3226 legionis
581 3167 970 3209 convenerant.
1005 3155 1116 3207 illic
1143 3156 1439 3226 agitavere,
1455 3154 1742 3224 placeretne
1763 3153 1963 3207 obstrui
1984 3154 2135 3208 Pan-

370 3340 557 3377 Partium
576 3337 705 3388 Flau]
741 3338 803 3376 Sic
823 3338 946 3375 Gron.
967 3338 1141 3387 ex‘Flor.
1161 3341 1203 3374 et
1256 3336 1484 3384 FlavIanis3
1528 3340 1723 3386 putatque
1756 3337 1946 3375 hactenus
1979 3340 2139 3376 tantum

316 3394 377 3432 ed.
394 3405 454 3442 pr.
486 3393 614 3430 Rhen.
633 3403 653 3427 e
673 3392 775 3429 Bud.
796 3392 907 3428 Flav.
920 3405 963 3440 p.
1143 3388 1146 3390 ’
1256 3392 1423 3428 insessas
1451 3392 1587 3438 fuisse,
1611 3403 1661 3428 ue
1690 3391 1825 3429 nuncii
1853 3392 2024 3429 transire
2050 3403 2141 3441 pos·

345 3451 351 3455 ”
373 3447 530 3484 Obstrui
549 3447 597 3482 P.
618 3444 755 3495 Alpes]
790 3444 1091 3482 Dubitationem
1116 3457 1135 3480 e
1161 3451 1200 3490 2,
1257 3448 1360 3491 sent,
1379 3457 1459 3482 non
1479 3450 1525 3482 ut
1542 3445 1734 3494 impetum
1760 3445 1921 3483 facienti
1948 3444 2139 3492 exercitui

317 3507 384 3541 98.
409 3505 540 3538 movet
553 3500 736 3545 Pichcna,
752 3498 821 3535 ubi
832 3499 1032 3547 praesidiis
1047 3499 1202 3535 insessoe
1255 3498 1396 3537 clausae
1416 3503 1560 3539 essent.
1603 3500 1737 3538 Recte.
1791 3498 1900 3538 ERN.

315 3555 503 3605 dicuutur
520 3555 722 3594 retinuisse
748 3554 923 3598 nuncios,
943 3555 983 3589 et
1001 3552 1157 3602 quidem
1176 3563 1200 3589 a
