2190 3880
229 120 231 122 ’
285 114 379 191 ilo
901 136 1514 188 Hls'romARuM

149 284 201 324 Α.
217 285 268 321 U.
284 263 827 334 PaullinuS‚dignum
854 263 1002 317 fama
1027 283 1125 317 sua
1141 275 1315 330 ratuS,
1337 283 1448 334 qua
1467 283 1629 327 nemo
1652 263 1744 318 illa
1770 272 2098 337 tempestate

163 340 256 404 82³5
284 335 530 387 militaris
558 335 631 386 rei
668 334 914 387 callidior
949 335 1274 400 habebatur,
1300 336 1369 387 de
1410 346 1529 388 toto
1571 354 1768 407 genere
1807 337 1932 389 belli
1972 354 2102 388 cen·

149 391 266 484 Afoff'
284 423 416 469 sere,
425 404 816 476 festinationem
840 405 1080 470 hostibus,
1097 424 1293 457 moram
1312 404 1434 475 ipsis
1455 406 1632 458 utilem
1656 407 1912 459 disseruit
1932 428 1945 460 ε
1987 407 2100 457 Ex-

198 477 514 546 32ercitam,
547 474 743 528 Vitellii
785 476 1075 536 universum
1112 476 1371 528 advenisse
1391 496 1408 527 .·
1457 493 1544 527 nec
1586 475 1806 528 multum
1847 477 2039 528 virium
2065 495 2101 528 a

214 549 215 552 ’
279 555 439 616 tergo,
466 547 707 616 qnoniam
737 545 930 598 Gallice
954 555 1200 610 tumea-nt,
1224 556 1272 598 et
1296 546 1515 597 deserere
1545 545 1718 598 Rheni
1744 546 1934 615 ripam,
1955 546 2103 599 iaru-

269 618 444 685 npturis
462 625 569 669 tam
594 615 787 688 infestis
812 614 1125 680 nationibus,
1152 635 1253 668 non
1280 616 1528 668 conducat
1545 636 1563 667 .-
1607 615 1977 668 Britannicum
2002 617 2099 669 mi-

279 687 420 739 litem
447 688 584 739 hoste
609 696 656 738 et
681 686 819 737 mari
854 685 1087 738 distineri
1105 707 1122 738 .-
1174 687 1464 756 Hispam'as
1492 686 1659 737 arm-is·
1679 704 1782 737 non
1806 686 1882 739 ita
1909 689 2098 739 redun-

187 776 204 785 ·
278 757 402 810 dare
422 779 437 809 .·
492 757 819 826 provinciam
873 754 1253 813 Narbonensem
1311 757 1517 809 incursu
1568 755 1743 808 classis
1794 765 1842 808 et
1891 756 2101 809 adverso

270 827 457 897 proelio
485 827 833 879 contremuisse
855 845 872 877 .·
913 825 1140 879 clausam
1164 827 1407 896 Alpibus,
1433 836 1481 878 et
1505 827 1647 879 nullo
1673 827 1834 880 maris
1859 827 2102 892 subsidia,

284 897 710 966 Transpadanam
741 896 959 949 Italiam
995 905 1148 966 atque
1182 897 1288 966 ipso
1328 897 1552 949 transitu
1587 898 1830 950 exercitus
1865 907 2063 952 vastam
2081 918 2100 949 .-

280 986 382 1019 non
393 967 724 1038 frumentum
748 968 962 1036 usquam
987 966 1231 1019 exercitui
1257 985 1345 1018 nec
1371 968 1641 1019 exercitum
1667 969 1772 1020 sine
1797 969 1953 1037 copiis
1981 969 2104 1020 reti-

281 1039 394 1090 neri
421 1056 581 1108 posse.
658 1039 791 1107 Jam
820 1036 1129 1102 Germanos,
1159 1037 1297 1107 quod
1326 1054 1486 1108 genus
1503 1036 1733 1090 militum
1771 1039 1912 1108 apud
1922 1039 2105 1091 ‚hostes

284 1109 654 1161 atrocissimum
680 1109 763 1172 sit,
790 1116 954 1159 tracto
977 1107 1036 1159 in
1063 1116 1282 1160 testatem
1304 1107 1624 1176 bell0,fluxis
1650 1109 1964 1176 corporibus,
1990 1127 2104 1160 ma·-

283 1180 532 1231 tationem
567 1178 663 1233 soli
698 1177 905 1247 caelique
941 1177 1084 1229 ltaud
1119 1178 1439 1231 toleraturos,
1518 1178 1703 1230 Multa
1740 1178 1891 1243 bella,
1928 1180 2105 1248 inpem

285 1249 484 1313 valida,
506 1269 599 1318 per
625 1249 776 1301 taedia
809 1257 856 1299 et
887 1266 1055 1300 moras
1091 1249 1366 1317 evanuisse.
1415 1251 1604 1300 Contra
1632 1249 1753 1318 ipsis
1777 1249 1950 1301 omnia
1977 1267 2104 1318 opu·

286 1319 427 1372 lenta
461 1330 511 1371 et
528 1320 652 1387 fida
671 1340 688 1371 .-
732 1319 1082 1383 Pannoniam‚
1122 1318 1382 1383 Iliensium,
1424 1318 1774 1384 Dalmatiam,
1817 1317 2100 1386 Orientem,

286 1409 400 1442 cum
423 1391 634 1461 integris
667 1389 999 1453 e.rercitibus;
1050 1389 1270 1441 Italiam
1298 1399 1341 1441 et
1372 1399 1528 1459 caput
1556 1408 1724 1442 rerum
1761 1390 1936 1442 urbem
1956 1411 1974 1444 .-
2012 1390 2108 1443 Sea

286 1469 564 1530 natumque
585 1468 632 1511 et
651 1459 914 1530 Populum
935 1477 1212 1530 numquam
1230 1458 1439 1512 obscura
1468 1461 1693 1526 nomina,
1709 1460 1802 1513 etsi
1819 1459 2104 1532 aliqua-ndo

287 1531 649 1582 obumbrantur
660 1551 683 1594 ,-
734 1530 970 1599 publicas
1010 1529 1345 1600 privatasque
1383 1548 1496 1599 opes
1545 1539 1594 1582 et
1630 1531 1910 1584 inmensam
1946 1549 2104 1601 pecu-

286 1602 447 1665 niam,
483 1602 618 1654 inter
648 1601 823 1652 civiles
859 1599 1140 1652 discordias
1153 1598 1307 1670 ferro
1343 1600 1685 1667 validiorem3
1723 1619 1936 1675 corpora
1963 1601 2104 1664 mili-

287 1681 398 1723 tum
435 1681 523 1724 aut
567 1671 744 1724 Italica
778 1679 938 1735 sueta,
975 1679 1070 1722 aut
1111 1671 1338 1723 cestibus:
1389 1671 1616 1742 aly-'acere
1631 1671 1838 1740 flumen
1877 1671 2111 1739 Padum,

288 1751 428 1795 tutas
467 1743 592 1795 viris
627 1742 881 1812 murisque
914 1740 1093 1807 urbes3
1146 1760 1173 1793 e
1211 1738 1396 1812 quihus
1431 1740 1631 1795 nullam
1665 1742 1797 1795 hosti
1820 1738 2104 1808 cessuram,

286 1812 568 1865 Placentia
617 1811 905 1884 defensione
954 1811 1292 1881 exploratum.
1368 1812 1603 1865 Proinde
1649 1812 1851 1865 duceret
1899 1812 2104 1866 bellum.

283 1884 471 1955 paucis
500 1883 675 1938 diebus
706 1882 1193 1954 quartamdecimam
1232 1883 1495 1954 legionem,
1521 1901 1711 1954 magna
1741 1883 1903 1953 ipsam
1923 1883 2104 1955 fama,

290 1973 403 2007 cum
442 1954 702 2007 Moesiacis
737 1954 892 2024 copiis
926 1951 1139 2024 affore.-
1178 1962 1287 2006 tum
1323 1973 1496 2006 rursus
1528 1955 1944 2018 deliberaturum,
1967 1963 2032 2019 et,
2061 1955 2106 2007 si

204 2025 524 2095 Sssproelium
544 2025 836 2094 placuisset,
862 2025 1025 2076 auctis
1051 2024 1248 2076 viribus
1272 2033 1567 2077 certaturos.
1643 2024 1957 2077 Accedebat
1983 2043 2104 2076 sen-

290 2097 478 2149 tentiae
512 2096 744 2148 Paullini
778 2096 991 2148 Marius
1021 2094 1244 2148 Celsus:
1287 2095 1420 2147 idem
1455 2095 1664 2166 placere
1701 2095 1880 2158 Annio
1922 2094 2103 2165 Galla,

286 2185 491 2239 paucos
530 2180 656 2220 ante
692 2168 807 2220 dies
850 2167 1006 2236 lapsu
1042 2167 1169 2236 equi
1208 2166 1453 2230 adflictO,
1482 2167 1650 2232 missi,
1679 2167 1773 2236 qui
1813 2161 2101 2219 consilium

287 2238 406 2307 ejus
423 2239 846 2301 sciscitarentur,
864 2237 1177 2288 retulerant.
1211 2237 1363 2290 Otho
1388 2255 1586 2306 pronus
1600 2237 1666 2289 ad
1685 2237 2101 2294 decertandum:

287 2310 454 2365 frater
479 2309 598 2379 ejus
623 2306 893 2373 Titianus»,
921 2318 976 2359 et
1017 2307 1610 2363 Praefectus-Praetorii
1640 2307 1923 2375 ProculuS‚
1951 2311 2104 2380 inpe-.

345 2454 486 2491 Gallioe
519 2459 707 2498 tumeant,
741 2450 795 2501 et]
846 2450 1039 2501 Copulam
1073 2455 1166 2500 apte

287 2508 456 2553 inserui,
486 2517 534 2544 ex
562 2507 689 2543 Vatic.
732 2506 894 2544 Tumere
921 2510 1058 2542 autem
1088 2506 1167 2542 ele·

1220 2465 1290 2490 nos
1315 2453 1436 2490 fuisse
1464 2453 1507 2490 in
1531 2451 1632 2489 hanc
1660 2454 1830 2499 partem,
1847 2454 1895 2489 ut
1919 2462 1942 2487 e
1970 2453 2104 2489 vastus

1220 2507 1396 2544 facerent
1421 2512 1609 2545 vastatus.
1638 2505 1727 2542 Vid.
1755 2506 1860 2542 viros
1888 2505 2021 2541 doctos
2053 2506 2104 2542 ad

287 2561 399 2610 ganti
416 2561 646 2609 metaphora
662 2559 865 2605 dicuntur,
879 2570 965 2608 quae
975 2564 1170 2607 eruptura

287 2616 487 2652 videntur.
516 2614 723 2664 usurpavit
753 2613 891 2650 Cicero
914 2612 975 2650 bis
1003 2613 1047 2650 in
1074 2614 1174 2662 Epi-

288 2669 399 2705 stolis
416 2669 463 2705 ad
479 2668 659 2705 Atticum
677 2672 741 2713 14,
754 2672 779 2704 4
797 2671 836 2704 et
853 2671 891 2703 5.
917 2667 1030 2704 Llrs.
1059 2666 1170 2704 Adde

289 2723 399 2760 Clav.
419 2724 500 2759 Cic.
519 2722 559 2758 in
578 2722 617 2759 h.
629 2733 665 2759 v.
691 2721 802 2759 ERN.
833 2721 887 2758 Et
904 2720 1006 2757 Plin.
1026 2730 1168 2770 paneg.

288 2781 355 2813 28.
383 2776 617 2814 tumentibus
629 2775 754 2825 plebis
772 2775 929 2812 animis.
973 2773 1172 2811 Dant-sius

287 2841 360 2878 pro
383 2831 567 2880 quoniam
594 2828 693 2878 legit
718 2839 979 2878 quamquam,-
1010 2827 1067 2864 ita
1085 2827 1169 2865 scil.

287 2883 416 2921 Rhen.
451 2884 738 2931 interpretatur
770 2881 1044 2930 compendium
1078 2883 1173 2919 scri-

290 2940 433 2987 pturae,
453 2938 555 2985 quod
580 2936 637 2973 ibi
662 2939 723 2974 est
745 2935 788 2971 in
808 2935 910 2973 Bud.
938 2936 1024 2983 ipse
1036 2938 1173 2972 tamen

290 2991 473 3039 quoniam
492 2990 651 3028 retinet.
705 2989 801 3026 Mox
818 2989 917 3037 Agr.
935 2987 1058 3026 habet
1075 2989 1173 3026 deti-

290 3045 387 3087 neri,
397 3044 499 3091 quod
515 3045 616 3080 mari
634 3043 933 3080 convenientius
942 3046 1060 3092 putat
1069 3042 1170 3090 Ryc-

292 3096 395 3134 kius.
411 3098 518 3134 Idem
530 3098 613 3134 cod.
623 3096 1020 3146 maritimi-§Alpith
1028 3095 1171 3144 glossa.

249 3157 251 3159 '
351 3151 541 3188 Transitu
557 3162 682 3187 exerc.
710 3148 878 3200 vastam]
940 3149 1002 3187 Sic
1020 3160 1042 3185 e
1059 3148 1167 3188 Ποῖ.

292 3203 416 3242 edidit
450 3205 489 3242 J.
523 3203 760 3249 Gronovius,
793 3203 1011 3251 probatque
1050 3205 1171 3240 etiam

293 3258 481 3307 Ryckius,
501 3258 569 3306 qui
598 3263 638 3293 et
666 3258 708 3293 in
731 3257 816 3294 MS.
835 3257 928 3304 Agr.
955 3262 1173 3303 repererat.

294 3311 504 3356 Consentit
532 3311 592 3348 ed.
622 3322 684 3358 pr.
712 3310 795 3348 MS.
826 3310 923 3357 Reg.
964 3309 1094 3358 Vulgo
1116 3310 1173 3359 (et

292 3363 412 3415 Bud.)
437 3370 644 3402 vastatam.
703 3364 829 3400 Possis
853 3363 995 3408 dicere,
1026 3374 1073 3399 ex
1098 3364 1171 3400 hoc

291 3413 442 3456 factum
459 3424 622 3462 vastam,
641 3421 687 3454 ut
708 3428 827 3465 supra
833 3416 971 3465 jactus
998 3427 1018 3451 e
1036 3416 1171 3464 jacta-

292 3479 371 3518 tus,
388 3477 427 3510 et
446 3471 590 3509 similia
616 3471 658 3507 in
684 3471 745 3507 his
774 3475 815 3508 et
828 3469 916 3507 aliis
934 3469 1058 3507 libris.
1114 3470 1172 3509 At

291 3531 430 3565 contra
447 3526 542 3565 satis
563 3528 732 3573 constat,
748 3524 932 3563 librarios
950 3523 1060 3562 valde
1083 3535 1174 3575 pro·

1222 2561 1315 2598 Liv.
1329 2565 1397 2607 23,
1419 2563 1486 2599 30.
1520 2558 1622 2596 Add.
1651 2559 1756 2596 infra
1773 2559 1823 2596 ad
1840 2563 1880 2604 4,
1901 2563 1967 2595 50.
2022 2559 2106 2595 Ita-

1223 2626 1300 2663 que
1324 2621 1476 2652 vas-tam
1495 2614 1636 2651 merito
1654 2613 1838 2660 praetuli:
1869 2615 2026 2650 secutus
2044 2615 2107 2650 est

1223 2667 1444 2706 Broterius.
1483 2669 1591 2706 ERN.
1619 2671 1660 2702 et
1677 2666 1778 2703 Lan.

1277 2722 1372 2759 Sine
1392 2720 1529 2771 copiis]
1579 2721 1671 2757 Sine
1689 2722 1924 2757 commeatu.
1962 2719 2025 2756 Sic
2042 2718 2104 2755 in-

1224 2775 1287 2812 fra
1314 2781 1355 2822 3,
1386 2779 1452 2813 60.
1475 2780 1515 2821 4,
1544 2779 1610 2812 22.
1642 2774 1704 2812 Cf.
1730 2772 1946 2822 Symmnch.
1975 2783 2041 2821 ep.
2065 2777 2103 2818 1,

1227 2834 1293 2868 55.
1322 2833 1364 2866 et
1381 2827 1436 2866 ibi
1453 2830 1631 2866 Juretus.

1283 2883 1455 2920 Obscura
1490 2879 1667 2930 nomina]
1731 2879 1834 2918 Bud.
1891 2879 2105 2917 obscurari.

1225 2936 1334 2975 Idem
1353 2938 1542 2974 Senatum
1558 2942 1594 2972 et
1611 2935 1709 2984 Pop.
1726 2933 1825 2982 Agr.
1841 2932 1952 2969 addit
1968 2933 2085 2970 Rom.

1282 2989 1380 3028 Etsi
1413 2989 1623 3039 aliquando
1664 2985 1947 3035 obumbremur]
1996 2986 2102 3024 Flor.

1225 3044 1324 3092 Reg.
1338 3043 1398 3080 ed.
1418 3055 1478 3092 pr.
1499 3044 1630 3080 etiam.
1647 3041 1749 3077 forte
1765 3040 2019 3077 etiameifuit.
2046 3041 2103 3079 Et

1224 3098 1279 3134 sic
1310 3098 1352 3134 in
1379 3097 1464 3134 MS.
1493 3095 1608 3133 Harl.
1635 3094 1785 3141 reperit
1807 3093 2026 3131 Broterius.
2053 3093 2104 3130 de

1223 3150 1344 3187 verbo
1370 3150 1591 3187 obumbrare
1611 3158 1731 3195 supra
1754 3147 1938 3184 diximus.
1991 3146 2102 3184 Ean.

1223 3204 1326 3241 Bud.
1342 3211 1379 3241 et
1395 3205 1443 3240 si.
1481 3203 1542 3240 Sic
1559 3204 1600 3238 et
1616 3203 1706 3238 Put.
1724 3199 1810 3238 Alc.
1827 3201 1954 3237 Rben.

1280 3258 1428 3294 Paucis
1439 3256 1571 3293 diebus
1585 3252 1970 3303 quartamdecimam]
2003 3253 2101 3290 Haee

1224 3311 1397 3355 restitui,
1415 3311 1459 3346 in
1474 3308 1642 3356 vulgatis
1661 3319 1739 3355 qua
1751 3319 1777 3344 a
1793 3306 1936 3351 verbis,
1954 3317 2032 3355 qua
2049 3306 2101 3343 ab

1224 3364 1487 3411 interpunctis
1530 3363 1729 3398 mendosa.
1782 3361 1894 3398 Lxrs.
1948 3361 2102 3408 Nempe

1225 3419 1343 3465 vulgo
1378 3415 1733 3465 inter-pungebatur
1765 3418 1855 3461 post
1887 3414 2032 3459 diebus,
2061 3417 2102 3450 et

1225 3471 1362 3507 aberat
1381 3482 1478 3507 mem.
1522 3469 1629 3507 ERN.
1683 3470 1806 3504 Deest
1822 3473 1861 3504 et
1879 3468 1920 3503 in
1936 3467 2041 3504 Bud.

1279 3525 1348 3564 Ad
1358 3522 1645 3572 decertandum]
1675 3521 1777 3559 Bud.
1801 3522 1853 3559 ad
1863 3521 2100 3559 certandum.
