2190 3880
305 116 399 160 120
936 114 1548 164 HISTORIARUM

2180 227 2190 247 1

159 253 212 289 Α.
233 251 283 288 U.
299 233 467 286 clm-ior
505 253 636 289 mors
680 238 794 290 erit.
871 239 1099 309 Experti
1131 238 1348 292 invicem
1389 258 1578 304 sumus,
1616 257 1707 310 ego
1751 258 1813 292 ac
1853 238 2103 293 Fortuna.

180 306 269 393 8230.
299 323 384 356 nec
424 313 615 376 tempus
655 310 1083 380 computaveritis.
1119 310 1376 379 difficilius
1412 319 1482 362 est
1524 319 1804 380 temperare
1826 309 2104 380 felicitati,

189 379 282 452 {os
299 392 400 444 qua
427 384 476 429 te
498 395 601 429 non
618 386 767 447 putes
800 381 891 432 diu
918 398 1142 433 usurum.
1223 379 1387 433 Civile
1421 379 1607 432 bellum
1632 399 1665 431 a
1707 378 1910 441 Vitellio
1936 381 2123 449 caepit,

298 454 362 509 et,
390 455 446 498 ut
480 447 541 499 de
579 447 896 519 Principum
934 460 1235 502 certaremus
1272 449 1445 513 armis,
1470 451 1675 502 initium
1714 449 1823 501 illic
1844 492 1849 495 .
1848 449 2001 520 fuit:
2043 468 2106 502 ne

284 516 563 587 plusquam
595 519 744 570 semel
774 529 1028 584 certemus,
1092 538 1201 572 enes
1227 538 1304 571 nze
1342 519 1617 588 exemplum
1643 521 1757 572 erit.
1795 518 1911 571 binc
1942 518 2104 572 Otho·

294 605 406 638 nem
422 588 700 657 posteritas
742 590 964 641 aestimet.
1041 539 1266 641 ssruetur
1297 588 1533 642 Vitellius
1553 588 1754 661 fratre,
1782 591 1931 659 conjit
1968 607 2012 653 e,
2036 589 2104 642 Ie:

295 657 457 709 beris.-
494 658 622 709 mihi
646 676 746 709 non
792 659 1002 723 ultione,
1029 678 1184 729 neque
1221 659 1416 712 solatiis
1441 678 1568 728 opus
1595 669 1687 712 est.
1760 658 1879 711 Alii
1949 660 2106 712 iutius

293 727 567 796 Imperium
591 729 844 779 tenuerint
859 750 874 780 :-
901 747 1042 780 nemo
1068 728 1398 799 tamfortiter
1421 729 1702 799 reliquerit.
1762 728 1851 781 An
1872 747 1961 800 ego
1986 737 2103 783 tan-

293 805 400 849 tum
416 797 664 850 Romame
685 799 857 867 pubis,
883 807 957 849 tot
984 817 1100 868 egre
1135 800 1208 851 ios
1231 800 1489 864 exercitus,
1515 801 1670 852 sterni
1697 818 1885 864 rursus,
1910 809 1958 852 et
1975 799 2102 854 Rei·-

286 867 509 935 publicce
535 868 664 937 eripi
686 867 907 940 patiar?
944 867 1054 920 Eat
1089 818 1170 920 {ic
1198 887 1388 922 mecum
1423 870 1642 934 animus,
1669 879 1931 940 tamquam
1960 871 2103 940 peri-

292 938 400 989 turi
414 956 514 1005 pro
541 937 863 1009 mefueritis.
900 939 985 990 sed
1011 947 1108 991 este
1130 939 1435 1008 superstites.
1472 959 1560 991 nec
1587 941 1677 992 diu
1717 958 1986 1005 moremur,
2011 957 2104 1012 ego

291 1007 693 1060 incolumitatem
729 1019 963 1074 vestram,
991 1028 1075 1061 vos
1109 1009 1443 1060 constantiam
1478 1027 1656 1063 meam.
1732 1009 1905 1064 Plura
1933 1011 1993 1063 de
2017 1029 2104 1064 ex·

294 1078 468 1128 tremis
507 1077 667 1148 loqui,
685 1097 811 1148 pars
852 1079 1071 1150 ignavice
1111 1088 1201 1132 est.
1231 1079 1546 1148 praecipuum
1589 1080 1938 1133 destinationis
1982 1100 2103 1134 meae

293 1147 642 1200 documentum
667 1149 861 1214 habete,
888 1149 1024 1219 quod
1049 1152 1111 1200 de
1135 1150 1329 1202 nemine
1355 1167 1553 1219 queror.
1575 1169 1694 1202 riam
1713 1150 1942 1204 incusare
1962 1151 2102 1205 Deos

208 1231 277 1278 48
295 1218 378 1269 vel
401 1218 642 1283 homineS,
665 1220 774 1290 ejus
796 1229 888 1284 est,
915 1219 1004 1290 qui
1023 1220 1192 1273 vivere
1208 1220 1349 1272 velit.
1386 1218 1539 1272 Talia
1563 1220 1795 1286 locutuS,
1819 1233 1880 1274 ut
1903 1223 2102 1292 cuique

294 1300 427 1341 aetas
463 1301 560 1341 aut
599 1291 857 1361 diguitaS,
887 1290 1115 1342 comiter
1152 1290 1468 1360 adpellatOS,
1495 1291 1630 1343 irent
1652 1308 1881 1361 propere,
1903 1309 2000 1344 neu
2023 1311 2107 1347 re·-

290 1359 538 1411 rnanendo
563 1360 695 1411 iram
724 1360 928 1412 victoris
969 1369 1276 1429 asper-arent.
1307 1361 1539 1430 juvenes
1577 1363 1922 1427 auctoritate,
1949 1380 2102 1416 senes

290 1430 545 1499 precibus
591 1431 877 1483 movebat:
919 1429 1161 1501 placidus
1198 1449 1310 1495 ore,
1336 1431 1638 1501 intrepidus
1680 1431 1876 1497 verbiS‚
1905 1433 2100 1486 intem-

287 1500 527 1570 pestivas
554 1518 769 1553 suorum
796 1501 1044 1553 lacrimas
1080 1518 1354 1555 coercens,
1429 1500 1573 1554 Dari
1610 1519 1762 1555 naves
1785 1521 1846 1556 ac
1872 1503 2103 1557 vehicula

287 1736 360 1763 nec
396 1727 457 1762 est
493 1733 586 1761 sane
620 1722 897 1761 necessarium.
933 1721 1172 1762 subauditur

288 1780 394 1816 enim
413 1779 532 1815 etiam
549 1777 658 1815 alibi.
705 1777 818 1827 (Vide
839 1777 1038 1828 indicem.)
1081 1779 1170 1825 Sed,

289 1834 385 1881 quia
412 1837 472 1869 est
499 1832 542 1867 in
570 1832 629 1869 ΡΙ.
657 1833 755 1879 Reg.
792 1832 879 1868 edd.
914 1834 1008 1868 ante
1043 1832 1171 1870 Rhen.

287 1886 471 1922 omnibus
511 1897 600 1921 cum
636 1886 808 1922 Pichena
841 1889 882 1921 et
916 1885 1172 1934 sequentibus

285 1940 451 1976 servavi.
495 1939 604 1975 Ean.
658 1939 829 1975 Pichena
844 1943 979 1976 tamen
995 1939 1170 1975 omissio-

284 2004 373 2030 nem
396 1992 551 2040 probat.

337 2047 514 2095 Experti
543 2047 705 2082 invicem
740 2057 888 2089 sumus,
925 2055 998 2093 ego
1025 2051 1062 2082 et
1078 2044 1171 2093 sor-

283 2099 397 2149 tuna]
447 2101 663 2137 Fortunam
702 2099 809 2135 Otho
843 2102 1027 2146 expertus
1064 2102 1165 2144 erat,

283 2162 372 2190 cum
393 2153 606 2202 Imperium
622 2157 705 2188 tam
726 2151 834 2188 brevi
853 2152 1087 2188 duraturum
1103 2163 1168 2188 ac-

283 2207 470 2254 cepisset:
503 2207 700 2243 Othonem
719 2209 851 2241 autem
871 2205 1062 2251 Fortuna,
1077 2216 1166 2241 cum

283 2260 317 2297 is
334 2263 441 2296 recte
458 2260 709 2305 modesteque
729 2259 976 2305 imperasset,
990 2258 1166 2294 fortiter.

282 2324 360 2361 que
374 2313 585 2349 abdicaret.
614 2311 676 2347 Sic
698 2311 795 2347 bene
826 2311 1012 2347 Pichena.
1069 2312 1166 2348 Mox

281 2378 352 2403 nec
382 2366 488 2404 Flor.
516 2365 649 2403 Guelf.
679 2363 764 2400 edd.
789 2368 882 2400 ante
913 2364 1042 2402 Rhen.
1087 2365 1166 2402 Hic

285 2419 325 2470 (e
342 2418 462 2468 Bud.)
485 2418 607 2456 edidit
625 2429 685 2455 ne.
751 2418 855 2454 Illud
873 2417 1030 2462 melius,
1048 2417 1166 2455 bene-

282 2485 359 2521 que
373 2470 605 2510 restitutum
621 2483 646 2507 a
663 2472 848 2508 Pichena.
905 2471 1014 2508 ERN.

336 2526 555 2575 Difficilius
585 2531 641 2562 est
676 2522 903 2573 temperare]
937 2524 1081 2569 Acute,
1117 2527 1164 2560 ut

281 2580 396 2625 solet,
415 2580 564 2617 Statius
578 2579 649 2614 hoc
662 2578 854 2628 expressit
869 2576 996 2614 Theb.
1014 2582 1054 2622 2,
1069 2581 1163 2614 446.

280 2635 375 2671 Non
409 2632 541 2682 parcit
554 2633 712 2680 populis
732 2632 914 2679 Regnum
935 2631 1053 2668 breve.
1109 2631 1164 2667 Et

280 2692 343 2723 est
386 2687 605 2723 humanum
645 2685 850 2732 ingenium
893 2683 1042 2719 scilicet
1081 2684 1164 2720 avi-

278 2742 372 2777 dum
387 2744 485 2777 tunc
500 2743 541 2775 et
557 2739 742 2787 praeceps,
800 2737 912 2774 L1Ps.
968 2737 1170 2774 Felicitati

279 2794 419 2830 aberat
435 2805 459 2829 a
478 2792 563 2829 MS.
578 2792 682 2828 Bud.
702 2792 796 2828 Mox
815 2802 887 2839 pro
905 2791 992 2826 illic
1008 2789 1166 2826 Rhena-

280 2858 355 2883 nus
380 2846 446 2896 (ex
473 2843 647 2894 ingenio)
668 2844 841 2882 malebat
866 2844 991 2880 illinc.
1038 2843 1164 2889 Bene,

279 2901 314 2936 si
331 2900 423 2936 libri
447 2900 648 2946 juvarent.
704 2897 760 2934 At
790 2897 909 2933 etiam
939 2908 1027 2932 mox
1045 2908 1164 2944 penes

279 2965 340 2989 me
377 2954 595 3001 exemplum
624 2952 713 2995 erit,
750 2961 828 2986 non
861 2962 886 2985 a
921 2961 994 2986 me.
1050 2950 1160 2987 ERN.

280 3006 446 3043 Frustra
472 3006 600 3042 Rhen.
621 3011 832 3051 temperare
860 3003 982 3038 refert
998 3002 1047 3037 ad
1065 3002 1162 3038 For-

280 3065 416 3095 tunam
436 3059 497 3094 vcl
516 3057 703 3093 subaudit
723 3058 781 3093 rei
789 3072 804 3097 ;
835 3055 989 3092 librarii
1010 3055 1162 3091 incuria

279 3111 435 3148 dativus
453 3111 573 3147 deest.
612 3109 714 3145 Bud.
745 3110 831 3146 illic
849 3112 889 3144 et
905 3121 1018 3157 penes
1035 3121 1106 3146 me.

333 3165 445 3201 Mihi
465 3177 541 3200 non
567 3163 714 3198 ultione
741 3162 830 3210 eta}
859 3162 979 3198 Refer
997 3162 1045 3197 ad
1064 3173 1161 3209 prae-

279 3218 469 3254 cedentia.
499 3215 747 3252 nolo-ulcisci
780 3215 984 3251 Vitellium
1013 3215 1163 3251 interfi-

278 3272 426 3308 ciendis
448 3271 586 3314 fratre,
601 3267 782 3314 conjuge,
796 3267 947 3311 liberis,
965 3270 1006 3303 et
1024 3278 1072 3303 ex
1090 3268 1162 3303 hac

278 3324 430 3361 ultione
449 3322 588 3359 solatia
603 3321 695 3356 mali
717 3323 867 3371 petere.
918 3321 1025 3357 ERN.

331 3377 423 3414 Atii
440 3376 591 3413 diutius
611 3371 1052 3422 Imperium‘tenuerint]
1097 3372 1160 3409 sic

278 3431 382 3469 Flor.
428 3429 541 3466 bene.
587 3438 677 3463 nam
718 3426 912 3473 sequitur,
947 3426 1159 3473 reliquerit.

279 3479 486 3521 Consentit
521 3481 581 3518 ed.
616 3491 675 3529 pr.
716 3479 941 3527 recepitque
976 3478 1158 3515 Pichena.

1225 1725 1357 1764 Ceteri
1369 1735 1443 1763 scr.
1457 1723 1592 1777 (etiam
1600 1724 1726 1776 Bud.)
1739 1729 1779 1763 et
1790 1726 1876 1764 edd.
1889 1733 2103 1766 tenuerunt.

1226 1780 1458 1830 Reliquefft,
1476 1780 1578 1828 quod
1596 1780 1717 1817 deleri
1735 1780 1823 1818 vult
1837 1781 1966 1819 Rhen.
1988 1780 2101 1832 (duce

1224 1833 1344 1883 Bud.)
1373 1844 1507 1870 omnes
1542 1845 1615 1870 scr.
1642 1836 1682 1870 et
1709 1833 1794 1871 edd.
1820 1837 2001 1872 tuentur.
2030 1846 2103 1872 uec

1226 1886 1363 1923 abesse
1380 1890 1512 1934 potest
1533 1887 1639 1924 salva
1666 1887 1872 1924 sententie
1893 1887 2103 1937 elegantia.

1223 1941 1332 1977 Emi.
1386 1941 1477 1988 lpse
1506 1950 1660 1990 quoque
1691 1940 1822 1978 Rhea.
1853 1941 2024 1979 servavit
2056 1942 2100 1979 in

1222 1996 1349 2030 textu.
2058 1998 2062 2003 ’

1277 2047 1405 2084 Plura
1425 2046 1472 2083 de
1495 2047 1679 2084 extremis
1703 2046 1829 2097 loqui]
1859 2047 1992 2088 Quem
2020 2058 2099 2085 non

1220 2100 1386 2149 capiunt
1413 2100 1493 2136 haec
1520 2100 1616 2146 alia,
1638 2111 1686 2136 ex
1711 2101 1854 2138 intimo
1878 2101 2111 2138 animorum-

1220 2158 1262 2190 et
1296 2153 1509 2190 affectuum
1545 2152 1738 2202 penetrali
1772 2153 2030 2203 deprompta?
2060 2159 2100 2191 et

1220 2211 1314 2242 sunt
1331 2206 1488 2244 assitha
1505 2206 1547 2242 in
1565 2209 1698 2243 nostro
1715 2206 1916 2255 scriptore.
1971 2207 2100 2248 Quin-

1220 2259 1403 2296 otilianus
1421 2259 1563 2305 simile,
1579 2260 1753 2296 Declam.
1767 2265 1861 2297 344.
1888 2260 1985 2297 Jam
2002 2262 2104 2298 milii

1219 2324 1358 2349 narras
1374 2324 1517 2349 moras.
1535 2314 1664 2361 ipsum
1680 2314 1783 2350 illud
1797 2319 1984 2351 secretum
1995 2326 2100 2363 quoe·

1219 2377 1315 2411 rere,
1335 2372 1371 2402 et
1383 2371 1526 2414 putare
1543 2367 1736 2411 interesse,
1756 2367 1823 2402 ubi
1847 2379 1996 2415 pereas,
2022 2379 2099 2404 non

1219 2425 1275 2455 est
1304 2420 1476 2456 ardentis
1510 2421 1552 2456 in
1580 2425 1741 2456 mortem
1773 2421 1951 2468 impetite.
2007 2420 2098 2457 Non

1207 2473 1321 2520 fiunt
1354 2474 1447 2517 ista,
1482 2473 1562 2508 nisi
1603 2472 1744 2517 subito,
1785 2485 1855 2510 nec
1895 2474 2101 2523 quisquam

1221 2524 1453 2573 (praesertim
1477 2527 1588 2562 nulla
1604 2526 1725 2573 gravi
1733 2526 1971 2574 pra-cedente
1987 2539 2099 2562 caus-

1217 2576 1277 2626 sa)
1316 2578 1501 2626 spiritum
1535 2579 1684 2615 ratione
1724 2580 1910 2628 deposuit.
1964 2579 2098 2616 Etiam

1217 2631 1322 2679 AJax
1341 2631 1446 2679 apud
1463 2631 1692 2680 Sophoclem
1710 2631 1795 2679 jam
1812 2643 1852 2668 se
1869 2632 2099 2673 interfectu-

1217 2695 1285 2720 rus
1304 2696 1341 2721 v.
1357 2689 1449 2721 852.

1272 2737 1387 2775 Ἀλλ’
1410 2733 1501 2775 οὐδὲν
1519 2736 1624 2790 {gyon
1643 2736 1771 2775 ταῦτα
1793 2737 2008 2790 θρηνεῖσθαι
2022 2738 2101 2788 ,κό-

1383 2801 1461 2830 την·

1270 2842 1384 2880 Ἀλλ’
1399 2841 1549 2895 ἆςκτὲον
1566 2841 1609 2880 ‘ri
1627 2843 1791 2896 τρῖιγμα
1809 2842 1871 2881 σὺν
1884 2842 2001 2893 τείχει
2016 2842 2099 2883 fni.

1263 2893 1328 2933 'n
1362 2896 1529 2942 eninm-1,
1559 2895 1725 2942 <sivae-1,
1753 2895 1807 2933 νῦν
1825 2897 1868 2945 μ’
1892 2896 2100 2944 &fiendas

1377 2947 1516 2997 μολών.

1216 3003 1330 3039 ers.

1271 3056 1361 3092 Neu
1378 3054 1606 3092 remanendo
1626 3054 1729 3090 ira-m
1758 3054 1916 3090 victoris
1942 3067 2097 3105 aspera.

1212 3107 1316 3157 rent]
1350 3107 1596 3145 Remanendo
1613 3106 1718 3143 Flor.
1741 3104 1839 3154 Agr.
1861 3108 1994 3147 Guelf.
2011 3109 2097 3148 edd.

1215 3165 1308 3197 ante
1341 3160 1470 3198 Rhen.
1526 3159 1606 3196 Hic
1638 3158 1676 3209 (e
1705 3156 1824 3208 Bud.)
1851 3159 1959 3198 dedit
1974 3174 2098 3200 remo-

1213 3214 1349 3251 rando.
1404 3212 1508 3249 Illud
1552 3211 1652 3248 bene
1696 3212 1875 3249 restituit
1911 3213 2094 3254 Pichena.

1213 3266 1396 3304 Movebat
1413 3276 1530 3313 porro
1542 3266 1644 3304 idem
1661 3265 1769 3303 Flor.
1791 3263 1926 3316 (Eud.)
1954 3268 2092 3307 Guelf.

1214 3319 1331 3366 idque
1357 3319 1583 3355 auctoritati
1611 3322 1652 3354 et
1686 3317 1867 3366 precibus
1894 3323 2094 3368 convenit,

1213 3381 1292 3408 uon
1307 3371 1498 3417 monebat,
1516 3372 1618 3420 quod
1641 3370 1691 3461 55
1704 3371 1802 3420 Agr.
1818 3370 1873 3420 et)
1895 3373 1982 3415 edd.
2000 3379 2094 3413 ante

1213 3425 1423 3462 Pichenam
1444 3436 1577 3462 omnes
1595 3425 1645 3463 ha
1675 3428 1755 3462 ent.
1783 3425 1891 3464 Eas.
