2190 3880
711 186 871 238 LIB.
907 179 1000 235 111.
1061 185 1230 236 CAP.
1263 191 1346 241 73.
1818 193 1920 246 227

106 311 574 388 servus'Verginii
615 313 902 386 Capitonis
943 314 1200 386 perfugit,
1227 313 1628 384 pollicitusque,
1661 316 1706 368 si
1735 317 2052 386 prasi-AM.

101 389 249 442 dium
272 388 534 459 accipe-ret,
560 405 774 440 vac-uam
799 406 963 440 arcem
989 386 1129 439 tradi
1137 385 1407 458 futurum,
1435 386 1605 437 multa
1632 401 1790 440 nocte
1817 407 1909 440 co·
1921 386 2034 475 Ass23.

104 459 289 513 hortes
328 459 630 542 expeditas,
659 460 884 513 summis
923 459 1190 511 montium
1220 458 1393 529 jugiS,
1421 474 1580 527 super
1617 471 1782 528 caput
1808 460 1905 512 ho·
1941 439 2036 534 ξος·

105 531 270 584 stium
297 532 458 586 sistit.
512 531 636 583 inde
661 531 810 583 miles
838 531 903 584 ad
927 530 1133 583 caedem
1162 531 1353 600 magis,
1380 547 1543 600 quam
1570 530 1638 581 ad
1667 549 1908 600 pugnam

101 599 358 656 decurrit.
398 615 644 656 sternunt
670 603 933 667 inermeS,
961 615 1056 655 aut
1079 621 1228 654 arma
1249 603 1543 672 capienteS,
1566 612 1619 652 et
1643 603 1908 671 quosdam
1982 652 1991 659 ,

100 693 293 728 somno
321 675 563 742 excitos;
602 693 725 727 cum
759 675 1012 738 tenebris,
1043 692 1260 746 pavore,
1286 674 1466 725 sonitu
1499 674 1770 737 tubarum,
1799 674 1908 726 cla-

98 764 252 809 more
292 746 476 799 hostili
517 747 878 798 turbarentur.
957 746 1126 798 Pauci
1169 745 1528 816 gladiatorum
1578 745 1908 811 resistentes,

97 836 278 890 neque
302 818 458 885 inulti
483 817 752 870 cecidere.
790 818 962 876 ceteri¹
994 818 1063 870 ad
1103 835 1264 869 naves
1302 819 1548 882 ruebant,
1576 818 1669 870 ubi
1708 816 1908 870 c‘uncta

100 891 217 964 pari
241 889 531 942 formidine
553 889 969 960 inplicabantur,
996 890 1281 961 permixtis
1312 889 1555 960 paganiS,
1581 908 1729 960 quos·
1758 890 1904 942 nullo

97 961 409 1015 discrimine
436 961 713 1014 Vitelliani
742 962 1102 1014 trucidabant.
1154 961 1262 1013 Sex
1293 961 1609 1013 Liburnicae
1629 963 1768 1013 inter
1799 963 1904 1032 pri-

97 1050 250 1087 mum
279 1033 570 1086 tumultum
594 1051 827 1100 evasere,
857 1035 912 1085 in
939 1034 1060 1103 quis
1087 1033 1386 1085 Praefectus
1414 1033 1597 1085 classis
1623 1034 1907 1104 Apollina-

97 1105 202 1159 ris:
257 1105 495 1176 reliquae⁴
524 1106 580 1158 in
627 1104 785 1158 litore
829 1117 1024 1176 captae,
1068 1117 1162 1157 aut
1213 1105 1384 1156 nimio
1423 1105 1695 1157 ruentium
1742 1124 1905 1158 onere

98 1177 309 1249 pressais
346 1196 492 1230 mare
529 1177 726 1230 hausit.
799 1176 1047 1230 Julianus
1086 1177 1154 1228 ad
1193 1175 1256 1228 L.
1282 1175 1556 1228 Vitellium
1595 1178 1904 1246 perductus,

97 1259 154 1303 et
194 1250 505 1302 verberibus
544 1249 800 1312 foedatuS,
838 1250 893 1300 in
933 1267 1024 1301 ore
1061 1248 1178 1318 ejus
1206 1248 1512 1318 jugulatur.
1590 1248 1778 1312 Fuere,
1807 1251 1901 1319 qui

99 1337 326 1374 uxorem
366 1321 427 1374 L.
470 1320 675 1377 Vitellii
720 1319 984 1372 Triariam
1025 1321 1370 1386 incesserent,
1411 1332 1684 1389 tamquam
1722 1321 1901 1391 gladio

97 1392 319 1446 militam·
353 1393 536 1457 cincta,
557 1392 692 1445 inter
721 1391 912 1445 luctum
951 1390 1212 1464 cladesque
1246 1402 1547 1462 expugnatae
1589 1391 1638 1443 T
1634 1393 1900 1458 arraeince,

97 1463 306 1536 superbe
327 1465 757 1536 saezqeque‘egisset.
833 1463 958 1535 Ipse
984 1464 1218 1516 lauream
1253 1478 1420 1535 gestae
1452 1482 1703 1535 prospere
1731 1465 1802 1515 rei
1831 1467 1900 1517 ad

44 1542 47 1546 '
95 1536 317 1590 fratrem
346 1537 526 1590 misit:
570 1548 967 1608 percunctatuS,
993 1536 1167 1588 statim
1196 1536 1393 1607 regredi
1415 1554 1480 1600 se,
1509 1554 1577 1588 an
1593 1535 1900 1606 perdoman-

96 1607 174 1662 dae
216 1606 512 1680 Campania
555 1609 778 1661 insistere
805 1608 1028 1680 juberet.
1104 1609 1266 1668 Quod
1316 1608 1544 1660 salutare
1583 1627 1690 1660 non
1734 1609 1898 1662 modo

94 1679 342 1752 partibus
379 1680 716 1752 Vespasiani,
757 1681 847 1733 sed
894 1680 1232 1751 Reipublicae
1273 1678 1396 1732 fuit.
1442 1698 1586 1745 nam,
1627 1680 1670 1732 si
1712 1699 1898 1733 recens

95 1752 329 1807 victoria
355 1753 616 1819 miles„et,
640 1772 798 1825 super
815 1753 1038 1805 insitamv
1055 1752 1433 1824 pervicaciam,
1457 1753 1703 1804 secundis
1722 1751 1897 1818 ferox,

97 1823 335 1880 Romam
361 1826 759 1892 contendisset3
797 1825 940 1878 haud
977 1843 1141 1896 parva
1169 1824 1307 1877 mole
1334 1835 1618 1888 certatum,
1646 1842 1744 1877 nec
1783 1825 1899 1877 sine

99 1897 274 1950 exi-tio
302 1898 467 1960 urbis„
509 1896 667 1950 foret.
705 1898 908 1968 quippe
939 1896 1000 1949 L.
1028 1896 1270 1962 Vitellio,
1296 1897 1542 1966 quamvis
1578 1895 1786 1960 infami,
1816 1897 1898 1948 in-

94 1981 210 2022 erat
235 1968 528 2023 industria:
568 1987 681 2022 nec*
706 1970 1016 2035 virtutibus,
1040 1981 1102 2021 ut
1127 1969 1277 2032 boni,
1294 1968 1416 2031 sed,
1443 1986 1550 2038 quo
1579 1968 1742 2020 modo
1771 1986 1892 2039 pes-

94 2041 262 2094 simus
284 2041 532 2112 quisque,
559 2041 702 2094 vitiis
730 2041 960 2094 valebat.
1037 2040 1188 2095 Dum
1215 2040 1334 2093 haec
1361 2040 1414 2092 in
1449 2040 1691 2109 partibus
1720 2040 1889 2093 Vite'l-
1906 2036 1975 2088 78

90 2113 151 2172 lii
179 2124 459 2184 geruntur,
486 2113 756 2183 digressus
786 2113 992 2166 Narnia
1033 2112 1354 2184 Vespasiani
1395 2112 1687 2178 exercituS‚
1725 2111 1893 2164 festos

93 2183 312 2238 Saturni
339 2184 452 2238 dies
482 2184 721 2238 Ocriculi
751 2203 844 2257 per
869 2186 1042 2238 otium
1072 2185 1334 2257 agitabat.
1412 2183 1618 2237 Caussa
1642 2196 1750 2237 tam
1777 2203 1898 2255 pra-

145 2292 331 2344 Imm-0]
363 2293 468 2332 Flor.
498 2295 676 2332 inermos.
722 2295 816 2332 Mox
848 2295 966 2333 inulti
1019 2298 1175 2333 secutus
1192 2295 1280 2333 Alc.
1316 2294 1495 2333 Correxit
1510 2295 1638 2331 Rhen.
1657 2294 1723 2331 sed
1743 2294 1899 2332 inverso

89 2349 217 2388 Rhea.
234 2360 256 2386 e
273 2348 376 2387 Bud.
409 2348 522 2386 Prius
539 2349 750 2397 legebatur·
761 2350 890 2388 multi.
1019 2351 1155 2387 ordine
1178 2350 1216 2400 (e
1234 2348 1354 2400 Bud.)
1370 2362 1550 2399 prospere
1563 2355 1687 2398 geetoe
1702 2351 1773 2394 rei,
1794 2351 1898 2397 quod

143 2403 333 2454 Reliquae
349 2405 393 2441 in
410 2405 523 2442 litore
541 2404 692 2454 captas]
717 2404 966 2444 Covarruviae
987 2411 990 2413 ’
1018 2409 1182 2443 tenuere
1199 2405 1336 2442 ceteri.
1386 2405 1494 2442 ERN.
1540 2403 1703 2440 Lallem.
1721 2405 1899 2440 lauream

88 2457 223 2504 codex,
237 2459 397 2508 reliqua»
414 2459 456 2496 in
482 2459 594 2496 litore
612 2465 749 2508 captoe.
772 2459 874 2507 quod
901 2471 966 2496 ve-

86 2512 184 2550 rius.
239 2513 352 2550 ers.
406 2512 468 2551 Sic
495 2513 598 2550 Flor.
630 2513 760 2551 Guelf.
789 2514 875 2551 edd.
900 2526 962 2562 pr.

17 2573 19 2577 ’
85 2566 178 2604 Pnt.
196 2566 313 2615 idque
328 2567 478 2616 recepit
492 2568 674 2605 Pichena.
719 2569 872 2605 Primus
888 2569 966 2604 Be-

86 2619 245 2658 roaldus
263 2620 386 2658 edidit
401 2627 551 2670 captas,
567 2622 663 2659 vitio
688 2622 852 2659 fortasse
874 2634 966 2670 ope-

86 2685 237 2721 rarum,
266 2674 369 2723 quod
402 2686 485 2723 sqq.
520 2679 669 2713 temero
698 2677 823 2713 secuti
858 2681 965 2714 sunt.

87 2728 225 2768 Errori
241 2728 368 2766 locum
388 2729 495 2766 dedit
510 2741 675 2778 sequens
691 2742 781 2767 mox
794 2742 963 2780 pressas,

85 2783 161 2822 Ed.
189 2794 249 2832 pr.
280 2783 325 2825 in
354 2783 486 2820 lictore
516 2784 678 2821 vitiose:
717 2789 757 2821 et
784 2789 876 2821 ante
901 2790 964 2822 tu·

85 2837 239 2876 mulum
266 2848 338 2885 pro
354 2839 579 2875 tumultum.
632 2840 740 2877 ERN.
793 2839 895 2876 Bud.
921 2843 964 2876 et

85 2891 213 2930 Rhea.
239 2892 408 2940 reliquas
425 2892 468 2928 in
484 2894 512 2930 l.
534 2898 681 2942 captas.
736 2893 840 2930 Dein
857 2893 960 2932 Bud.

84 2951 131 2984 ut
147 2947 281 2984 nimio.
338 2946 446 2983 ldem
461 2948 667 2985 tumulum.

139 3001 191 3038 In
211 3012 276 3040 ore
302 2999 401 3050 ejus]
433 3000 579 3037 Seneca
604 3002 650 3037 de
667 3001 809 3039 Benef.
837 3007 878 3048 7,
902 3007 963 3041 19.

0 3038 1 3070 l
39 3094 42 3098 .
84 3054 134 3091 Si
149 3055 192 3092 in
208 3067 271 3091 ore
286 3061 495 3104 pareutum
510 3056 624 3103 filios
641 3056 824 3104 jugulat.
860 3057 962 3104 quod

83 3107 192 3157 Virg.
223 3109 367 3157 Georg.
388 3114 430 3154 4,
461 3114 538 3150 477
545 3136 554 3147 .
598 3111 703 3147 Ante
730 3122 799 3147 ora
821 3123 963 3160 pareu-

87 3167 187 3201 tum.

141 3216 343 3254 Triariam
390 3217 627 3269 incesse-int]
678 3218 751 3256 Ed.
796 3230 856 3267 pr.
905 3217 962 3269 (et

83 3267 204 3318 Bud.)
238 3272 482 3309 incesserant.
539 3273 660 3309 Haud
688 3272 806 3310 dubie
841 3274 960 3310 corri-

84 3323 255 3370 gendum
282 3336 303 3361 e
331 3330 523 3373 perpetua
550 3327 695 3372 Taciti,
714 3328 959 3376 aliorumque

83 3379 364 3416 consuetudine
382 3381 619 3418 incesserent.
653 3382 714 3418 Sic
732 3393 823 3419 mox
841 3393 874 3417 c.
895 3388 959 3422 78.

83 3444 152 3469 nec
169 3431 422 3482 desuere,-qui
442 3435 660 3472 Antonium
679 3437 957 3484 suspicionibus

84 3491 306 3533 arguerent.
359 3489 497 3536 Itaque
525 3490 579 3525 sic
607 3490 770 3527 correxi.
823 3490 960 3527 Imita-

15 3587 18 3590 ἱ
82 3543 151 3577 tus
170 3543 232 3575 est
248 3539 466 3578 Brotcrius.
499 3544 593 3579 Mox
626 3544 709 3580 MS.
739 3542 870 3585 Guelf.
897 3545 959 3583 ed.

84 3604 147 3641 pr.
166 3595 254 3630 Put.
268 3600 390 3641 gestae
414 3608 593 3644 prospere
610 3599 678 3633 rei.
713 3598 759 3634 In
778 3597 958 3635 Beroald.

83 3647 181 3685 vitio
210 3659 417 3697 operarum
449 3650 595 3687 editum
621 3663 828 3704 prosperoe,
859 3652 961 3700 quod

1020 2460 1190 2508 explicat
1218 2470 1288 2508 per
1314 2459 1467 2496 litteras
1493 2458 1706 2504 laureatas,
1724 2457 1898 2495 victoriae

1019 2514 1180 2561 indices,
1198 2517 1245 2550 ut
1262 2514 1366 2561 apud
1383 2513 1484 2550 Plin.
1504 2524 1644 2561 paneg.
1665 2518 1700 2549 8.
1754 2513 1898 2548 Allata

1018 2575 1102 2606 erat
1121 2583 1170 2606 ea·
1189 2569 1395 2605 Pannonia
1416 2569 1565 2604 laurea.
1621 2567 1681 2603 Cf.
1709 2566 1809 2602 Plin.
1837 2566 1894 2603 H.

1019 2622 1071 2659 N.
1094 2628 1157 2668 15,
1176 2628 1227 2659 30
1250 2621 1350 2671 (39).
1370 2628 1410 2658 et
1428 2621 1482 2658 ibi
1496 2621 1742 2657 Harduinus.

1073 2677 1219 2714 Recens
1237 2677 1398 2713 victoria
1420 2675 1548 2724 miles]
1577 2676 1661 2711 Alii
1687 2674 1894 2721 scriptores

1016 2731 1165 2767 addunt
1189 2730 1500 2779 praepositionem
1528 2729 1576 2765 ab
1602 2730 1643 2765 in
1672 2730 1743 2765 hac
1770 2728 1896 2764 forma

1015 2785 1213 2834 loquendi.

1017 2840 1059 2876 in
1078 2840 1161 2876 MS.
1181 2838 1276 2887 Agr.
1291 2840 1434 2876 recenti
1452 2839 1614 2875 victoria
1633 2838 1757 2883 miles,
1776 2848 1895 2885 quam

1017 2894 1164 2941 recepit
1197 2893 1367 2941 Ryckius
1411 2892 1453 2929 in
1490 2895 1731 2929 contextum.
1773 2891 1895 2928 allata

1018 2949 1136 2984 etiam
1163 2948 1236 2984 hac
1263 2958 1414 2992 caussa,
1433 2947 1534 2995 quod
1556 2946 1688 2983 statim
1706 2950 1895 2995 sequatur

1015 3002 1191 3039 secundis
1209 3002 1343 3050 ferox.
1386 3001 1607 3049 Utrumque
1625 3001 1759 3037 eodem
1775 3001 1894 3047 redit,

1018 3068 1095 3104 qua
1120 3067 1291 3094 sensum.
1334 3056 1437 3093 Nam
1454 3056 1565 3092 miles
1585 3056 1651 3103 qui
1669 3056 1815 3092 recenti
1836 3055 1894 3091 vi-

1017 3111 1139 3147 ctoria
1158 3110 1283 3158 venit,
1299 3116 1340 3146 et
1367 3121 1500 3157 recens
1527 3122 1552 3146 a
1578 3110 1741 3146 victoria
1766 3109 1894 3154 miles,

1018 3165 1073 3201 nil
1091 3165 1291 3202 differunt.
1329 3164 1431 3201 Tum
1451 3164 1491 3200 in
1510 3169 1675 3212 utroque
1693 3169 1752 3200 est
1771 3164 1894 3211 signi-

1016 3220 1145 3256 ficatio
1160 3219 1334 3255 ferociae:
1366 3230 1452 3266 quae
1479 3218 1711 3267 exprimitur
1734 3219 1891 3266 quidem

1016 3274 1055 3310 in
1084 3273 1353 3322 sequentibus,
1372 3274 1438 3309 sed
1466 3273 1554 3309 aliis
1577 3273 1732 3318 verbis3
1762 3284 1891 3320 neque

1014 3330 1054 3364 in
1074 3340 1119 3364 eo
1136 3329 1345 3376 quicquam
1364 3331 1434 3364 aut
1450 3327 1597 3363 insoliti
1613 3331 1686 3372 est,
1705 3331 1776 3364 aut
1790 3327 1892 3364 vitii.

1013 3384 1165 3431 Itaque,
1185 3382 1255 3418 illo
1279 3393 1360 3418 uno
1381 3382 1508 3418 codice
1526 3381 1665 3426 fretus,
1687 3380 1785 3418 nihil
1804 3392 1890 3416 mu—

1012 3444 1105 3475 tem.
1158 3437 1268 3473 ERN.
1323 3436 1425 3472 Flor.
1455 3436 1558 3472 Bud.
1588 3436 1687 3482 Reg.
1720 3434 1818 3471 Lau.
1848 3440 1890 3468 et

1012 3491 1098 3528 edd.
1114 3495 1211 3528 vett.
1231 3489 1378 3527 habent
1392 3502 1533 3526 recens.

1071 3543 1260 3593 Ocriculi]
1293 3544 1354 3580 Sic
1381 3555 1402 3578 e
1433 3543 1518 3580 MS.
1536 3542 1634 3589 Agr.
1651 3540 1772 3576 edidit
1789 3540 1889 3587 Ryc·

1013 3598 1118 3643 kius,
1149 3603 1384 3644 secutusque
1411 3597 1452 3632 J.
1478 3598 1602 3632 Gron.
1624 3599 1742 3632 recte.
1799 3594 1888 3630 Hoc

1014 3653 1223 3699 antiquum
1249 3662 1408 3698 nomen,
1423 3653 1622 3688 mutatum
1648 3648 1698 3686 ab
1716 3646 1889 3686 librarii·

1078 3711 1172 3770 92

1271 2785 1384 2821 Unde
1415 2788 1508 2820 nata
1525 2783 1680 2820 videtur
1707 2782 1895 2819 correctio
1939 2784 1942 2785 ⁷
