2190 3880
888 130 1491 194 His'TomAR-UM

147 276 199 314 Α.
216 275 269 329 U.
275 278 417 330 posse
433 257 702 330 imegrari.
730 258 770 312 I
767 259 804 311 d
799 258 1028 333 fortasse
1041 262 1182 315 cordi
1200 258 1345 326 Deis,
1359 259 1628 315 ‹ee-Divino
1642 254 1922 312 ministerio
1934 256 2096 312 Prin·-

162 331 251 367 824·
283 332 443 400 cipem
464 331 686 384 electum.
730 331 943 404 denique
959 334 1174 412 patrati·
1190 331 1399 386 remedii·
1412 332 1633 404 gloriam
1651 349 1801 402 penes
1831 328 2095 395 Caesarem,

145 379 266 475 Alffi·
283 402 432 453 inriti
446 401 730 455 ludibrium
739 420 890 473 penes
904 398 1279 475 inzset·os,fore.⁴
1304 403 1482 473 Igitur
1506 402 2100 472 VespasianuS,cuneta

284 473 521 526 fortunae
550 491 661 526 suae
702 487 885 544 patere
913 485 1077 537 ratus,
1104 491 1209 526 nec
1248 474 1544 543 quidquam
1586 475 1739 524 ultra·
1763 471 2098 535 incredibile,

283 543 413 596 laeto
455 545 574 614 ipse
613 544 786 607 vultu,
827 556 1026 606 erecta,
1066 561 1189 612 quae
1236 544 1508 606 adstabat,
1547 543 1913 605 multitudine,
1941 543 2098 613 jussa

283 615 620 685 exsequitur.
697 615 896 666 Statim
933 615 1289 665 conversa-ad
1330 631 1482 665 usum
1515 630 1722 677 manuS,
1749 627 1990 666 accaeco
2017 629 2100 665 re-

283 686 428 739 luxit
454 687 586 738 dies.
662 684 990 753 Utrumque,
1019 682 1109 755 qui
1141 684 1452 747 interfuere,
1480 702 1623 736 nunc
1648 700 1866 755 quoque
1896 701 2098 736 memo-

198 760 424 821 Sssrant,
466 769 753 826 postquam
810 755 1015 807 nullum
1073 756 1357 808 mendacio
1411 755 1667 826 pretium.
1741 754 1922 806 Altior
1975 754 2102 807 inde

284 828 621 898 Vespasiano
649 826 850 896 cupido
887 827 1121 878 adeundi
1165 844 1372 878 sacram
1418 827 1619 890 sedem,
1649 836 1711 877 ut
1748 827 2100 896 supet-‘rebus

287 898 511 969 Imperii
541 897 864 948 consuleret.
939 895 1128 949 Arceri
1160 897 1346 967 templo
1372 905 1575 949 cunctos
1603 896 1784 967 jubet.
1823 907 1988 967 atque
2019 896 2100 948 in-

285 986 499 1038 gressus
539 968 888 1037 intentusque
927 967 1178 1032 Numini,
1207 968 1447 1038 respexit
1496 983 1636 1037 pone
1676 980 1888 1040 tergum
1926 985 1956 1020 e
1993 967 2103 1038 pri-

276 1040 527 1092 moribus
583 1039 975 1110 AEgyptiorum
1033 1040 1254 1091 nomine
1310 1037 1622 1101 Basiliden,-
1684 1056 1843 1109 quem
1909 1037 2101 1110 procul

282 1110 619 1164 Alexandria
657 1111 891 1180 plurium
934 1111 1142 1162 dierum
1182 1111 1375 1161 itinere
1412 1121 1467 1161 et
1504 1127 1654 1179 aegro
1692 1126 1920 1180 corpore
1961 1109 2101 1162 deti-

283 1183 398 1234 neri
443 1181 587 1234 haud
632 1181 940 1251 ignorabat.
1019 1181 1415 1235 Percunctatur
1469 1180 1808 1246 SacerdoteS,
1842 1197 1972 1233 vnum
2009 1178 2102 1233 illo

281 141 379 184 314

272 1388 302 1414 re
314 1378 417 1415 Bud.
435 1377 549 1415 bene.
578 1377 657 1425 Ap.
676 1378 767 1414 Put.
785 1379 846 1413 est
857 1377 1164 1426 dapem—arens.

278 1431 360 1479 Ap.
378 1431 466 1469 Alc.
494 1433 783 1480 elapso—artu.
837 1431 951 1468 Prius
978 1431 1070 1480 Bip.
1100 1432 1167 1469 sed

278 1485 510 1521 redituram.
568 1485 711 1521 Verum
742 1484 875 1521 eodem
912 1496 1030 1523 sensu
1071 1496 1166 1534 quo-

275 1549 357 1586 que
372 1544 408 1575 et
427 1539 611 1587 frequens
628 1539 804 1587 ponitur.

337 1594 487 1630 Cuncta
504 1593 683 1641 fortunae
710 1605 792 1630 sicce
815 1592 965 1643 patere]
1015 1594 1063 1630 In
1090 1593 1163 1629 hoc

275 1657 434 1694 quoque
462 1647 547 1684 loco
573 1646 670 1682 milii
698 1647 854 1692 accidit,
881 1650 942 1692 ut,
965 1658 1055 1684 cum
1085 1648 1164 1696 pri-

277 1711 386 1738 mum
421 1701 608 1749 legerem,
637 1700 779 1737 vitium
806 1711 1014 1749 operarum
1048 1706 1165 1749 puta-

276 1764 376 1798 rem,
397 1766 468 1802 pro
492 1766 645 1804 parere.
702 1756 795 1791 Post
820 1761 860 1791 et
885 1755 927 1792 in
945 1755 1165 1792 aliiswlibris

271 1814 410 1858 patere
433 1809 532 1853 vidi,
551 1813 592 1845 et
611 1820 717 1845 nunc
738 1810 780 1845 in
799 1806 982 1845 omnibus
999 1820 1081 1846 esse
1101 1821 1164 1846 co-

272 1863 408 1910 gnovi.
464 1863 615 1900 Tamen
627 1874 767 1912 parere
785 1874 868 1899 csse
885 1874 911 1899 a
926 1863 1066 1900 Tacito
1085 1874 1164 1901 non

273 1909 429 1954 dubito.
456 1917 589 1965 Atque
604 1915 676 1965 ego
688 1928 767 1953 non
786 1916 938 1964 ignoro,
953 1917 1070 1954 etiam
1085 1930 1162 1967 pa·

275 1975 353 2007 tere
371 1970 446 2007 dici
466 1982 538 2019 pro
556 1983 635 2007 esse
653 1972 695 2007 in
708 1975 899 2019 potestate
914 1970 1094 2016 alterius,
1108 1971 1164 2007 ei-

271 2034 352 2071 que
381 2023 548 2061 subinde
579 2023 683 2061 male
712 2023 902 2061 substitui
926 2037 1080 2074 parere,
1117 2028 1164 2062 ut

275 2077 378 2114 bene
395 2079 508 2115 docet
531 2078 690 2115 eortius
711 2079 760 2114 ad
789 2077 952 2115 Sallust.
987 2080 1074 2115 Cat.
1099 2084 1162 2116 10.

276 2131 351 2168 Sed
365 2132 405 2169 in
421 2133 508 2170 istis
521 2132 615 2171 locis
627 2143 782 2181 semper
797 2132 928 2170 aditus
940 2131 1099 2181 quidam
1113 2133 1163 2169 ad

274 2186 448 2234 aliquam
469 2198 552 2234 rem
579 2186 750 2234 intelligi
765 2190 925 2234 potest,
946 2191 994 2223 ut
1020 2187 1061 2223 in
1080 2198 1163 2223 ma·

273 2240 349 2284 ria,
378 2241 490 2286 fines,
518 2251 602 2277 rem
627 2240 862 2277 familiarem
890 2241 1070 2285 alterius,
1093 2253 1161 2290 op·

274 2293 369 2343 pida
385 2298 461 2331 etc.
485 2294 586 2342 quod
610 2295 673 2331 hic
689 2305 769 2331 non
787 2297 860 2331 est.
905 2294 982 2331 Sed
1000 2300 1046 2331 ut
1065 2296 1162 2332 For-

275 2353 375 2383 mna
397 2360 527 2385 rerum
553 2349 713 2386 domina
741 2347 903 2393 dicitur,
920 2349 1027 2385 omm'
1051 2349 1094 2385 in
1121 2361 1162 2385 rc

274 2401 484 2447 dominari,
520 2402 575 2438 sic
621 2402 751 2439 omnia
785 2401 970 2438 Fortunae
1007 2403 1158 2450 pa‘rere.

275 2456 461 2493 Ceterum
490 2455 558 2493 illa
577 2454 699 2493 verba
725 2453 914 2492 confundi
941 2456 1088 2493 centies
1117 2455 1159 2493 iu

274 2507 387 2546 libris
415 2521 489 2547 scr.
523 2521 624 2560 saepe
651 2520 676 2546 a
704 2509 798 2546 viris
826 2508 950 2546 doctis
977 2513 1159 2547 notatum

274 2567 348 2600 est.
402 2564 448 2601 In
484 2564 545 2601 ed.
581 2575 642 2615 pr.
687 2567 771 2601 est:
819 2566 957 2601 cunctim
981 2563 1161 2612 sortunoe

268 2618 412 2667 primo.»
428 2623 552 2655 ratus.
598 2619 705 2656 ERN.
760 2617 863 2654 Bud.
882 2623 1029 2667 patere.

329 2670 479 2709 Ereeta
496 2685 533 2723 q.
553 2671 617 2709 ad.
633 2670 903 2720 multitudine]
938 2671 1041 2709 Bud.
1057 2670 1160 2708 male

272 2729 416 2774 erepta.
476 2725 643 2763 Pricaeus
676 2725 725 2762 ad
759 2725 882 2774 Apul.
917 2725 1015 2762 Met.
1050 2730 1088 2762 2.
1120 2735 1160 2774 p.

279 2783 368 2816 125.
411 2779 550 2817 suadet
583 2780 659 2830 leg.
699 2781 869 2825 adi-ecta,
898 2779 1097 2828 praeclare,
1125 2780 1159 2816 si

269 2833 362 2870 libri
388 2834 646 2872 adsentirent.
701 2834 866 2871 Interim
894 2833 978 2871 Cic.
1004 2845 1159 2883 quoque

271 2893 438 2924 erectum
454 2899 526 2937 pro
541 2889 694 2926 adtente
712 2888 821 2925 dicit.
854 2887 953 2923 Vide
972 2888 1014 2924 in
1031 2888 1160 2925 Bruto

275 2951 310 2977 e.
331 2946 397 2978 54.
424 2947 566 2979 erectos
583 2944 773 2980 intuentes
780 2942 952 2991 judices.

325 2994 496 3032 Nullum
512 2997 713 3034 mendacio
726 2993 917 3044 pretium]
963 2995 1066 3036 Quis
1083 3006 1156 3032 au-

270 3052 351 3084 tem
393 3051 569 3094 gratuito
614 3049 781 3087 mendax
818 3049 870 3086 sit
884 3048 1045 3086 ?-—cwm
1078 3051 1158 3085 sint

264 3103 432 3151 proemia
447 3104 553 3149 salsi
582 3103 724 3148 Nulla,
750 3109 880 3141 ratam
915 3103 1021 3141 debet
1043 3104 1156 3141 testas·

271 3155 406 3192 habere
420 3156 561 3203 fidem,
582 3158 639 3193 ait
659 3157 824 3194 Ovidius
851 3158 920 3195 Tr.
938 3163 978 3203 3,
1005 3161 1068 3202 10,
1087 3161 1153 3194 35.

273 3209 385 3247 Ltrs.
431 3210 616 3246 Ceterum
637 3222 755 3258 super
769 3212 842 3247 hac
861 3223 902 3247 re
920 3222 1003 3259 quae
1022 3211 1155 3260 dispu-

273 3265 426 3308 tentur,
444 3273 522 3299 non
539 3268 653 3300 vacat
670 3275 986 3309 commemorare,
1006 3276 1079 3301 nec
1093 3275 1155 3301 ra-

271 3316 332 3353 tio
350 3320 533 3354 notarum
559 3317 766 3354 desiderat.
820 3317 984 3355 Tacitus
1002 3329 1081 3354 non
1100 3319 1156 3355 vi-

271 3370 386 3407 detur
402 3370 554 3408 alienus
572 3371 692 3408 fuisse
710 3370 760 3408 ab
772 3382 818 3406 ea
834 3376 961 3418 parte,
977 3376 1022 3408 ut
1040 3372 1154 3408 fidem

269 3424 363 3460 facti
393 3429 635 3473 agnosceret.
690 3425 794 3462 Nam
830 3429 870 3461 et
901 3431 1036 3462 notum
1068 3426 1154 3462 tabe

267 3479 464 3515 oculoru-m
483 3478 677 3526 hominem
696 3479 807 3516 illum
828 3483 956 3524 vocat,
976 3483 1020 3515 ut
1044 3479 1154 3515 nulla

268 3531 468 3569 simulatio
491 3533 684 3572 coecitatis
714 3533 843 3572 locum
878 3532 1062 3571 habuisse
1086 3533 1152 3570 in-

1219 1380 1333 1422 nuat,
1351 1381 1392 1414 et
1410 1378 1537 1414 actam
1561 1386 1644 1414 rem
1664 1376 1857 1425 praesente
1875 1385 2018 1426 magna
2033 1377 2104 1415 lio·

1219 1433 1372 1468 minum
1395 1430 1667 1476 multitudine,
1693 1430 1735 1468 in
1759 1429 1845 1467 loco
1873 1429 2047 1480 publico,
2063 1433 2103 1468 et

1219 1487 1475 1522 memoratam
1504 1485 1589 1521 suis
1619 1495 1773 1532 quoque
1804 1483 2050 1532 temporibus
2079 1495 2103 1521 a

1220 1538 1391 1576 testibus
1443 1538 1624 1583 oculatis,
1669 1538 1829 1575 sublata
1875 1538 2102 1576 flaviarum

1217 1597 1350 1642 gente,
1369 1591 1439 1629 ubi
1455 1590 1567 1630 nulla
1581 1591 1767 1629 adulandi
1794 1595 1866 1629 aut
1882 1592 2102 1630 mentiendi

1219 1657 1370 1683 caussa.
1429 1646 1530 1688 Quae
1549 1650 1686 1682 contra
1714 1644 1795 1683 h‘oec
1815 1644 2007 1684 mii-acula
2023 1645 2102 1683 dis-

1220 1704 1416 1750 putantur
1433 1711 1457 1735 a
1474 1700 1639 1748 quodam
1667 1701 1752 1737 dac.
1772 1698 1908 1737 Sernes
1937 1700 1980 1738 in
1999 1699 2103 1737 libro

1221 1756 1268 1792 ‹le
1299 1755 1515 1800 miraculis,
1533 1764 1622 1803 ··quo
1647 1765 1671 1789 a
1699 1753 1954 1792 Daemouibu·
1984 1752 2104 1791 mira-

1219 1809 1309 1846 cula
1336 1808 1484 1858 patrari
1514 1811 1649 1857 negat,
1675 1820 1715 1857 p.
1740 1809 1834 1847 276.
1860 1819 1939 1844 non
1968 1809 2103 1846 admo-

1219 1863 1312 1901 dum
1342 1861 1564 1912 probabilia
1594 1866 1708 1911 puto,
1741 1865 1782 1899 et
1814 1862 2102 1900 concionatoria

1218 1917 1361 1966 magis,
1382 1927 1497 1965 quam
1517 1914 1720 1953 subtiliter
1738 1920 1778 1952 et
1795 1915 1998 1953 dialectice
2025 1916 2105 1954 dis-

1218 1975 1359 2020 putata
1378 1983 1389 2016 ;
1419 1981 1649 2020 vereorque,
1663 1973 1709 2007 ut
1728 1969 1885 2007 Divinis
1902 1970 2102 2008 miraculis

1216 2026 1330 2062 valde
1358 2022 1583 2068 consulant,
1613 2023 1681 2073 qui
1707 2024 1748 2061 in
1776 2027 1858 2061 tam
1892 2025 2103 2073 diligenter

1218 2079 1389 2117 narratis
1406 2078 1525 2116 rebus
1551 2077 1654 2115 nihil
1681 2077 1757 2116 nisi
1781 2078 1938 2115 fraudes
1963 2079 2102 2117 huma·

1216 2144 1289 2170 nas
1324 2136 1553 2182 agnoscant.
1598 2133 1706 2170 Eam.
1760 2132 1946 2170 Rectiora
1991 2131 2101 2170 dabit

1216 2188 1330 2226 Brot.
1350 2187 1398 2223 ad
1417 2187 1455 2223 b.
1470 2186 1498 2223 l.
1532 2186 1683 2223 Mirum
1700 2188 1806 2222 certe
1818 2186 1978 2224 Ernesti
1991 2187 2101 2234 judi*

1215 2242 1318 2278 cium
1350 2241 1473 2277 videri
1507 2239 1636 2278 debet.
1691 2240 1848 2278 Similes
1871 2241 2099 2291 Principum

1215 2296 1389 2340 fraudes,
1407 2294 1471 2330 vel
1489 2295 1546 2331 eis
1571 2292 1710 2331 saltem
1737 2293 1926 2341 tributim,
1942 2295 2101 2344 collegit

1217 2350 1405 2396 Lupanus
1423 2348 1472 2385 ad
1491 2349 1530 2385 h.
1545 2348 1573 2385 l.

1269 2403 1457 2452 Respexit
1479 2412 1579 2451 pone
1597 2401 1770 2452 tergum]
1819 2402 1986 2453 Nempe,
2007 2414 2098 2440 cum

1215 2467 1255 2493 se
1287 2454 1469 2504 precibus
1499 2455 1614 2492 factis
1635 2461 1801 2504 repente
1826 2457 2098 2503 convertisset,

1214 2510 1356 2547 ominis
1384 2509 1570 2559 captandi
1599 2519 1751 2547 caussa.
1792 2509 1884 2547 vid.
1911 2522 1997 2560 quae
2015 2511 2097 2550 dixi

1213 2563 1262 2601 ad
1281 2564 1442 2601 Sueten.
1473 2563 1593 2612 vesp.
1613 2574 1646 2601 c.
1666 2569 1704 2603 7,
1751 2564 1860 2602 Eun.

1267 2618 1311 2654 E
1320 2617 1560 2667 primoribus
1568 2617 1855 2668 AEgyptr'oraem
1868 2617 2097 2670 Basiliden]-

1213 2673 1365 2710 Firmat
1382 2673 1455 2708 hoc
1468 2671 1579 2708 valde
1591 2671 1666 2708 viri
1683 2672 1816 2709 eximii
1829 2672 2097 2721 conjecturam

1214 2726 1362 2765 Laevini
1380 2725 1597 2771 Torrentii,
1622 2726 1664 2763 in
1691 2726 1802 2764 Suet.
1829 2726 1950 2776 Vesp.
1978 2724 2099 2764 Basi-

1214 2781 1311 2818 lide-5
1327 2780 1486 2818 libertus
1503 2779 1681 2817 obtulisse
1698 2780 1736 2817 ez·
1751 2781 1859 2817 vim
1874 2784 1943 2818 est.
1986 2780 2099 2821 Quo-

1214 2835 1328 2872 modo
1345 2834 1527 2879 libertus,
1544 2834 1577 2870 si
1598 2834 1784 2871 Sacerdos
1799 2833 1816 2871 .)
1846 2834 1895 2879 si,
1913 2834 2016 2882 quod
2035 2834 2099 2872 hie

1214 2889 1374 2931 dicitur,
1423 2902 1443 2925 e
1492 2888 1730 2937 primoribus
1772 2887 2058 2938 AEgyptiomm
2074 2887 2097 2925 ?

1215 2942 1325 2980 Bene
1347 2943 1477 2991 igitur
1503 2941 1570 2978 ille
1590 2951 1758 2989 magnus
1784 2942 1933 2979 amicus
1961 2945 2096 2979 noster

1211 2997 1411 3034 Basilides
1435 2996 1632 3041 obtulisse,
1648 2996 1780 3032 deleta
1802 3007 1896 3032 voce
1920 2995 2094 3040 tibertus,

1211 3049 1635 3099 perperamvinfarcta.
1681 3050 1793 3086 Lus.
1844 3049 1893 3086 V.
1922 3061 2008 3099 quae
2043 3049 2094 3084 ad

1211 3104 1446 3141 Suetonium
1479 3104 1650 3140 diximus·
1662 3115 1747 3153 pro
1766 3103 1930 3150 vulgata
1953 3102 2093 3139 Sueto·

1210 3158 1283 3203 nii,
1319 3169 1487 3206 quorum
1538 3158 1711 3193 nondum
1754 3151 1936 3205 poenitet.
2001 3157 2094 3193 Post

1210 3223 1283 3259 pro
1299 3212 1491 3262 equitibus
1507 3211 1594 3247 MS.
1615 3209 1709 3259 Agr.
1723 3212 1789 3258 ‘d-
1804 3212 1867 3262 pr.
1884 3209 2093 3247 militibus.

1209 3268 1319 3303 Eme.
1363 3264 1468 3302 Bud.
1484 3263 1690 3313 equitibus.
1744 3264 1792 3302 ln
1811 3263 2094 3300 loee=suetonii

1210 3317 1370 3356 Ernesti
1385 3321 1390 3330 ¹
1407 3316 1596 3364 iutelligit
1619 3316 1813 3354 *libertum
1827 3327 1830 3331 ·
1845 3316 2092 3366 Vespasiani.

1212 3374 1360 3409 Contra
1376 3368 1641 3419 Caunegieter
1655 3371 1711 3408 -de
1738 3373 1838 3407 mut.
1869 3371 1985 3409 Rom.
2017 3370 2092 3409 sub

1208 3428 1336 3462 Princ.
1365 3425 1520 3462 ratione
1547 3437 1586 3473 p.
1615 3429 1681 3464 70.
1734 3425 1908 3462 Deorum
1935 3421 2092 3474 quoque

1208 3480 1328 3516 fuisse
1355 3482 1485 3515 seruos
1511 3482 1552 3515 et
1578 3477 1738 3516 libertos
1758 3478 1884 3523 docet,
1901 3480 1970 3528 qui
1986 3480 2093 3517 Deo·

1209 3544 1298 3571 suos
1317 3533 1506 3570 Domitios
1523 3533 1697 3570 calutate
1714 3533 1794 3570 sint
1813 3533 1935 3571 soliti.
