2190 3880
695 188 847 237 LIB.
881 187 920 237 1.
974 189 1216 236 CARI.
1262 221 1266 224 v
1819 194 1848 237 5

59 317 251 388 viginti
280 316 470 388 prioris
497 315 599 370 aevi
627 334 794 368 annos
820 315 974 368 multi
1002 327 1245 369 auctores
1274 314 1584 379 retulerunt,
1612 315 1738 368 dum
1762 334 1843 368 res
1858 323 1905 362 A.
1925 323 1982 364 U.
2009 356 2012 361 .

59 387 252 458 Populi
296 388 459 446 Rom.
498 389 934 439 memorabantur
974 388 1088 457 pari
1128 387 1434 457 eloquentia
1473 405 1536 438 ac
1576 386 1840 440 libertate.
1855 379 1977 468 Αῗῗὲζ

59 457 631 528 Postquambellatum
660 459 801 529 apud
821 457 1060 523 Actium,
1082 472 1242 527 atque
1263 475 1476 509 omnem
1500 467 1840 527 potestatem,
1880 484 1961 524 69..

15 560 17 563 .
57 530 123 580 ad
154 546 315 581 unum
345 528 575 582 conferri
618 530 765 599 pacis
812 529 1075 594 interfuit,
1103 547 1298 598 magna
1342 528 1431 580 illa
1471 529 1689 598 ingenia
1727 547 1841 581 ces-

57 617 198 653 sere:
248 599 405 651 simul
445 600 639 651 veritas
681 600 922 670 pluribus
962 600 1136 652 modis
1184 599 1450 665 infracta;
1488 599 1719 668 primum
1760 600 1860 651 iri-

58 671 212 723 scitia
239 671 576 741 Reipublicae
620 682 679 722 ut
723 671 929 735 alienae,
957 689 1084 723 mox
1124 671 1345 722 libidine
1385 669 1721 734 adsentandi,
1751 681 1845 722 aut

56 759 234 794 rursus
260 741 385 793 odio
412 742 663 793 adversus
702 742 1070 794 dominantes:
1111 742 1186 793 ita
1212 742 1413 794 neutris
1453 759 1582 793 cura
1617 743 1844 812 posteri-

57 814 200 876 tatiS,
238 813 376 864 inter
416 811 651 863 infensos
693 814 774 864 vel
814 814 1105 865 obnoxiOS.
1181 813 1284 864 Sed
1325 812 1676 864 ambitionem
1712 813 1842 864 scri-

55 883 224 953 ptoris
251 882 410 935 facile
449 884 772 951 adverseris3
807 884 1135 937 obtrectatio
1159 897 1214 936 et
1251 884 1388 936 livor
1415 883 1597 955 pronis
1622 884 1839 937 auribus

55 1042 148 1086 editi
164 1060 188 1086 a
202 1048 393 1086 Beroaldo
408 1050 456 1086 ad
468 1047 681 1098 Ryckium:
699 1050 803 1086 unde
819 1050 921 1087 clare

55 1106 177 1152 patet,
200 1103 434 1140 Beroaldum
465 1105 533 1140 hos
558 1103 677 1140 libros
702 1116 781 1140 non
799 1116 821 1140 e
837 1105 920 1141 MS.

54 1157 156 1195 Flor.
173 1157 350 1204 edidisse,
369 1158 435 1205 qui
462 1158 623 1194 totidem
651 1158 774 1194 literis
803 1158 920 1194 habet

55 1213 291 1260 octingentos
317 1217 355 1248 et
370 1212 529 1259 viginti,
547 1215 593 1249 ut
609 1211 676 1247 alii
700 1211 808 1249 MSS.
824 1213 918 1260 Reg.

57 1263 188 1315 (Bud.)
209 1265 306 1312 Agr.
333 1265 462 1302 Guelf.
493 1265 551 1314 (in
576 1277 653 1313 quo
680 1269 739 1301 est
761 1277 830 1313 per
847 1277 920 1302 nu-

53 1329 176 1355 meros
194 1318 247 1354 sic
263 1318 466 1356 DGCCtos
479 1324 518 1355 et
532 1316 634 1368 XX)
653 1323 693 1355 et
709 1319 767 1355 ed.
786 1332 843 1367 pr.
864 1321 920 1356 At

52 1373 202 1409 Puteol.
229 1372 334 1408 dedit
358 1371 534 1409 ducendos
556 1379 592 1409 et
620 1374 701 1420 vig.
738 1373 918 1410 Beroaldi

54 1425 360 1464 numerus‘forte
389 1426 470 1474 ipse
497 1436 519 1462 e
547 1426 629 1463 MS.
657 1431 821 1472 sumtus,
838 1428 918 1464 sive

53 1491 100 1516 ex
119 1481 183 1518 ed.
199 1491 258 1528 pr.
273 1479 340 1515 sed
351 1479 531 1516 ultimum
550 1481 593 1516 C.
609 1481 701 1516 vitio
714 1493 930 1529 operarum·

52 1533 237 1570 omissum
265 1537 335 1569 e'st.
363 1535 441 1570 Res
471 1534 556 1581 ipsa
581 1535 773 1571 desiderat
800 1536 918 1580 hunc,

53 1588 120 1635 qui
136 1598 240 1624 nuuc
256 1587 396 1631 editur,
426 1599 646 1626 numerum.
701 1589 832 1626 Sermo
861 1594 918 1625 est

52 1641 219 1678 enimde
233 1641 622 1691 scriptoribus-usque
635 1643 683 1678 ad
698 1642 831 1680 Galbae
848 1644 919 1681 im-

52 1695 216 1745 perium.
234 1695 342 1733 ERN.
397 1695 499 1732 Mihi
530 1697 562 1732 si
589 1697 682 1745 quid
706 1697 832 1740 video,
850 1710 919 1746 po·

51 1749 131 1785 tior
158 1752 216 1786 est
232 1748 413 1786 Beroaldi
430 1749 557 1793 lectio,
585 1751 840 1800 undecunque
865 1753 918 1788 sit

55 1806 155 1839 orta.
218 1803 394 1851 opponit
423 1804 582 1841 Tacitus
615 1809 792 1852 tempora
825 1809 917 1841 ante

52 1867 232 1905 pugnam·
264 1855 477 1903 Actiacam,
513 1857 654 1906 quibus
696 1859 918 1908 eloquentia

53 1911 284 1958 scriptorum
312 1911 438 1958 viguit
454 1923 540 1948 cum
557 1911 750 1956 libertate,
767 1913 868 1960 quod
884 1913 916 1949 is

51 1965 159 2013 prius
176 1974 304 2000 aevum·
325 1965 432 2010 dicit,-
448 1966 687 2014 temporibus
717 1967 916 2012 insecutis,

52 2018 193 2065 quibus
221 2029 361 2066 magna
376 2020 533 2067 ingenia
548 2031 694 2057 cessere
719 2025 759 2057 et
774 2022 918 2060 veritas

52 2073 121 2108 est'
144 2072 322 2108 infracta.
374 2073 545 2110 Restitui
573 2074 699 2112 locum
725 2079 767 2112 et
798 2075 919 2112 inter·

52 2127 259 2173 punctione
274 2137 429 2162 sensum
439 2127 541 2174 juvi.

103 2181 230 2228 Atque
246 2191 390 2224 omnem
400 2187 625 2230 potestatem
637 2182 690 2219 ad
699 2195 818 2220 unum
830 2195 918 2219 con-

39 2231 163 2283 ferri]
185 2233 319 2270 Cicero
334 2234 433 2273 Phil.
454 2241 491 2280 l,
514 2241 574 2272 14.
591 2249 637 2272 ne
654 2238 841 2284 ignorans
858 2250 919 2274 ve-

7 2328 9 2330 ,
52 2297 138 2323 rum
155 2288 228 2323 iter
241 2288 382 2334 gloriae
396 2291 610 2336 gloriosum
630 2297 743 2339 putes
762 2293 856 2339 plus
881 2297 918 2328 te

50 2352 171 2376 unum
183 2352 292 2389 posse
317 2354 433 2390 quam
453 2355 588 2380 omnes.
643 2345 775 2380 Livius
793 2350 833 2390 3,
852 2350 916 2384 37.

47 2394 244 2431 licentiam
261 2407 374 2446 suom
389 2398 519 2441 malle,
547 2410 661 2447 quam
680 2400 850 2435 omnium
867 2400 917 2436 li-

51 2446 253 2484 bertatem.-
269 2448 356 2486 Sive
383 2450 432 2486 ab
461 2452 512 2500 τῷ
530 2453 659 2488 omnia
682 2451 807 2489 malis.
835 2453 918 2489 No-

52 2504 131 2537 ster
162 2501 211 2537 A.
242 2507 278 2548 1,
299 2508 359 2539 11.
436 2517 500 2541 am
525 2505 734 2554 subjectum
747 2503 917 2554 sor-tuna

50 2555 210 2602 regendi
236 2562 372 2593 cuncta
496 2584 507 2603 ‚
518 2559 682 2607 proinde
698 2560 739 2596 in
762 2562 918 2597 civitate

50 2613 107 2645 tot
122 2609 335 2646 illustribus
346 2612 442 2648 viris
456 2613 622 2649 subnixa
639 2625 714 2650 non
732 2614 784 2650 ad
799 2626 918 2652 umam

51 2663 180 2698 omnia
208 2662 403 2711 deferrent.
458 2666 726 2706 Quintilianus
753 2669 850 2705 Inst.
878 2672 918 2713 6,

54 2718 91 2760 1,
108 2718 173 2752 36.
202 2729 288 2765 crum
303 2719 431 2754 omnia
456 2731 558 2755 curce
576 2722 775 2770 tuteloeque
803 2724 920 2759 unius

49 2769 203 2806 innixa.
216 2794 219 2797 -
231 2771 366 2807 Gnosi.
408 2772 573 2810 Videtur
589 2773 770 2821 probasse
786 2775 917 2811 lectio-

50 2830 140 2858 nem
156 2823 238 2860 MS.
255 2823 356 2861 Bud.
374 2828 413 2860 et
425 2827 506 2862 cod.
520 2827 732 2863 Danesiani
749 2830 919 2865 omnium

14 2876 33 2888 ²
45 2881 282 2924 potestatem,
300 2890 384 2926 quoe
409 2883 448 2914 et
474 2880 663 2920 Rhenano
684 2882 862 2929 placebat
880 2886 920 2919 et

51 2929 211 2967 Ursino.-
258 2932 330 2968 Sed
359 2933 527 2980 Ryckius
554 2938 594 2971 et
620 2935 658 2971 J.
676 2936 796 2972 Gron.
812 2937 920 2984 cupi-

51 2982 99 3020 de
118 2984 325 3032 *arripuere
349 2987 579 3034 scripturam
605 2988 689 3026 MS.
720 2990 822 3027 Flor.
840 3003 917 3026 om-

50 3048 144 3072 nem·
157 3041 382 3086 potentiam,
401 3053 486 3089 quae
503 3046 543 3078 et
561 3043 602 3078 in
619 3043 679 3078 ed.
695 3054 754 3091 pr.
770 3044 917 3091 reperi-

51 3092 140 3126 tur:
171 3102 265 3139 quos
281 3104 352 3140 ego
369 3105 448 3130 non
462 3096 606 3134 imitor.
643 3097 836 3133 Latinitas
854 3110 915 3134 me

52 3143 227 3192 impedit.
281 3147 391 3196 Nego
408 3149 481 3184 dici
499 3161 610 3197 posse
628 3163 772 3187 omnem
783 3159 915 3200 poten-

51 3198 148 3234 tiam
181 3199 235 3235 ad
263 3211 395 3246 unum,
430 3202 490 3239 vel
523 3204 690 3254 aliquem
731 3206 913 3254 conferre,

51 3251 154 3299 quod
181 3252 266 3300 lege
296 3259 366 3291 aut
399 3255 499 3292 SCto
526 3258 686 3295 factum.
741 3259 916 3297 Potestas

51 3303 254 3354 «affertur,
281 3319 359 3344 non
383 3311 569 3357 potentia,
588 3323 672 3359 quae
701 3313 751 3356 vi,
780 3312 915 3349 fraude

51 3356 214 3406 diisque
240 3361 360 3398 modis
382 3370 561 3412 paratur.
614 3366 793 3412 Senatus,
823 3367 916 3403 Ma-

50 3411 304 3460 gistrattmm,
323 3416 455 3464 legum
469 3419 604 3455 munia
622 3423 732 3455 vocat
753 3421 857 3456 Ann.
879 3426 915 3466 1,

53 3468 93 3500 2.
121 3463 200 3501 hmo
227 3471 287 3504 est
307 3476 487 3517 potestas,
515 3482 592 3508 non
608 3475 794 3522 potentia.
845 3475 917 3511 Jus

51 3520 138 3557 erat
153 3517 332 3568 faciendi,
350 3535 436 3571 quoe
455 3525 693 3572 viderentur,
712 3527 749 3562 h.
768 3534 918 3575 apote-

53 3577 144 3609 ηαδ.
199 3573 330 3623 Ipsum
359 3577 558 3626 epitheton
586 3581 709 3620 omnis
735 3582 919 3631 potestati

973 1050 1167 1095 convenit,
1201 1061 1279 1086 non
1311 1051 1508 1098 potentiae.
1564 1050 1746 1088 Omnium
1781 1063 1840 1089 re·

971 1116 1059 1140 rum
1070 1109 1291 1152 potestatem
1308 1105 1407 1141 dixit
1424 1108 1464 1140 et
1479 1104 1613 1142 Livius
1632 1111 1670 1151 8,
1690 1112 1750 1143 13.
1767 1116 1838 1143 nec

972 1157 1148 1204 displicet
1164 1157 1259 1193 mihi
1280 1158 1319 1194 h.
1335 1157 1360 1195 l.
1389 1160 1571 1196 omnium.
1598 1160 1704 1197 ERN.
1747 1160 1838 1208 Bip.

971 1222 1177 1258 reposuere
1198 1213 1423 1260 potentiam,
1442 1213 1535 1260 quia
1555 1219 1594 1249 et
1610 1224 1644 1249 c.
1665 1219 1725 1252 13.
1743 1214 1838 1263 legi-

971 1271 1040 1300 tur
1051 1267 1227 1314 potentia
1238 1267 1487 1315 principatus
1505 1267 1644 1304 divim.

1026 1320 1190 1356 Iuscitia
1219 1320 1331 1368 Reip.
1362 1326 1407 1357 ut
1429 1321 1582 1371 alienae]
1612 1322 1652 1359 h.
1685 1333 1721 1359 e.
1749 1333 1837 1359 cum

971 1371 1144 1409 homines
1161 1383 1270 1410 suam
1287 1374 1424 1423 Remp.
1441 1385 1520 1410 non
1538 1374 1653 1412 aliter
1668 1379 1738 1413 aut
1757 1388 1839 1412 me-

970 1425 1044 1462 lius
1073 1431 1244 1472 nossent,
1263 1439 1377 1475 quam
1407 1428 1590 1475 alienam,
1618 1434 1838 1479 propterea,

970 1480 1071 1528 quod
1090 1481 1173 1528 ejus
1203 1481 1385 1518 incuriosi
1404 1486 1544 1526 essent,
1569 1495 1657 1520 cum
1684 1485 1731 1520 ad
1750 1496 1837 1520 eam

968 1534 1148 1571 accedere
1167 1547 1243 1571 nou
1271 1536 1438 1583 amplius
1459 1537 1608 1583 liceret,
1624 1538 1691 1574 sed
1719 1539 1835 1575 unius

969 1588 1099 1625 omnia
1117 1593 1215 1625 nutu
1234 1593 1273 1625 et
1285 1590 1448 1627 arbitrio
1463 1596 1701 1639 gererentur.
1728 1592 1835 1629 ERN.

1021 1643 1278 1680 Ambitionem
1294 1645 1508 1694 sm·iptoris]
1545 1644 1835 1691 Adulationem,

971 1694 1148 1744 placendi
1173 1698 1357 1734 studium.
1402 1698 1463 1735 Sic
1480 1700 1531 1735 A.
1556 1704 1591 1744 1,
1611 1702 1678 1739 67.
1707 1700 1836 1737 Nulla

969 1750 1186 1788 ambitione.
1217 1756 1277 1796 13,
1297 1756 1336 1788 4.
1377 1752 1497 1790 Nihil
1525 1753 1727 1791 ambitioni
1747 1767 1838 1803 per-

968 1805 1088 1840 vium.
1127 1805 1180 1841 Et
1199 1806 1301 1853 apud
1326 1806 1528 1844 «Iustinum
1551 1812 1614 1853 12,
1637 1811 1699 1855 15.
1715 1809 1842 1846 naabi-r

967 1858 1023 1894 tio
1040 1859 1165 1905 vulgi.

1022 1912 1156 1949 Facile
1205 1912 1429 1963 adwrserix]
1484 1915 1705 1962 Legendum
1751 1927 1834 1952 esse

968 1968 1164 2011 averseris,
1181 1967 1389 2004 doctissimi
1402 1969 1474 2004 viri
1486 1972 1679 2007 statuunt.
1702 1971 1834 2008 Recte.

970 2019 1023 2055 Et
1056 2021 1236 2057 convenit
1263 2021 1375 2058 hodie
1409 2023 1503 2068 fere,
1531 2023 1728 2062 adversari
1754 2036 1835 2061 esse

971 2078 1101 2111 notam
1135 2076 1221 2119 aevi,
1253 2087 1330 2122 quo
1364 2075 1455 2113 libri
1489 2077 1635 2125 scripti,
1665 2083 1705 2114 et
1738 2079 1837 2115 nihil
1868 2097 1870 2101 ·

970 2126 1075 2164 aliud
1093 2138 1207 2176 quam
1224 2140 1381 2176 pravam
1399 2131 1643 2178 scripturam.
1685 2132 1841 2181 Nempe-

968 2183 1094 2218 media
1121 2187 1234 2219 aetate
1261 2183 1433 2230 solenne,
1452 2186 1649 2223 adversari
1669 2187 1836 2223 scribere

968 2245 1052 2282 prov
1071 2238 1257 2282 aversari,
1291 2239 1582 2288 promiscueque
1611 2240 1685 2276 ista
1717 2241 1837 2278 verba

968 2290 1083 2327 dicta.
1136 2291 1190 2327 Et
1222 2291 1331 2328 fatali
1364 2293 1528 2340 quadam
1571 2295 1835 2340 consensione,

969 2343 1146 2391 pluribus
1163 2343 1203 2381 in
1221 2344 1314 2381 locis
1329 2346 1456 2383 Taciti
1475 2347 1514 2383 id
1530 2351 1753 2385 constanter
1769 2361 1836 2386 ex<

967 2397 1104 2434 hibent
1120 2409 1252 2434 omnes
1277 2399 1381 2445 libri,
1406 2399 1474 2437 ubi
1502 2413 1635 2438 sensus
1665 2405 1837 2440 aversari

968 2452 1180 2488 desiderat:
1211 2454 1313 2489 unde
1330 2465 1456 2502 nuper
1471 2455 1644 2492 Gesnero
1661 2456 1701 2492 in
1717 2458 1835 2495 Thes.

969 2507 1012 2544 1..
1023 2507 1064 2542 L.
1086 2518 1163 2542 non
1177 2507 1381 2544 videbatur
1397 2510 1602 2547 admodum
1618 2510 1835 2558 probabile,

969 2560 1010 2596 in
1039 2560 1218 2596 omnibus
1248 2562 1306 2598 his
1334 2562 1426 2599 locis
1457 2575 1539 2600 esse
1566 2565 1707 2600 vitium
1742 2567 1835 2602 scri-

970 2618 1109 2661 pturae,
1137 2615 1500 2665 rescribendumque
1528 2619 1710 2655 aversari.
1763 2620 1835 2657 Sed

973 2668 1167 2704 sciendum
1194 2669 1246 2714 id,
1279 2671 1379 2717 quod
1409 2671 1448 2707 in
1478 2672 1702 2719 praefatione
1738 2673 1837 2709 dixi-

971 2733 1072 2766 muS,
1104 2734 1249 2768 omnes,
1281 2735 1374 2771 quos
1400 2724 1600 2770 habemus,
1622 2724 1731 2762 MSS.
1759 2728 1838 2764 Ta-

971 2776 1037 2811 citi
1053 2775 1172 2812 libros
1190 2789 1238 2812 ex
1256 2788 1335 2814 uno
1355 2779 1482 2814 codice
1498 2779 1669 2817 fluxisse.
1721 2781 1836 2818 Unde

969 2832 1079 2865 tanto
1096 2831 1216 2877 magis
1240 2830 1329 2866 talis
1351 2842 1559 2869 consensus
1576 2834 1740 2870 existere
1767 2846 1838 2883 po-

969 2884 1059 2919 tuit.
1113 2885 1174 2919 Sic
1195 2884 1250 2920 H.
1281 2890 1320 2929 2,
1340 2889 1403 2922 51.
1421 2887 1558 2933 optimi
1587 2887 1678 2924 libri
1702 2889 1836 2926 adver·

970 2949 1052 2972 sam
1071 2949 1140 2985 pro
1167 2950 1339 2975 aversam
1363 2939 1560 2978 exhibent.
1614 2942 1687 2979 Sed
1702 2946 1835 2981 tamen

970 2992 1117 3027 suntin
1134 2991 1192 3028 his
1208 2992 1313 3029 MSS.
1334 2995 1497 3043 vestigia
1509 3006 1606 3032 verae
1623 2996 1836 3044 scripturae.

970 3043 1023 3080 H.
1040 3050 1081 3089 3,
1100 3050 1164 3082 25.
1198 3057 1300 3082 unus
1333 3047 1434 3084 Flor.
1452 3051 1636 3095 aversari,
1654 3052 1772 3087 ceteri
1790 3052 1838 3087 li·

968 3097 1028 3134 bri
1062 3109 1193 3135 omnes
1227 3099 1434 3138 adversari.
1487 3103 1623 3150 Neque
1654 3116 1744 3140 vero
1788 3116 1837 3142 ex

968 3151 1048 3188 ullo
1064 3152 1140 3188 alio
1170 3154 1355 3201 scriptore
1372 3156 1534 3204 antiquo
1551 3158 1726 3205 exempla
1748 3170 1835 3206 pro—

967 3206 1059 3242 ferri
1076 3211 1302 3254 potuerunt,
1320 3207 1389 3249 ubi
1406 3209 1497 3246 libri
1515 3221 1647 3247 omnes
1665 3210 1721 3248 ita
1745 3223 1836 3249 con-

968 3261 1186 3307 sentirent3
1223 3262 1288 3298 sed
1315 3262 1363 3298 ad
1394 3264 1518 3300 solum
1541 3265 1721 3302 Tacitum
1747 3278 1836 3314 pro⁴

968 3317 1140 3351 vocatur.
1210 3315 1356 3352 Contra
1399 3318 1604 3366 soepissime
1637 3323 1837 3357 ostensum

969 3370 1041 3412 est,
1057 3368 1253 3406 adversari
1265 3381 1463 3407 occurrere
1477 3372 1518 3408 in
1534 3372 1711 3420 plurimis
1729 3374 1837 3413 codd.

969 3420 1036 3457 ubi
1067 3421 1244 3458 meliores
1271 3422 1360 3459 libri
1389 3425 1560 3462 habeant
1586 3429 1770 3464 aversari.
1799 3438 1839 3464 v.

970 3474 1168 3512 Drakenb.
1185 3477 1231 3512 ad
1250 3477 1332 3513 Liv.
1354 3483 1392 3523 8,
1412 3485 1448 3518 7.
1466 3480 1655 3516 Schwarz.
1673 3481 1720 3517 ad
1738 3480 1839 3517 Plin.

971 3529 1012 3564 P.
1030 3532 1096 3565 46.
1138 3530 1244 3566 Cort.
1261 3530 1310 3566 ad
1328 3531 1418 3569 Sall.
1435 3533 1526 3580 Jug.
1545 3539 1608 3572 93.
1654 3534 1714 3570 Sic
1730 3534 1841 3581 Virg.

970 3582 1062 3618 AEn.
1076 3588 1115 3630 4,
1133 3585 1220 3623 106.
1238 3583 1348 3622 multi
1367 3587 1501 3636 scripti
1512 3586 1617 3632 libri,
1632 3587 1839 3625 adverteret

968 3641 1056 3687 1³3
