<?xml version="1.0" encoding="UTF-8"?>
<!DOCTYPE html PUBLIC "-//W3C//DTD XHTML 1.0 Transitional//EN"
    "http://www.w3.org/TR/xhtml1/DTD/xhtml1-transitional.dtd">
<html xmlns="http://www.w3.org/1999/xhtml" xml:lang="en" lang="en">
 <head>
  <title>
</title>
<meta http-equiv="Content-Type" content="text/html;charset=utf-8" />
  <meta name='ocr-system' content='tesseract 3.04.00' />
  <meta name='ocr-capabilities' content='ocr_page ocr_carea ocr_par ocr_line ocrx_word'/>
</head>
<body>
  <div class='ocr_page' id='page_1' title='image "./p1operaexrecensi02taciuoft_0064.png"; bbox 0 0 2190 3880; ppageno 0'>
   <div class='ocr_carea' id='block_1_1' title="bbox 108 107 2128 1386">
    <p class='ocr_par' dir='ltr' id='par_1_1' title="bbox 108 107 2128 1386">
     <span class='ocr_line' id='line_1_1' title="bbox 312 107 1524 168; baseline -0.002 0"><span class='ocrx_word' id='word_1_1' title='bbox 312 122 376 168; x_wconf 61' lang='lat'>43</span> <span class='ocrx_word' id='word_1_2' title='bbox 920 107 1524 166; x_wconf 80' lang='lat' dir='ltr'>HISTORIARUM</span> 
     </span>
     <span class='ocr_line' id='line_1_2' title="bbox 108 239 2120 314; baseline 0.003 -21"><span class='ocrx_word' id='word_1_3' title='bbox 108 283 119 286; x_wconf 87' lang='grc'>-</span> <span class='ocrx_word' id='word_1_4' title='bbox 177 242 372 306; x_wconf 34' lang='lat' dir='ltr'>,moja</span> <span class='ocrx_word' id='word_1_5' title='bbox 400 239 682 314; x_wconf 86' lang='lat' dir='ltr'>poplitem,</span> <span class='ocrx_word' id='word_1_6' title='bbox 717 257 851 295; x_wconf 83' lang='lat' dir='ltr'>mox</span> <span class='ocrx_word' id='word_1_7' title='bbox 887 242 957 295; x_wconf 84' lang='lat' dir='ltr'>ab</span> <span class='ocrx_word' id='word_1_8' title='bbox 982 240 1017 296; x_wconf 90' lang='lat' dir='ltr'><strong>J</strong></span> <span class='ocrx_word' id='word_1_9' title='bbox 1024 240 1133 294; x_wconf 91' lang='lat' dir='ltr'>ulio</span> <span class='ocrx_word' id='word_1_10' title='bbox 1162 240 1323 306; x_wconf 88' lang='lat' dir='ltr'>Caro,</span> <span class='ocrx_word' id='word_1_11' title='bbox 1357 240 1659 313; x_wconf 83' lang='lat' dir='ltr'>legionario</span> <span class='ocrx_word' id='word_1_12' title='bbox 1685 242 1876 310; x_wconf 88' lang='lat' dir='ltr'>milite,</span> <span class='ocrx_word' id='word_1_13' title='bbox 1912 253 2120 301; x_wconf 70' lang='lat' dir='ltr'>utrum«-</span> 
     </span>
     <span class='ocr_line' id='line_1_3' title="bbox 189 312 2120 384; baseline 0.003 -19"><span class='ocrx_word' id='word_1_14' title='bbox 189 322 282 359; x_wconf 80' lang='lat'><strong>823-</strong></span> <span class='ocrx_word' id='word_1_15' title='bbox 316 330 433 384; x_wconf 90' lang='lat' dir='ltr'>que</span> <span class='ocrx_word' id='word_1_16' title='bbox 460 313 599 381; x_wconf 75' lang='lat' dir='ltr'>latus</span> <span class='ocrx_word' id='word_1_17' title='bbox 644 314 1122 367; x_wconf 80' lang='lat' dir='ltr'>transverberatus.</span> <span class='ocrx_word' id='word_1_18' title='bbox 1197 312 1477 383; x_wconf 85' lang='lat' dir='ltr'>Insignem</span> <span class='ocrx_word' id='word_1_19' title='bbox 1516 313 1606 366; x_wconf 84' lang='lat' dir='ltr'>illa</span> <span class='ocrx_word' id='word_1_20' title='bbox 1640 313 1727 367; x_wconf 90' lang='lat' dir='ltr'>die</span> <span class='ocrx_word' id='word_1_21' title='bbox 1766 315 1940 369; x_wconf 90' lang='lat' dir='ltr'>virum</span> <span class='ocrx_word' id='word_1_22' title='bbox 1967 317 2120 370; x_wconf 67' lang='lat' dir='ltr'>Sem-⁴</span> 
     </span>
     <span class='ocr_line' id='line_1_4' title="bbox 185 375 2119 470; baseline 0.003 -34"><span class='ocrx_word' id='word_1_23' title='bbox 185 375 571 470; x_wconf 71' lang='lat' dir='ltr'>A7·0‘3·pronium</span> <span class='ocrx_word' id='word_1_24' title='bbox 599 384 1004 438; x_wconf 84' lang='lat' dir='ltr'>Densumaetas</span> <span class='ocrx_word' id='word_1_25' title='bbox 1035 394 1220 437; x_wconf 88' lang='lat' dir='ltr'>nostra</span> <span class='ocrx_word' id='word_1_26' title='bbox 1246 384 1400 436; x_wconf 89' lang='lat' dir='ltr'>vidit.</span> <span class='ocrx_word' id='word_1_27' title='bbox 1475 384 1738 438; x_wconf 83' lang='lat' dir='ltr'>Centurio</span> <span class='ocrx_word' id='word_1_28' title='bbox 1764 386 1810 439; x_wconf 90' lang='lat' dir='ltr'>is</span> <span class='ocrx_word' id='word_1_29' title='bbox 1839 387 2119 442; x_wconf 83' lang='lat' dir='ltr'>Praetoriae</span> 
     </span>
     <span class='ocr_line' id='line_1_5' title="bbox 231 454 2122 536; baseline 0.002 -26"><span class='ocrx_word' id='word_1_30' title='bbox 231 455 303 536; x_wconf 82' lang='lat'>4‘3</span> <span class='ocrx_word' id='word_1_31' title='bbox 317 456 579 522; x_wconf 79' lang='lat' dir='ltr'>cohortiS,</span> <span class='ocrx_word' id='word_1_32' title='bbox 605 476 638 510; x_wconf 90' lang='lat' dir='ltr'>a</span> <span class='ocrx_word' id='word_1_33' title='bbox 665 457 846 510; x_wconf 84' lang='lat' dir='ltr'>Galba</span> <span class='ocrx_word' id='word_1_34' title='bbox 868 455 1132 509; x_wconf 88' lang='lat' dir='ltr'>custodiae</span> <span class='ocrx_word' id='word_1_35' title='bbox 1163 454 1378 508; x_wconf 87' lang='lat' dir='ltr'>Pisonis</span> <span class='ocrx_word' id='word_1_36' title='bbox 1404 456 1638 522; x_wconf 86' lang='lat' dir='ltr'>additus,</span> <span class='ocrx_word' id='word_1_37' title='bbox 1666 458 1854 510; x_wconf 89' lang='lat' dir='ltr'>stricto</span> <span class='ocrx_word' id='word_1_38' title='bbox 1883 460 2122 530; x_wconf 80' lang='lat' dir='ltr'>pugione</span> 
     </span>
     <span class='ocr_line' id='line_1_6' title="bbox 317 527 2121 597; baseline 0.002 -16"><span class='ocrx_word' id='word_1_39' title='bbox 317 546 607 582; x_wconf 87' lang='lat' dir='ltr'>occurrens</span> <span class='ocrx_word' id='word_1_40' title='bbox 653 528 872 581; x_wconf 86' lang='lat' dir='ltr'>armatis</span> <span class='ocrx_word' id='word_1_41' title='bbox 924 540 981 580; x_wconf 90' lang='lat' dir='ltr'>et</span> <span class='ocrx_word' id='word_1_42' title='bbox 1027 527 1200 580; x_wconf 83' lang='lat' dir='ltr'>scelus</span> <span class='ocrx_word' id='word_1_43' title='bbox 1239 529 1591 597; x_wconf 66' lang='lat' dir='ltr'>exprobrem,</span> <span class='ocrx_word' id='word_1_44' title='bbox 1631 545 1695 580; x_wconf 86' lang='lat' dir='ltr'>ac</span> <span class='ocrx_word' id='word_1_45' title='bbox 1740 529 2121 597; x_wconf 7' lang='lat' dir='ltr'>modobmanm</span> 
     </span>
     <span class='ocr_line' id='line_1_7' title="bbox 316 599 2122 670; baseline 0.002 -18"><span class='ocrx_word' id='word_1_46' title='bbox 316 599 485 652; x_wconf 87' lang='lat' dir='ltr'>modo</span> <span class='ocrx_word' id='word_1_47' title='bbox 507 616 659 665; x_wconf 86' lang='lat' dir='ltr'>voce,</span> <span class='ocrx_word' id='word_1_48' title='bbox 676 599 935 652; x_wconf 83' lang='lat' dir='ltr'>vertendo</span> <span class='ocrx_word' id='word_1_49' title='bbox 962 599 1016 651; x_wconf 87' lang='lat' dir='ltr'>in</span> <span class='ocrx_word' id='word_1_50' title='bbox 1042 617 1098 652; x_wconf 88' lang='lat' dir='ltr'>se</span> <span class='ocrx_word' id='word_1_51' title='bbox 1117 616 1474 670; x_wconf 80' lang='lat' dir='ltr'>percussoreS,</span> <span class='ocrx_word' id='word_1_52' title='bbox 1494 617 1822 670; x_wconf 85' lang='lat' dir='ltr'>quamquam</span> <span class='ocrx_word' id='word_1_53' title='bbox 1844 600 2122 655; x_wconf 85' lang='lat' dir='ltr'>vulnerato</span> 
     </span>
     <span class='ocr_line' id='line_1_8' title="bbox 318 669 2122 742; baseline 0.001 -17"><span class='ocrx_word' id='word_1_54' title='bbox 318 670 511 725; x_wconf 88' lang='lat' dir='ltr'>Pisoni</span> <span class='ocrx_word' id='word_1_55' title='bbox 550 670 814 742; x_wconf 84' lang='lat' dir='ltr'>effugium</span> <span class='ocrx_word' id='word_1_56' title='bbox 840 670 1009 723; x_wconf 85' lang='lat' dir='ltr'>dedit.</span> <span class='ocrx_word' id='word_1_57' title='bbox 1085 669 1215 723; x_wconf 90' lang='lat' dir='ltr'>Piso</span> <span class='ocrx_word' id='word_1_58' title='bbox 1257 670 1312 723; x_wconf 91' lang='lat' dir='ltr'>in</span> <span class='ocrx_word' id='word_1_59' title='bbox 1339 671 1511 724; x_wconf 86' lang='lat' dir='ltr'>aedem</span> <span class='ocrx_word' id='word_1_60' title='bbox 1539 671 1720 723; x_wconf 79' lang='lat' dir='ltr'>Vestae</span> <span class='ocrx_word' id='word_1_61' title='bbox 1749 673 2002 742; x_wconf 89' lang='lat' dir='ltr'>pervasit,</span> <span class='ocrx_word' id='word_1_62' title='bbox 2026 692 2122 727; x_wconf 85' lang='lat' dir='ltr'>ex-</span> 
     </span>
     <span class='ocr_line' id='line_1_9' title="bbox 317 741 2122 815; baseline 0.001 -19"><span class='ocrx_word' id='word_1_63' title='bbox 317 754 618 814; x_wconf 89' lang='lat' dir='ltr'>ceptusque</span> <span class='ocrx_word' id='word_1_64' title='bbox 664 742 1035 795; x_wconf 85' lang='lat' dir='ltr'>misericordia</span> <span class='ocrx_word' id='word_1_65' title='bbox 1074 741 1277 812; x_wconf 88' lang='lat' dir='ltr'>publici</span> <span class='ocrx_word' id='word_1_66' title='bbox 1326 743 1465 794; x_wconf 88' lang='lat' dir='ltr'>servi</span> <span class='ocrx_word' id='word_1_67' title='bbox 1516 752 1572 794; x_wconf 93' lang='lat' dir='ltr'>et</span> <span class='ocrx_word' id='word_1_68' title='bbox 1610 744 1970 796; x_wconf 88' lang='lat' dir='ltr'>contubernio</span> <span class='ocrx_word' id='word_1_69' title='bbox 2005 745 2122 815; x_wconf 83' lang='lat' dir='ltr'>ejus</span> 
     </span>
     <span class='ocr_line' id='line_1_10' title="bbox 318 813 2123 885; baseline 0.001 -18"><span class='ocrx_word' id='word_1_70' title='bbox 318 814 556 879; x_wconf 85' lang='lat' dir='ltr'>abditus,</span> <span class='ocrx_word' id='word_1_71' title='bbox 583 831 693 867; x_wconf 90' lang='lat' dir='ltr'>non</span> <span class='ocrx_word' id='word_1_72' title='bbox 715 813 996 885; x_wconf 84' lang='lat' dir='ltr'>religione,</span> <span class='ocrx_word' id='word_1_73' title='bbox 1024 831 1122 865; x_wconf 92' lang='lat' dir='ltr'>nec</span> <span class='ocrx_word' id='word_1_74' title='bbox 1143 813 1488 878; x_wconf 80' lang='lat' dir='ltr'>caerimoniiS‚</span> <span class='ocrx_word' id='word_1_75' title='bbox 1515 814 1607 866; x_wconf 88' lang='lat' dir='ltr'>sed</span> <span class='ocrx_word' id='word_1_76' title='bbox 1635 813 1840 867; x_wconf 85' lang='lat' dir='ltr'>latebra</span> <span class='ocrx_word' id='word_1_77' title='bbox 1855 814 2123 869; x_wconf 88' lang='lat' dir='ltr'>inminens</span> 
     </span>
     <span class='ocr_line' id='line_1_11' title="bbox 317 884 2124 953; baseline 0.001 -14"><span class='ocrx_word' id='word_1_78' title='bbox 317 886 554 953; x_wconf 84' lang='lat' dir='ltr'>exitium</span> <span class='ocrx_word' id='word_1_79' title='bbox 578 884 898 939; x_wconf 88' lang='lat' dir='ltr'>differebat:</span> <span class='ocrx_word' id='word_1_80' title='bbox 938 903 1063 937; x_wconf 90' lang='lat' dir='ltr'>cum</span> <span class='ocrx_word' id='word_1_81' title='bbox 1087 884 1367 950; x_wconf 88' lang='lat' dir='ltr'>advenere,</span> <span class='ocrx_word' id='word_1_82' title='bbox 1395 885 1561 938; x_wconf 86' lang='lat' dir='ltr'>missu</span> <span class='ocrx_word' id='word_1_83' title='bbox 1591 884 1847 952; x_wconf 77' lang='lat' dir='ltr'>OthoniS‚</span> <span class='ocrx_word' id='word_1_84' title='bbox 1877 888 2124 941; x_wconf 89' lang='lat' dir='ltr'>nomina-</span> 
     </span>
     <span class='ocr_line' id='line_1_12' title="bbox 319 956 2124 1027; baseline 0.001 -17"><span class='ocrx_word' id='word_1_85' title='bbox 319 958 421 1010; x_wconf 81' lang='lat' dir='ltr'>tim</span> <span class='ocrx_word' id='word_1_86' title='bbox 449 957 504 1010; x_wconf 92' lang='lat' dir='ltr'>in</span> <span class='ocrx_word' id='word_1_87' title='bbox 531 958 740 1010; x_wconf 77' lang='lat' dir='ltr'>eaedem</span> <span class='ocrx_word' id='word_1_88' title='bbox 779 956 897 1027; x_wconf 88' lang='lat' dir='ltr'>ejus</span> <span class='ocrx_word' id='word_1_89' title='bbox 936 956 1201 1020; x_wconf 76' lang='lat' dir='ltr'>ardente8‚</span> <span class='ocrx_word' id='word_1_90' title='bbox 1241 956 1513 1026; x_wconf 89' lang='lat' dir='ltr'>Sulpicius</span> <span class='ocrx_word' id='word_1_91' title='bbox 1555 956 1763 1022; x_wconf 88' lang='lat' dir='ltr'>Florus,</span> <span class='ocrx_word' id='word_1_92' title='bbox 1786 976 1816 1010; x_wconf 90' lang='lat' dir='ltr'>e</span> <span class='ocrx_word' id='word_1_93' title='bbox 1847 957 2124 1012; x_wconf 78' lang='lat' dir='ltr'>Britanni-</span> 
     </span>
     <span class='ocr_line' id='line_1_13' title="bbox 320 1027 2124 1100; baseline 0.002 -19"><span class='ocrx_word' id='word_1_94' title='bbox 320 1028 399 1081; x_wconf 85' lang='lat' dir='ltr'>cis</span> <span class='ocrx_word' id='word_1_95' title='bbox 422 1029 763 1094; x_wconf 68' lang='lat' dir='ltr'>cohortibus»,</span> <span class='ocrx_word' id='word_1_96' title='bbox 801 1047 972 1100; x_wconf 85' lang='lat' dir='ltr'>nuper</span> <span class='ocrx_word' id='word_1_97' title='bbox 1009 1047 1040 1080; x_wconf 87' lang='lat' dir='ltr'>a</span> <span class='ocrx_word' id='word_1_98' title='bbox 1068 1027 1246 1080; x_wconf 85' lang='lat' dir='ltr'>Galba</span> <span class='ocrx_word' id='word_1_99' title='bbox 1282 1028 1504 1080; x_wconf 87' lang='lat' dir='ltr'>civitate</span> <span class='ocrx_word' id='word_1_100' title='bbox 1537 1028 1790 1094; x_wconf 75' lang='lat' dir='ltr'>donatuS,</span> <span class='ocrx_word' id='word_1_101' title='bbox 1823 1041 1879 1082; x_wconf 88' lang='lat' dir='ltr'>et</span> <span class='ocrx_word' id='word_1_102' title='bbox 1919 1030 2124 1083; x_wconf 77' lang='lat' dir='ltr'>Statius</span> 
     </span>
     <span class='ocr_line' id='line_1_14' title="bbox 323 1099 2127 1172; baseline 0.001 -19"><span class='ocrx_word' id='word_1_103' title='bbox 323 1099 573 1166; x_wconf 67' lang='lat' dir='ltr'>Murem,</span> <span class='ocrx_word' id='word_1_104' title='bbox 614 1100 949 1172; x_wconf 85' lang='lat' dir='ltr'>speculator:</span> <span class='ocrx_word' id='word_1_105' title='bbox 990 1118 1020 1152; x_wconf 90' lang='lat' dir='ltr'>a</span> <span class='ocrx_word' id='word_1_106' title='bbox 1057 1099 1254 1168; x_wconf 87' lang='lat' dir='ltr'>quibus</span> <span class='ocrx_word' id='word_1_107' title='bbox 1295 1108 1599 1171; x_wconf 89' lang='lat' dir='ltr'>protractus</span> <span class='ocrx_word' id='word_1_108' title='bbox 1642 1100 1790 1165; x_wconf 89' lang='lat' dir='ltr'>Piso,</span> <span class='ocrx_word' id='word_1_109' title='bbox 1826 1101 1883 1154; x_wconf 87' lang='lat' dir='ltr'>in</span> <span class='ocrx_word' id='word_1_110' title='bbox 1918 1101 2127 1155; x_wconf 88' lang='lat' dir='ltr'>foribus</span> 
     </span>
     <span class='ocr_line' id='line_1_15' title="bbox 206 1170 2128 1246; baseline 0.001 -22"><span class='ocrx_word' id='word_1_111' title='bbox 206 1174 311 1225; x_wconf 73' lang='grc'>’44</span> <span class='ocrx_word' id='word_1_112' title='bbox 327 1172 514 1246; x_wconf 88' lang='lat' dir='ltr'>templi</span> <span class='ocrx_word' id='word_1_113' title='bbox 565 1172 884 1225; x_wconf 86' lang='lat' dir='ltr'>trucidatur.</span> <span class='ocrx_word' id='word_1_114' title='bbox 960 1170 1180 1224; x_wconf 85' lang='lat' dir='ltr'>Nullam</span> <span class='ocrx_word' id='word_1_115' title='bbox 1227 1171 1435 1224; x_wconf 86' lang='lat' dir='ltr'>caedem</span> <span class='ocrx_word' id='word_1_116' title='bbox 1483 1171 1635 1224; x_wconf 85' lang='lat' dir='ltr'>Otho</span> <span class='ocrx_word' id='word_1_117' title='bbox 1677 1172 1884 1242; x_wconf 86' lang='lat' dir='ltr'>majore</span> <span class='ocrx_word' id='word_1_118' title='bbox 1933 1173 2128 1227; x_wconf 80' lang='lat' dir='ltr'>laetitia</span> 
     </span>
     <span class='ocr_line' id='line_1_16' title="bbox 322 1242 2128 1316; baseline 0 -18"><span class='ocrx_word' id='word_1_119' title='bbox 322 1246 622 1316; x_wconf 84' lang='lat' dir='ltr'>excepisse,</span> <span class='ocrx_word' id='word_1_120' title='bbox 664 1243 871 1296; x_wconf 89' lang='lat' dir='ltr'>nullum</span> <span class='ocrx_word' id='word_1_121' title='bbox 911 1255 1078 1314; x_wconf 85' lang='lat' dir='ltr'>caput</span> <span class='ocrx_word' id='word_1_122' title='bbox 1129 1255 1239 1295; x_wconf 88' lang='lat' dir='ltr'>tam</span> <span class='ocrx_word' id='word_1_123' title='bbox 1288 1242 1686 1296; x_wconf 85' lang='lat' dir='ltr'>insatiabilibus</span> <span class='ocrx_word' id='word_1_124' title='bbox 1734 1243 1905 1297; x_wconf 87' lang='lat' dir='ltr'>oculis</span> <span class='ocrx_word' id='word_1_125' title='bbox 1952 1246 2128 1316; x_wconf 87' lang='lat' dir='ltr'>perlu-</span> 
     </span>
     <span class='ocr_line' id='line_1_17' title="bbox 319 1312 2128 1386; baseline 0.001 -17"><span class='ocrx_word' id='word_1_126' title='bbox 319 1327 516 1370; x_wconf 86' lang='lat' dir='ltr'>strasse</span> <span class='ocrx_word' id='word_1_127' title='bbox 542 1317 773 1369; x_wconf 87' lang='lat' dir='ltr'>dicitur:</span> <span class='ocrx_word' id='word_1_128' title='bbox 814 1334 907 1367; x_wconf 89' lang='lat' dir='ltr'>seu</span> <span class='ocrx_word' id='word_1_129' title='bbox 947 1327 1063 1367; x_wconf 89' lang='lat' dir='ltr'>tum</span> <span class='ocrx_word' id='word_1_130' title='bbox 1102 1312 1338 1386; x_wconf 85' lang='lat' dir='ltr'>primum</span> <span class='ocrx_word' id='word_1_131' title='bbox 1375 1315 1553 1367; x_wconf 84' lang='lat' dir='ltr'>levata</span> <span class='ocrx_word' id='word_1_132' title='bbox 1577 1314 1726 1368; x_wconf 89' lang='lat' dir='ltr'>omni</span> <span class='ocrx_word' id='word_1_133' title='bbox 1765 1315 2128 1370; x_wconf 89' lang='lat' dir='ltr'>sollicitudine</span> 
     </span>
    </p>
   </div>
   <div class='ocr_carea' id='block_1_2' title="bbox 317 1386 2127 1459">
    <p class='ocr_par' dir='ltr' id='par_1_2' title="bbox 317 1386 2127 1459">
     <span class='ocr_line' id='line_1_18' title="bbox 317 1386 2127 1459; baseline 0 -17"><span class='ocrx_word' id='word_1_134' title='bbox 317 1405 472 1444; x_wconf 83' lang='lat' dir='ltr'>mens</span> <span class='ocrx_word' id='word_1_135' title='bbox 500 1404 691 1443; x_wconf 83' lang='lat' dir='ltr'>vacare</span> <span class='ocrx_word' id='word_1_136' title='bbox 716 1387 916 1459; x_wconf 87' lang='lat' dir='ltr'>gaudio</span> <span class='ocrx_word' id='word_1_137' title='bbox 945 1395 1221 1458; x_wconf 87' lang='lat' dir='ltr'>coeperat:</span> <span class='ocrx_word' id='word_1_138' title='bbox 1261 1404 1355 1439; x_wconf 90' lang='lat' dir='ltr'>seu</span> <span class='ocrx_word' id='word_1_139' title='bbox 1391 1387 1693 1440; x_wconf 82' lang='lat' dir='ltr'>recordatio</span> <span class='ocrx_word' id='word_1_140' title='bbox 1731 1386 2033 1458; x_wconf 84' lang='lat' dir='ltr'>majestatis</span> <span class='ocrx_word' id='word_1_141' title='bbox 2071 1389 2127 1442; x_wconf 87' lang='lat' dir='ltr'>in</span> 
     </span>
    </p>
   </div>
   <div class='ocr_carea' id='block_1_3' title="bbox 318 1503 2130 1635">
    <p class='ocr_par' dir='ltr' id='par_1_3' title="bbox 318 1503 2130 1635">
     <span class='ocr_line' id='line_1_19' title="bbox 371 1503 2127 1584; baseline 0 -14"><span class='ocrx_word' id='word_1_142' title='bbox 371 1533 487 1572; x_wconf 71' lang='lat' dir='ltr'>Julio</span> <span class='ocrx_word' id='word_1_143' title='bbox 507 1531 624 1584; x_wconf 84' lang='lat' dir='ltr'>Caro]</span> <span class='ocrx_word' id='word_1_144' title='bbox 657 1532 719 1570; x_wconf 84' lang='lat' dir='ltr'>Sic</span> <span class='ocrx_word' id='word_1_145' title='bbox 737 1531 849 1571; x_wconf 87' lang='lat' dir='ltr'>MSS.</span> <span class='ocrx_word' id='word_1_146' title='bbox 875 1503 980 1571; x_wconf 63' lang='lat' dir='ltr'>Florss</span> <span class='ocrx_word' id='word_1_147' title='bbox 997 1531 1130 1569; x_wconf 85' lang='lat' dir='ltr'>Guelf.</span> <span class='ocrx_word' id='word_1_148' title='bbox 1156 1534 1200 1568; x_wconf 81' lang='lat' dir='ltr'>at</span> <span class='ocrx_word' id='word_1_149' title='bbox 1252 1538 1460 1583; x_wconf 82' lang='lat' dir='ltr'>motusque</span> <span class='ocrx_word' id='word_1_150' title='bbox 1487 1532 1542 1570; x_wconf 82' lang='lat' dir='ltr'>sit</span> <span class='ocrx_word' id='word_1_151' title='bbox 1568 1531 1758 1570; x_wconf 70' lang='lat' dir='ltr'>beneficio</span> <span class='ocrx_word' id='word_1_152' title='bbox 1790 1532 1964 1571; x_wconf 78' lang='lat' dir='ltr'>Pisonis:</span> <span class='ocrx_word' id='word_1_153' title='bbox 2007 1536 2127 1581; x_wconf 71' lang='lat' dir='ltr'>atque</span> 
     </span>
     <span class='ocr_line' id='line_1_20' title="bbox 318 1584 2130 1635; baseline 0.001 -13"><span class='ocrx_word' id='word_1_154' title='bbox 318 1586 408 1626; x_wconf 86' lang='lat' dir='ltr'>edd.</span> <span class='ocrx_word' id='word_1_155' title='bbox 450 1591 543 1625; x_wconf 80' lang='lat' dir='ltr'>ante</span> <span class='ocrx_word' id='word_1_156' title='bbox 579 1589 708 1626; x_wconf 79' lang='lat' dir='ltr'>Rhen.</span> <span class='ocrx_word' id='word_1_157' title='bbox 754 1584 884 1626; x_wconf 64' lang='lat' dir='ltr'>Gan-to.</span> <span class='ocrx_word' id='word_1_158' title='bbox 927 1586 1038 1626; x_wconf 71' lang='lat' dir='ltr'>ERN.</span> <span class='ocrx_word' id='word_1_159' title='bbox 1091 1586 1196 1626; x_wconf 88' lang='lat' dir='ltr'>Bud.</span> <span class='ocrx_word' id='word_1_160' title='bbox 1252 1585 1312 1623; x_wconf 84' lang='lat' dir='ltr'>ita.</span> <span class='ocrx_word' id='word_1_161' title='bbox 1337 1587 1493 1625; x_wconf 77' lang='lat' dir='ltr'>additus</span> <span class='ocrx_word' id='word_1_162' title='bbox 1523 1587 1771 1635; x_wconf 87' lang='lat' dir='ltr'>insertusque</span> <span class='ocrx_word' id='word_1_163' title='bbox 1804 1587 2000 1625; x_wconf 76' lang='lat' dir='ltr'>custodiae.</span> <span class='ocrx_word' id='word_1_164' title='bbox 2053 1588 2130 1624; x_wconf 83' lang='lat' dir='ltr'>Vix</span> 
     </span>
    </p>
   </div>
   <div class='ocr_carea' id='block_1_4' title="bbox 318 1641 1209 3592">
    <p class='ocr_par' dir='ltr' id='par_1_4' title="bbox 322 1641 455 1680">
     <span class='ocr_line' id='line_1_21' title="bbox 322 1641 455 1680; baseline 0.015 -2"><span class='ocrx_word' id='word_1_165' title='bbox 322 1641 455 1680; x_wconf 78' lang='lat' dir='ltr'>Cario.</span> 
     </span>
    </p>

    <p class='ocr_par' dir='ltr' id='par_1_5' title="bbox 318 1693 1203 2234">
     <span class='ocr_line' id='line_1_22' title="bbox 338 1693 1195 1747; baseline -0.004 -13"><span class='ocrx_word' id='word_1_166' title='bbox 338 1715 346 1720; x_wconf 82' lang='grc'><em>·</em></span> <span class='ocrx_word' id='word_1_167' title='bbox 377 1697 429 1734; x_wconf 77' lang='lat' dir='ltr'>In</span> <span class='ocrx_word' id='word_1_168' title='bbox 466 1702 670 1747; x_wconf 57' lang='lat' dir='ltr'>utramnque</span> <span class='ocrx_word' id='word_1_169' title='bbox 713 1697 819 1734; x_wconf 76' lang='lat' dir='ltr'>latus</span> <span class='ocrx_word' id='word_1_170' title='bbox 850 1693 1195 1745; x_wconf 71' lang='lat' dir='ltr'>transverberatur]</span> 
     </span>
     <span class='ocr_line' id='line_1_23' title="bbox 320 1749 1200 1804; baseline -0.001 -17"><span class='ocrx_word' id='word_1_171' title='bbox 320 1749 504 1799; x_wconf 80' lang='lat' dir='ltr'>Suspicor</span> <span class='ocrx_word' id='word_1_172' title='bbox 533 1750 846 1804; x_wconf 64' lang='lat' dir='ltr'>praemsitionem</span> <span class='ocrx_word' id='word_1_173' title='bbox 873 1760 953 1792; x_wconf 83' lang='lat' dir='ltr'>non</span> <span class='ocrx_word' id='word_1_174' title='bbox 970 1761 1054 1787; x_wconf 79' lang='lat' dir='ltr'>esse</span> <span class='ocrx_word' id='word_1_175' title='bbox 1080 1761 1106 1785; x_wconf 85' lang='lat' dir='ltr'>a</span> <span class='ocrx_word' id='word_1_176' title='bbox 1120 1749 1200 1788; x_wconf 79' lang='lat' dir='ltr'>Ta·</span> 
     </span>
     <span class='ocr_line' id='line_1_24' title="bbox 318 1803 1200 1854; baseline 0 -14"><span class='ocrx_word' id='word_1_177' title='bbox 318 1804 411 1842; x_wconf 84' lang='lat' dir='ltr'>cito.</span> <span class='ocrx_word' id='word_1_178' title='bbox 430 1804 514 1844; x_wconf 82' lang='lat' dir='ltr'>Liv.</span> <span class='ocrx_word' id='word_1_179' title='bbox 532 1808 599 1850; x_wconf 81' lang='lat'>21,</span> <span class='ocrx_word' id='word_1_180' title='bbox 619 1811 656 1846; x_wconf 86' lang='grc'>7.</span> <span class='ocrx_word' id='word_1_181' title='bbox 673 1806 875 1845; x_wconf 77' lang='lat' dir='ltr'>adversum</span> <span class='ocrx_word' id='word_1_182' title='bbox 882 1803 1022 1854; x_wconf 80' lang='lat' dir='ltr'>femur</span> <span class='ocrx_word' id='word_1_183' title='bbox 1035 1804 1200 1853; x_wconf 78' lang='lat' dir='ltr'>tragula</span> 
     </span>
     <span class='ocr_line' id='line_1_25' title="bbox 318 1857 1200 1907; baseline 0 -12"><span class='ocrx_word' id='word_1_184' title='bbox 318 1860 499 1907; x_wconf 73' lang='lat' dir='ltr'>graviter</span> <span class='ocrx_word' id='word_1_185' title='bbox 535 1859 650 1897; x_wconf 68' lang='lat' dir='ltr'>ictus.</span> <span class='ocrx_word' id='word_1_186' title='bbox 705 1861 856 1899; x_wconf 84' lang='lat' dir='ltr'>Auctor</span> <span class='ocrx_word' id='word_1_187' title='bbox 889 1857 1067 1897; x_wconf 84' lang='lat' dir='ltr'>Africani</span> <span class='ocrx_word' id='word_1_188' title='bbox 1107 1857 1200 1895; x_wconf 88' lang='lat' dir='ltr'>belli</span> 
     </span>
     <span class='ocr_line' id='line_1_26' title="bbox 320 1913 1200 1963; baseline 0.003 -14"><span class='ocrx_word' id='word_1_189' title='bbox 320 1923 358 1949; x_wconf 83' lang='lat' dir='ltr'>c.</span> <span class='ocrx_word' id='word_1_190' title='bbox 391 1918 456 1953; x_wconf 82' lang='lat'>78.</span> <span class='ocrx_word' id='word_1_191' title='bbox 490 1913 575 1963; x_wconf 81' lang='lat' dir='ltr'>pilo</span> <span class='ocrx_word' id='word_1_192' title='bbox 603 1925 676 1963; x_wconf 83' lang='lat' dir='ltr'>per</span> <span class='ocrx_word' id='word_1_193' title='bbox 713 1914 898 1953; x_wconf 72' lang='lat' dir='ltr'>cassidem</span> <span class='ocrx_word' id='word_1_194' title='bbox 933 1919 1051 1963; x_wconf 75' lang='lat' dir='ltr'>caput</span> <span class='ocrx_word' id='word_1_195' title='bbox 1084 1913 1200 1952; x_wconf 73' lang='lat' dir='ltr'>ieeur.</span> 
     </span>
     <span class='ocr_line' id='line_1_27' title="bbox 321 1967 1202 2018; baseline 0.001 -15"><span class='ocrx_word' id='word_1_196' title='bbox 321 1967 430 2005; x_wconf 82' lang='lat' dir='ltr'>Idem</span> <span class='ocrx_word' id='word_1_197' title='bbox 461 1972 526 2006; x_wconf 78' lang='lat'>85.</span> <span class='ocrx_word' id='word_1_198' title='bbox 568 1968 701 2018; x_wconf 78' lang='lat' dir='ltr'>Rufus</span> <span class='ocrx_word' id='word_1_199' title='bbox 724 1969 923 2008; x_wconf 76' lang='lat' dir='ltr'>brachium</span> <span class='ocrx_word' id='word_1_200' title='bbox 949 1967 1090 2016; x_wconf 75' lang='lat' dir='ltr'>gladio</span> <span class='ocrx_word' id='word_1_201' title='bbox 1112 1979 1202 2017; x_wconf 74' lang='lat' dir='ltr'>per-</span> 
     </span>
     <span class='ocr_line' id='line_1_28' title="bbox 320 2022 1203 2071; baseline 0.002 -13"><span class='ocrx_word' id='word_1_202' title='bbox 320 2033 469 2061; x_wconf 72' lang='lat' dir='ltr'>cussus.</span> <span class='ocrx_word' id='word_1_203' title='bbox 534 2022 746 2062; x_wconf 75' lang='lat' dir='ltr'>Suetonius</span> <span class='ocrx_word' id='word_1_204' title='bbox 778 2024 883 2071; x_wconf 81' lang='lat' dir='ltr'>Aug.</span> <span class='ocrx_word' id='word_1_205' title='bbox 924 2027 991 2060; x_wconf 81' lang='lat'>20.</span> <span class='ocrx_word' id='word_1_206' title='bbox 1034 2034 1124 2059; x_wconf 77' lang='lat' dir='ltr'>cras</span> <span class='ocrx_word' id='word_1_207' title='bbox 1165 2027 1203 2060; x_wconf 77' lang='lat' dir='ltr'>et</span> 
     </span>
     <span class='ocr_line' id='line_1_29' title="bbox 321 2077 1201 2127; baseline 0.001 -14"><span class='ocrx_word' id='word_1_208' title='bbox 321 2081 527 2127; x_wconf 73' lang='lat' dir='ltr'>utrumque</span> <span class='ocrx_word' id='word_1_209' title='bbox 545 2077 745 2115; x_wconf 75' lang='lat' dir='ltr'>brachium</span> <span class='ocrx_word' id='word_1_210' title='bbox 762 2078 1046 2116; x_wconf 64' lang='lat' dir='ltr'>consauciatur.</span> <span class='ocrx_word' id='word_1_211' title='bbox 1063 2077 1201 2114; x_wconf 69' lang='lat' dir='ltr'>Giton.</span> 
     </span>
     <span class='ocr_line' id='line_1_30' title="bbox 322 2129 1202 2171; baseline 0 -4"><span class='ocrx_word' id='word_1_212' title='bbox 322 2129 385 2167; x_wconf 85' lang='lat' dir='ltr'>Sic</span> <span class='ocrx_word' id='word_1_213' title='bbox 403 2131 527 2168; x_wconf 79' lang='lat' dir='ltr'>visum</span> <span class='ocrx_word' id='word_1_214' title='bbox 547 2136 588 2168; x_wconf 86' lang='lat' dir='ltr'>et</span> <span class='ocrx_word' id='word_1_215' title='bbox 612 2131 793 2171; x_wconf 81' lang='lat' dir='ltr'>Heinsio.</span> <span class='ocrx_word' id='word_1_216' title='bbox 826 2132 973 2169; x_wconf 84' lang='lat' dir='ltr'>Verum</span> <span class='ocrx_word' id='word_1_217' title='bbox 993 2133 1066 2168; x_wconf 83' lang='lat' dir='ltr'>est.</span> <span class='ocrx_word' id='word_1_218' title='bbox 1093 2130 1202 2168; x_wconf 72' lang='lat' dir='ltr'>ERN.</span> 
     </span>
     <span class='ocr_line' id='line_1_31' title="bbox 322 2185 711 2234; baseline 0 -10"><span class='ocrx_word' id='word_1_219' title='bbox 322 2185 459 2224; x_wconf 63' lang='lat' dir='ltr'>Recte.</span> <span class='ocrx_word' id='word_1_220' title='bbox 485 2185 549 2225; x_wconf 83' lang='lat' dir='ltr'>Sic</span> <span class='ocrx_word' id='word_1_221' title='bbox 566 2190 607 2223; x_wconf 88' lang='lat' dir='ltr'>et</span> <span class='ocrx_word' id='word_1_222' title='bbox 622 2186 711 2234; x_wconf 87' lang='lat' dir='ltr'>Bip.</span> 
     </span>
    </p>

    <p class='ocr_par' dir='ltr' id='par_1_6' title="bbox 323 2237 1209 3592">
     <span class='ocr_line' id='line_1_32' title="bbox 380 2237 1201 2280; baseline -0.001 -4"><span class='ocrx_word' id='word_1_223' title='bbox 380 2241 561 2278; x_wconf 74' lang='lat' dir='ltr'>Centurio</span> <span class='ocrx_word' id='word_1_224' title='bbox 579 2241 614 2278; x_wconf 75' lang='lat' dir='ltr'>is</span> <span class='ocrx_word' id='word_1_225' title='bbox 633 2240 839 2278; x_wconf 63' lang='lat' dir='ltr'>Pretoriae</span> <span class='ocrx_word' id='word_1_226' title='bbox 856 2239 1020 2280; x_wconf 70' lang='lat' dir='ltr'>cohortis</span> <span class='ocrx_word' id='word_1_227' title='bbox 1037 2239 1090 2275; x_wconf 82' lang='lat' dir='ltr'>ad</span> <span class='ocrx_word' id='word_1_228' title='bbox 1110 2237 1201 2275; x_wconf 79' lang='lat' dir='ltr'>Gal·</span> 
     </span>
     <span class='ocr_line' id='line_1_33' title="bbox 323 2291 1203 2342; baseline -0.001 -11"><span class='ocrx_word' id='word_1_229' title='bbox 323 2292 381 2331; x_wconf 83' lang='lat' dir='ltr'>boe</span> <span class='ocrx_word' id='word_1_230' title='bbox 404 2294 621 2332; x_wconf 74' lang='lat' dir='ltr'>custodiam</span> <span class='ocrx_word' id='word_1_231' title='bbox 647 2307 672 2331; x_wconf 82' lang='lat' dir='ltr'>a</span> <span class='ocrx_word' id='word_1_232' title='bbox 699 2295 843 2333; x_wconf 79' lang='lat' dir='ltr'>Pisone</span> <span class='ocrx_word' id='word_1_233' title='bbox 866 2292 1042 2342; x_wconf 71' lang='lat' dir='ltr'>additus]</span> <span class='ocrx_word' id='word_1_234' title='bbox 1075 2291 1203 2330; x_wconf 82' lang='lat' dir='ltr'>Aliter</span> 
     </span>
     <span class='ocr_line' id='line_1_34' title="bbox 323 2348 1202 2397; baseline 0.001 -13"><span class='ocrx_word' id='word_1_235' title='bbox 323 2351 514 2397; x_wconf 79' lang='lat' dir='ltr'>concepta</span> <span class='ocrx_word' id='word_1_236' title='bbox 527 2348 644 2385; x_wconf 83' lang='lat' dir='ltr'>lectio</span> <span class='ocrx_word' id='word_1_237' title='bbox 661 2349 702 2385; x_wconf 89' lang='lat' dir='ltr'>in</span> <span class='ocrx_word' id='word_1_238' title='bbox 728 2349 906 2387; x_wconf 70' lang='lat' dir='ltr'>Fau-nesii</span> <span class='ocrx_word' id='word_1_239' title='bbox 924 2348 1076 2385; x_wconf 84' lang='lat' dir='ltr'>codice:</span> <span class='ocrx_word' id='word_1_240' title='bbox 1109 2348 1202 2385; x_wconf 80' lang='lat' dir='ltr'>Cen-</span> 
     </span>
     <span class='ocr_line' id='line_1_35' title="bbox 323 2402 1204 2440; baseline 0 -1"><span class='ocrx_word' id='word_1_241' title='bbox 323 2403 430 2440; x_wconf 70' lang='lat' dir='ltr'>turio</span> <span class='ocrx_word' id='word_1_242' title='bbox 454 2403 490 2440; x_wconf 70' lang='lat' dir='ltr'>is</span> <span class='ocrx_word' id='word_1_243' title='bbox 513 2402 716 2440; x_wconf 70' lang='lat' dir='ltr'>Proeeorioe</span> <span class='ocrx_word' id='word_1_244' title='bbox 745 2415 792 2439; x_wconf 83' lang='lat' dir='ltr'>ac</span> <span class='ocrx_word' id='word_1_245' title='bbox 819 2403 951 2440; x_wconf 72' lang='lat' dir='ltr'>Galba</span> <span class='ocrx_word' id='word_1_246' title='bbox 967 2402 1151 2440; x_wconf 65' lang='lat' dir='ltr'>custodite</span> <span class='ocrx_word' id='word_1_247' title='bbox 1179 2414 1204 2439; x_wconf 85' lang='lat' dir='ltr'>a</span> 
     </span>
     <span class='ocr_line' id='line_1_36' title="bbox 325 2455 1205 2504; baseline -0.002 -10"><span class='ocrx_word' id='word_1_248' title='bbox 325 2455 470 2494; x_wconf 50' lang='lat' dir='ltr'>1²:301ae</span> <span class='ocrx_word' id='word_1_249' title='bbox 484 2456 654 2494; x_wconf 69' lang='lat' dir='ltr'>additus.</span> <span class='ocrx_word' id='word_1_250' title='bbox 700 2458 800 2498; x_wconf 83' lang='lat' dir='ltr'>Quae</span> <span class='ocrx_word' id='word_1_251' title='bbox 819 2457 968 2494; x_wconf 88' lang='lat' dir='ltr'>utravis</span> <span class='ocrx_word' id='word_1_252' title='bbox 984 2462 1117 2493; x_wconf 77' lang='lat' dir='ltr'>tamen</span> <span class='ocrx_word' id='word_1_253' title='bbox 1135 2466 1205 2504; x_wconf 84' lang='lat' dir='ltr'>pa.-</span> 
     </span>
     <span class='ocr_line' id='line_1_37' title="bbox 324 2510 1204 2552; baseline -0.002 -4"><span class='ocrx_word' id='word_1_254' title='bbox 324 2521 415 2549; x_wconf 85' lang='lat' dir='ltr'>rum</span> <span class='ocrx_word' id='word_1_255' title='bbox 431 2510 527 2547; x_wconf 85' lang='lat' dir='ltr'>mihi</span> <span class='ocrx_word' id='word_1_256' title='bbox 551 2514 669 2548; x_wconf 81' lang='lat' dir='ltr'>certa.</span> <span class='ocrx_word' id='word_1_257' title='bbox 724 2511 833 2552; x_wconf 81' lang='lat' dir='ltr'>Quid</span> <span class='ocrx_word' id='word_1_258' title='bbox 861 2510 993 2548; x_wconf 77' lang='lat' dir='ltr'>enim?</span> <span class='ocrx_word' id='word_1_259' title='bbox 1023 2522 1048 2546; x_wconf 83' lang='lat' dir='ltr'>a</span> <span class='ocrx_word' id='word_1_260' title='bbox 1065 2510 1204 2547; x_wconf 85' lang='lat' dir='ltr'>Pisone</span> 
     </span>
     <span class='ocr_line' id='line_1_38' title="bbox 324 2564 1205 2614; baseline 0.001 -13"><span class='ocrx_word' id='word_1_261' title='bbox 324 2566 456 2603; x_wconf 81' lang='lat' dir='ltr'>custos</span> <span class='ocrx_word' id='word_1_262' title='bbox 486 2565 550 2602; x_wconf 86' lang='lat' dir='ltr'>hic</span> <span class='ocrx_word' id='word_1_263' title='bbox 580 2564 714 2602; x_wconf 84' lang='lat' dir='ltr'>Galba:</span> <span class='ocrx_word' id='word_1_264' title='bbox 736 2565 968 2614; x_wconf 82' lang='lat' dir='ltr'>appositus?</span> <span class='ocrx_word' id='word_1_265' title='bbox 999 2564 1205 2605; x_wconf 80' lang='lat' dir='ltr'>Quomodo</span> 
     </span>
     <span class='ocr_line' id='line_1_39' title="bbox 325 2619 1206 2668; baseline 0 -12"><span class='ocrx_word' id='word_1_266' title='bbox 325 2619 458 2668; x_wconf 78' lang='lat' dir='ltr'>potuit</span> <span class='ocrx_word' id='word_1_267' title='bbox 474 2623 548 2657; x_wconf 77' lang='lat' dir='ltr'>aut</span> <span class='ocrx_word' id='word_1_268' title='bbox 573 2619 740 2656; x_wconf 82' lang='lat' dir='ltr'>debuit?</span> <span class='ocrx_word' id='word_1_269' title='bbox 772 2631 862 2657; x_wconf 90' lang='lat' dir='ltr'>cum</span> <span class='ocrx_word' id='word_1_270' title='bbox 879 2619 1013 2658; x_wconf 81' lang='lat' dir='ltr'>Gatbae</span> <span class='ocrx_word' id='word_1_271' title='bbox 1031 2630 1140 2664; x_wconf 86' lang='lat' dir='ltr'>sane,</span> <span class='ocrx_word' id='word_1_272' title='bbox 1161 2622 1206 2656; x_wconf 86' lang='lat' dir='ltr'>ut</span> 
     </span>
     <span class='ocr_line' id='line_1_40' title="bbox 324 2674 1206 2723; baseline -0.001 -13"><span class='ocrx_word' id='word_1_273' title='bbox 324 2674 515 2723; x_wconf 80' lang='lat' dir='ltr'>Principi,</span> <span class='ocrx_word' id='word_1_274' title='bbox 539 2674 705 2721; x_wconf 86' lang='lat' dir='ltr'>legitimi</span> <span class='ocrx_word' id='word_1_275' title='bbox 736 2675 798 2711; x_wconf 87' lang='lat' dir='ltr'>sui</span> <span class='ocrx_word' id='word_1_276' title='bbox 825 2675 1003 2711; x_wconf 78' lang='lat' dir='ltr'>custodes</span> <span class='ocrx_word' id='word_1_277' title='bbox 1025 2677 1066 2710; x_wconf 86' lang='lat' dir='ltr'>et</span> <span class='ocrx_word' id='word_1_278' title='bbox 1083 2674 1206 2722; x_wconf 79' lang='lat' dir='ltr'>stipa-</span> 
     </span>
     <span class='ocr_line' id='line_1_41' title="bbox 326 2729 1206 2778; baseline -0.001 -14"><span class='ocrx_word' id='word_1_279' title='bbox 326 2733 431 2766; x_wconf 77' lang='lat' dir='ltr'>tores</span> <span class='ocrx_word' id='word_1_280' title='bbox 447 2729 610 2766; x_wconf 80' lang='lat' dir='ltr'>fuerint.</span> <span class='ocrx_word' id='word_1_281' title='bbox 663 2729 860 2778; x_wconf 87' lang='lat' dir='ltr'>Denique,</span> <span class='ocrx_word' id='word_1_282' title='bbox 888 2729 992 2766; x_wconf 88' lang='lat' dir='ltr'>unde</span> <span class='ocrx_word' id='word_1_283' title='bbox 1010 2738 1056 2764; x_wconf 81' lang='lat' dir='ltr'>ea</span> <span class='ocrx_word' id='word_1_284' title='bbox 1071 2731 1206 2765; x_wconf 86' lang='lat' dir='ltr'>aucto-</span> 
     </span>
     <span class='ocr_line' id='line_1_42' title="bbox 327 2781 1202 2832; baseline -0.002 -13"><span class='ocrx_word' id='word_1_285' title='bbox 327 2783 425 2820; x_wconf 82' lang='lat' dir='ltr'>ritas</span> <span class='ocrx_word' id='word_1_286' title='bbox 440 2782 598 2823; x_wconf 66' lang='lat' dir='ltr'>Pisoni?</span> <span class='ocrx_word' id='word_1_287' title='bbox 615 2781 797 2821; x_wconf 74' lang='lat' dir='ltr'>Tacitum</span> <span class='ocrx_word' id='word_1_288' title='bbox 811 2783 931 2820; x_wconf 80' lang='lat' dir='ltr'>etiam</span> <span class='ocrx_word' id='word_1_289' title='bbox 947 2783 1076 2832; x_wconf 78' lang='lat' dir='ltr'>ipsum</span> <span class='ocrx_word' id='word_1_290' title='bbox 1094 2782 1202 2830; x_wconf 75' lang='lat' dir='ltr'>lege:</span> 
     </span>
     <span class='ocr_line' id='line_1_43' title="bbox 327 2836 1205 2886; baseline 0.001 -14"><span class='ocrx_word' id='word_1_291' title='bbox 327 2836 480 2875; x_wconf 72' lang='lat' dir='ltr'>videbis</span> <span class='ocrx_word' id='word_1_292' title='bbox 522 2837 627 2875; x_wconf 79' lang='lat' dir='ltr'>clare</span> <span class='ocrx_word' id='word_1_293' title='bbox 669 2837 942 2886; x_wconf 79' lang='lat' dir='ltr'>Sempronium</span> <span class='ocrx_word' id='word_1_294' title='bbox 982 2838 1088 2874; x_wconf 88' lang='lat' dir='ltr'>hunc</span> <span class='ocrx_word' id='word_1_295' title='bbox 1126 2847 1205 2874; x_wconf 91' lang='lat' dir='ltr'>non</span> 
     </span>
     <span class='ocr_line' id='line_1_44' title="bbox 329 2890 1205 2937; baseline -0.001 -9"><span class='ocrx_word' id='word_1_296' title='bbox 329 2890 465 2928; x_wconf 77' lang='lat' dir='ltr'>Galbae</span> <span class='ocrx_word' id='word_1_297' title='bbox 490 2895 678 2936; x_wconf 79' lang='lat' dir='ltr'>tutorem.</span> <span class='ocrx_word' id='word_1_298' title='bbox 703 2892 768 2929; x_wconf 83' lang='lat' dir='ltr'>sed</span> <span class='ocrx_word' id='word_1_299' title='bbox 787 2892 937 2929; x_wconf 80' lang='lat' dir='ltr'>Pisonis</span> <span class='ocrx_word' id='word_1_300' title='bbox 963 2892 1113 2937; x_wconf 74' lang='lat' dir='ltr'>fuisse3</span> <span class='ocrx_word' id='word_1_301' title='bbox 1141 2890 1205 2927; x_wconf 88' lang='lat' dir='ltr'>cui</span> 
     </span>
     <span class='ocr_line' id='line_1_45' title="bbox 329 2945 1207 2996; baseline 0.002 -16"><span class='ocrx_word' id='word_1_302' title='bbox 329 2945 506 2991; x_wconf 73' lang='lat' dir='ltr'>quamvis</span> <span class='ocrx_word' id='word_1_303' title='bbox 530 2945 735 2983; x_wconf 78' lang='lat' dir='ltr'>vulnerato</span> <span class='ocrx_word' id='word_1_304' title='bbox 752 2945 939 2994; x_wconf 82' lang='lat' dir='ltr'>effugium</span> <span class='ocrx_word' id='word_1_305' title='bbox 966 2945 1085 2984; x_wconf 84' lang='lat' dir='ltr'>etiam</span> <span class='ocrx_word' id='word_1_306' title='bbox 1109 2956 1207 2996; x_wconf 78' lang='lat' dir='ltr'>prae·</span> 
     </span>
     <span class='ocr_line' id='line_1_46' title="bbox 328 2997 1202 3050; baseline 0.001 -15"><span class='ocrx_word' id='word_1_307' title='bbox 328 2997 433 3036; x_wconf 83' lang='lat' dir='ltr'>buit.</span> <span class='ocrx_word' id='word_1_308' title='bbox 485 2999 612 3047; x_wconf 72' lang='lat' dir='ltr'>Igitur</span> <span class='ocrx_word' id='word_1_309' title='bbox 655 2999 893 3038; x_wconf 71' lang='lat' dir='ltr'>inclinabam</span> <span class='ocrx_word' id='word_1_310' title='bbox 932 3004 979 3037; x_wconf 88' lang='lat' dir='ltr'>ut</span> <span class='ocrx_word' id='word_1_311' title='bbox 1011 3000 1202 3050; x_wconf 75' lang='lat' dir='ltr'>legerem:</span> 
     </span>
     <span class='ocr_line' id='line_1_47' title="bbox 332 3053 1209 3099; baseline 0.001 -10"><span class='ocrx_word' id='word_1_312' title='bbox 332 3053 514 3090; x_wconf 75' lang='lat' dir='ltr'>Centurio</span> <span class='ocrx_word' id='word_1_313' title='bbox 537 3055 573 3090; x_wconf 72' lang='lat' dir='ltr'>is</span> <span class='ocrx_word' id='word_1_314' title='bbox 592 3053 793 3099; x_wconf 70' lang='lat' dir='ltr'>Praetorii,</span> <span class='ocrx_word' id='word_1_315' title='bbox 820 3066 847 3091; x_wconf 90' lang='lat' dir='ltr'>a</span> <span class='ocrx_word' id='word_1_316' title='bbox 877 3054 1002 3092; x_wconf 83' lang='lat' dir='ltr'>Galba</span> <span class='ocrx_word' id='word_1_317' title='bbox 1025 3054 1209 3091; x_wconf 73' lang='lat' dir='ltr'>custodioe</span> 
     </span>
     <span class='ocr_line' id='line_1_48' title="bbox 331 3106 1209 3146; baseline 0.002 -4"><span class='ocrx_word' id='word_1_318' title='bbox 331 3106 490 3144; x_wconf 65' lang='lat' dir='ltr'>Pisonis</span> <span class='ocrx_word' id='word_1_319' title='bbox 504 3107 675 3145; x_wconf 77' lang='lat' dir='ltr'>additus-</span> <span class='ocrx_word' id='word_1_320' title='bbox 702 3111 751 3146; x_wconf 82' lang='lat' dir='ltr'>ut</span> <span class='ocrx_word' id='word_1_321' title='bbox 776 3108 819 3145; x_wconf 89' lang='lat' dir='ltr'>in</span> <span class='ocrx_word' id='word_1_322' title='bbox 848 3107 916 3145; x_wconf 86' lang='lat' dir='ltr'>illo</span> <span class='ocrx_word' id='word_1_323' title='bbox 943 3112 1053 3146; x_wconf 84' lang='lat' dir='ltr'>motu</span> <span class='ocrx_word' id='word_1_324' title='bbox 1076 3119 1209 3144; x_wconf 85' lang='lat' dir='ltr'>rerum</span> 
     </span>
     <span class='ocr_line' id='line_1_49' title="bbox 330 3159 1209 3208; baseline 0 -10"><span class='ocrx_word' id='word_1_325' title='bbox 330 3159 474 3207; x_wconf 73' lang='lat' dir='ltr'>Galba,</span> <span class='ocrx_word' id='word_1_326' title='bbox 489 3161 537 3197; x_wconf 88' lang='lat' dir='ltr'>de</span> <span class='ocrx_word' id='word_1_327' title='bbox 553 3161 690 3199; x_wconf 78' lang='lat' dir='ltr'>Pisone</span> <span class='ocrx_word' id='word_1_328' title='bbox 706 3162 862 3208; x_wconf 82' lang='lat' dir='ltr'>anxius,</span> <span class='ocrx_word' id='word_1_329' title='bbox 880 3162 1072 3200; x_wconf 73' lang='lat' dir='ltr'>addiderit</span> <span class='ocrx_word' id='word_1_330' title='bbox 1087 3163 1125 3199; x_wconf 88' lang='lat' dir='ltr'>ei</span> <span class='ocrx_word' id='word_1_331' title='bbox 1142 3173 1209 3198; x_wconf 90' lang='lat' dir='ltr'>cu-</span> 
     </span>
     <span class='ocr_line' id='line_1_50' title="bbox 330 3214 1209 3265; baseline 0.005 -14"><span class='ocrx_word' id='word_1_332' title='bbox 330 3215 478 3252; x_wconf 79' lang='lat' dir='ltr'>stodem</span> <span class='ocrx_word' id='word_1_333' title='bbox 512 3216 805 3254; x_wconf 80' lang='lat' dir='ltr'>Centurionem.</span> <span class='ocrx_word' id='word_1_334' title='bbox 863 3216 950 3255; x_wconf 79' lang='lat' dir='ltr'>Hoc</span> <span class='ocrx_word' id='word_1_335' title='bbox 994 3214 1209 3265; x_wconf 77' lang='lat' dir='ltr'>probabile.</span> 
     </span>
     <span class='ocr_line' id='line_1_51' title="bbox 331 3269 1206 3318; baseline 0.002 -13"><span class='ocrx_word' id='word_1_336' title='bbox 331 3269 503 3306; x_wconf 77' lang='lat' dir='ltr'>sustinet</span> <span class='ocrx_word' id='word_1_337' title='bbox 519 3280 580 3305; x_wconf 91' lang='lat' dir='ltr'>me</span> <span class='ocrx_word' id='word_1_338' title='bbox 608 3274 743 3307; x_wconf 76' lang='lat' dir='ltr'>tamen</span> <span class='ocrx_word' id='word_1_339' title='bbox 766 3281 791 3306; x_wconf 80' lang='lat' dir='ltr'>a</span> <span class='ocrx_word' id='word_1_340' title='bbox 806 3269 922 3318; x_wconf 84' lang='lat' dir='ltr'>pleno</span> <span class='ocrx_word' id='word_1_341' title='bbox 938 3270 1105 3308; x_wconf 76' lang='lat' dir='ltr'>adsensu</span> <span class='ocrx_word' id='word_1_342' title='bbox 1129 3270 1206 3307; x_wconf 88' lang='lat' dir='ltr'>Dio</span> 
     </span>
     <span class='ocr_line' id='line_1_52' title="bbox 329 3322 1206 3373; baseline 0.002 -14"><span class='ocrx_word' id='word_1_343' title='bbox 329 3329 372 3359; x_wconf 84' lang='lat' dir='ltr'>et</span> <span class='ocrx_word' id='word_1_344' title='bbox 387 3322 640 3360; x_wconf 69' lang='lat' dir='ltr'>Plutarchus:</span> <span class='ocrx_word' id='word_1_345' title='bbox 669 3323 738 3373; x_wconf 87' lang='lat' dir='ltr'>qui</span> <span class='ocrx_word' id='word_1_346' title='bbox 765 3324 823 3362; x_wconf 78' lang='lat' dir='ltr'>ita</span> <span class='ocrx_word' id='word_1_347' title='bbox 839 3328 1019 3371; x_wconf 70' lang='lat' dir='ltr'>nunant,</span> <span class='ocrx_word' id='word_1_348' title='bbox 1037 3328 1083 3363; x_wconf 83' lang='lat' dir='ltr'>ut</span> <span class='ocrx_word' id='word_1_349' title='bbox 1100 3324 1206 3362; x_wconf 88' lang='lat' dir='ltr'>Sem-</span> 
     </span>
     <span class='ocr_line' id='line_1_53' title="bbox 331 3377 1208 3427; baseline 0.002 -13"><span class='ocrx_word' id='word_1_350' title='bbox 331 3377 493 3427; x_wconf 79' lang='lat' dir='ltr'>pronius</span> <span class='ocrx_word' id='word_1_351' title='bbox 522 3377 688 3415; x_wconf 74' lang='lat' dir='ltr'>Galbam</span> <span class='ocrx_word' id='word_1_352' title='bbox 722 3377 957 3425; x_wconf 79' lang='lat' dir='ltr'>defenderit,</span> <span class='ocrx_word' id='word_1_353' title='bbox 988 3390 1068 3416; x_wconf 86' lang='lat' dir='ltr'>non</span> <span class='ocrx_word' id='word_1_354' title='bbox 1100 3378 1208 3416; x_wconf 81' lang='lat' dir='ltr'>Piso-</span> 
     </span>
     <span class='ocr_line' id='line_1_54' title="bbox 330 3431 1207 3480; baseline 0.003 -13"><span class='ocrx_word' id='word_1_355' title='bbox 330 3441 436 3473; x_wconf 74' lang='lat' dir='ltr'>nem.</span> <span class='ocrx_word' id='word_1_356' title='bbox 489 3431 531 3469; x_wconf 87' lang='lat' dir='ltr'>Si</span> <span class='ocrx_word' id='word_1_357' title='bbox 559 3443 623 3469; x_wconf 87' lang='lat' dir='ltr'>eos</span> <span class='ocrx_word' id='word_1_358' title='bbox 657 3432 880 3480; x_wconf 71' lang='lat' dir='ltr'>sequimur:</span> <span class='ocrx_word' id='word_1_359' title='bbox 920 3436 1007 3471; x_wconf 84' lang='lat' dir='ltr'>tum</span> <span class='ocrx_word' id='word_1_360' title='bbox 1035 3436 1207 3470; x_wconf 84' lang='lat' dir='ltr'>mentem</span> 
     </span>
     <span class='ocr_line' id='line_1_55' title="bbox 331 3484 1204 3535; baseline 0.001 -13"><span class='ocrx_word' id='word_1_361' title='bbox 331 3484 538 3523; x_wconf 77' lang='lat' dir='ltr'>verborum</span> <span class='ocrx_word' id='word_1_362' title='bbox 554 3485 685 3523; x_wconf 76' lang='lat' dir='ltr'>Taciti</span> <span class='ocrx_word' id='word_1_363' title='bbox 699 3486 857 3533; x_wconf 71' lang='lat' dir='ltr'>faciam,</span> <span class='ocrx_word' id='word_1_364' title='bbox 872 3490 921 3524; x_wconf 86' lang='lat' dir='ltr'>ut</span> <span class='ocrx_word' id='word_1_365' title='bbox 944 3486 1006 3524; x_wconf 85' lang='lat' dir='ltr'>bic</span> <span class='ocrx_word' id='word_1_366' title='bbox 1024 3488 1204 3535; x_wconf 73' lang='lat' dir='ltr'>sempro-</span> 
     </span>
     <span class='ocr_line' id='line_1_56' title="bbox 331 3539 1204 3592; baseline 0.003 -17"><span class='ocrx_word' id='word_1_367' title='bbox 331 3539 422 3578; x_wconf 69' lang='lat' dir='ltr'>nius</span> <span class='ocrx_word' id='word_1_368' title='bbox 438 3541 592 3579; x_wconf 77' lang='lat' dir='ltr'>venerit</span> <span class='ocrx_word' id='word_1_369' title='bbox 614 3541 657 3580; x_wconf 86' lang='lat' dir='ltr'>in</span> <span class='ocrx_word' id='word_1_370' title='bbox 674 3539 852 3580; x_wconf 79' lang='lat' dir='ltr'>cohortes</span> <span class='ocrx_word' id='word_1_371' title='bbox 879 3540 1097 3589; x_wconf 68' lang='lat' dir='ltr'>Praetorias,</span> <span class='ocrx_word' id='word_1_372' title='bbox 1115 3552 1204 3592; x_wconf 74' lang='lat' dir='ltr'>pro·</span> 
     </span>
    </p>
   </div>
   <div class='ocr_carea' id='block_1_5' title="bbox 1251 1641 2142 3594">
    <p class='ocr_par' dir='ltr' id='par_1_7' title="bbox 1251 1641 2140 2451">
     <span class='ocr_line' id='line_1_57' title="bbox 1251 1641 2130 1687; baseline 0.003 -10"><span class='ocrx_word' id='word_1_373' title='bbox 1251 1644 1385 1679; x_wconf 86' lang='lat' dir='ltr'>tamen</span> <span class='ocrx_word' id='word_1_374' title='bbox 1402 1645 1476 1687; x_wconf 88' lang='lat' dir='ltr'>est,</span> <span class='ocrx_word' id='word_1_375' title='bbox 1494 1644 1540 1679; x_wconf 91' lang='lat' dir='ltr'>ut</span> <span class='ocrx_word' id='word_1_376' title='bbox 1551 1641 1682 1679; x_wconf 83' lang='lat' dir='ltr'>Taciti</span> <span class='ocrx_word' id='word_1_377' title='bbox 1698 1641 1872 1679; x_wconf 77' lang='lat' dir='ltr'>narratio</span> <span class='ocrx_word' id='word_1_378' title='bbox 1883 1652 1971 1678; x_wconf 88' lang='lat' dir='ltr'>cum</span> <span class='ocrx_word' id='word_1_379' title='bbox 1986 1642 2130 1680; x_wconf 72' lang='lat' dir='ltr'>Graecis</span> 
     </span>
     <span class='ocr_line' id='line_1_58' title="bbox 1253 1695 2131 1745; baseline 0 -12"><span class='ocrx_word' id='word_1_380' title='bbox 1253 1695 1301 1733; x_wconf 84' lang='lat' dir='ltr'>iis</span> <span class='ocrx_word' id='word_1_381' title='bbox 1329 1707 1409 1734; x_wconf 85' lang='lat' dir='ltr'>non</span> <span class='ocrx_word' id='word_1_382' title='bbox 1440 1698 1602 1745; x_wconf 81' lang='lat' dir='ltr'>pugnet.</span> <span class='ocrx_word' id='word_1_383' title='bbox 1657 1696 1772 1733; x_wconf 86' lang='lat' dir='ltr'>Certe</span> <span class='ocrx_word' id='word_1_384' title='bbox 1801 1705 1873 1732; x_wconf 88' lang='lat' dir='ltr'>nec</span> <span class='ocrx_word' id='word_1_385' title='bbox 1905 1696 2131 1742; x_wconf 82' lang='lat' dir='ltr'>Suetonius,</span> 
     </span>
     <span class='ocr_line' id='line_1_59' title="bbox 1252 1749 2132 1799; baseline 0.001 -12"><span class='ocrx_word' id='word_1_386' title='bbox 1252 1761 1364 1799; x_wconf 82' lang='lat' dir='ltr'>opem</span> <span class='ocrx_word' id='word_1_387' title='bbox 1395 1760 1629 1799; x_wconf 88' lang='lat' dir='ltr'>quemquam</span> <span class='ocrx_word' id='word_1_388' title='bbox 1657 1749 1796 1787; x_wconf 80' lang='lat' dir='ltr'>tulisse</span> <span class='ocrx_word' id='word_1_389' title='bbox 1822 1749 1971 1796; x_wconf 78' lang='lat' dir='ltr'>Galbae,</span> <span class='ocrx_word' id='word_1_390' title='bbox 1996 1751 2132 1788; x_wconf 83' lang='lat' dir='ltr'>refert.</span> 
     </span>
     <span class='ocr_line' id='line_1_60' title="bbox 1252 1804 2130 1854; baseline -0.002 -12"><span class='ocrx_word' id='word_1_391' title='bbox 1252 1806 1366 1843; x_wconf 76' lang='lat' dir='ltr'>Lirs.</span> <span class='ocrx_word' id='word_1_392' title='bbox 1419 1805 1584 1854; x_wconf 84' lang='lat' dir='ltr'>Recepit</span> <span class='ocrx_word' id='word_1_393' title='bbox 1610 1804 1781 1846; x_wconf 77' lang='lat' dir='ltr'>chhena</span> <span class='ocrx_word' id='word_1_394' title='bbox 1810 1814 1899 1841; x_wconf 90' lang='lat' dir='ltr'>cum</span> <span class='ocrx_word' id='word_1_395' title='bbox 1933 1806 2130 1852; x_wconf 83' lang='lat' dir='ltr'>sequenti-</span> 
     </span>
     <span class='ocr_line' id='line_1_61' title="bbox 1253 1857 2131 1906; baseline -0.001 -10"><span class='ocrx_word' id='word_1_396' title='bbox 1253 1857 1343 1905; x_wconf 84' lang='lat' dir='ltr'>bus,</span> <span class='ocrx_word' id='word_1_397' title='bbox 1367 1858 1418 1896; x_wconf 90' lang='lat' dir='ltr'>ob</span> <span class='ocrx_word' id='word_1_398' title='bbox 1446 1857 1550 1897; x_wconf 79' lang='lat' dir='ltr'>Flor.</span> <span class='ocrx_word' id='word_1_399' title='bbox 1571 1858 1794 1905; x_wconf 81' lang='lat' dir='ltr'>lectionem,</span> <span class='ocrx_word' id='word_1_400' title='bbox 1822 1870 1902 1896; x_wconf 86' lang='lat' dir='ltr'>non</span> <span class='ocrx_word' id='word_1_401' title='bbox 1918 1857 2033 1906; x_wconf 86' lang='lat' dir='ltr'>louge</span> <span class='ocrx_word' id='word_1_402' title='bbox 2062 1858 2131 1895; x_wconf 84' lang='lat' dir='ltr'>ab·</span> 
     </span>
     <span class='ocr_line' id='line_1_62' title="bbox 1253 1913 2133 1960; baseline -0.001 -8"><span class='ocrx_word' id='word_1_403' title='bbox 1253 1914 1491 1960; x_wconf 77' lang='lat' dir='ltr'>horrentem,</span> <span class='ocrx_word' id='word_1_404' title='bbox 1509 1926 1536 1951; x_wconf 83' lang='lat' dir='ltr'>a</span> <span class='ocrx_word' id='word_1_405' title='bbox 1555 1913 1679 1951; x_wconf 83' lang='lat' dir='ltr'>Galba</span> <span class='ocrx_word' id='word_1_406' title='bbox 1705 1913 1856 1951; x_wconf 78' lang='lat' dir='ltr'>custodi</span> <span class='ocrx_word' id='word_1_407' title='bbox 1869 1919 1909 1950; x_wconf 77' lang='lat' dir='ltr'>et</span> <span class='ocrx_word' id='word_1_408' title='bbox 1934 1925 1958 1949; x_wconf 89' lang='lat' dir='ltr'>a</span> <span class='ocrx_word' id='word_1_409' title='bbox 1974 1913 2133 1951; x_wconf 68' lang='lat' dir='ltr'>Pisonis</span> 
     </span>
     <span class='ocr_line' id='line_1_63' title="bbox 1254 1967 2138 2016; baseline 0 -10"><span class='ocrx_word' id='word_1_410' title='bbox 1254 1967 1427 2007; x_wconf 74' lang='lat' dir='ltr'>additus.</span> <span class='ocrx_word' id='word_1_411' title='bbox 1463 1968 1537 2006; x_wconf 89' lang='lat' dir='ltr'>Ed.</span> <span class='ocrx_word' id='word_1_412' title='bbox 1564 1979 1627 2016; x_wconf 86' lang='lat' dir='ltr'>pr.</span> <span class='ocrx_word' id='word_1_413' title='bbox 1657 1980 1704 2005; x_wconf 88' lang='lat' dir='ltr'>ac</span> <span class='ocrx_word' id='word_1_414' title='bbox 1736 1967 1868 2004; x_wconf 85' lang='lat' dir='ltr'>Galboe</span> <span class='ocrx_word' id='word_1_415' title='bbox 1895 1967 2079 2005; x_wconf 66' lang='lat' dir='ltr'>custodie</span> <span class='ocrx_word' id='word_1_416' title='bbox 2106 1981 2138 2006; x_wconf 19' lang='lat' dir='ltr'>a*</span> 
     </span>
     <span class='ocr_line' id='line_1_64' title="bbox 1255 2018 2131 2072; baseline -0.003 -12"><span class='ocrx_word' id='word_1_417' title='bbox 1255 2022 1415 2061; x_wconf 68' lang='lat' dir='ltr'>Pisone.</span> <span class='ocrx_word' id='word_1_418' title='bbox 1431 2022 1563 2060; x_wconf 81' lang='lat' dir='ltr'>Guelf.</span> <span class='ocrx_word' id='word_1_419' title='bbox 1584 2018 1721 2072; x_wconf 87' lang='lat' dir='ltr'>(Bud.)</span> <span class='ocrx_word' id='word_1_420' title='bbox 1753 2021 1839 2058; x_wconf 89' lang='lat' dir='ltr'>edd.</span> <span class='ocrx_word' id='word_1_421' title='bbox 1867 2025 1964 2058; x_wconf 81' lang='lat' dir='ltr'>vett.</span> <span class='ocrx_word' id='word_1_422' title='bbox 1983 2024 2131 2067; x_wconf 83' lang='lat' dir='ltr'>omnes,</span> 
     </span>
     <span class='ocr_line' id='line_1_65' title="bbox 1255 2073 2133 2115; baseline -0.003 0"><span class='ocrx_word' id='word_1_423' title='bbox 1255 2080 1304 2115; x_wconf 80' lang='lat' dir='ltr'>ut</span> <span class='ocrx_word' id='word_1_424' title='bbox 1319 2075 1370 2113; x_wconf 87' lang='lat' dir='ltr'>ab</span> <span class='ocrx_word' id='word_1_425' title='bbox 1397 2077 1512 2114; x_wconf 88' lang='lat' dir='ltr'>initio</span> <span class='ocrx_word' id='word_1_426' title='bbox 1529 2075 1757 2115; x_wconf 74' lang='lat' dir='ltr'>indicatum.</span> <span class='ocrx_word' id='word_1_427' title='bbox 1811 2073 1981 2112; x_wconf 80' lang='lat' dir='ltr'>Acidalii</span> <span class='ocrx_word' id='word_1_428' title='bbox 2005 2082 2133 2113; x_wconf 78' lang='lat' dir='ltr'>corre-</span> 
     </span>
     <span class='ocr_line' id='line_1_66' title="bbox 1254 2129 2134 2170; baseline -0.002 -1"><span class='ocrx_word' id='word_1_429' title='bbox 1254 2132 1335 2170; x_wconf 81' lang='lat' dir='ltr'>ctio</span> <span class='ocrx_word' id='word_1_430' title='bbox 1355 2130 1496 2170; x_wconf 68' lang='lat' dir='ltr'>Pisoni</span> <span class='ocrx_word' id='word_1_431' title='bbox 1523 2142 1605 2169; x_wconf 87' lang='lat' dir='ltr'>non</span> <span class='ocrx_word' id='word_1_432' title='bbox 1628 2130 1934 2167; x_wconf 81' lang='lat' dir='ltr'>contemnenda:</span> <span class='ocrx_word' id='word_1_433' title='bbox 1964 2129 2029 2166; x_wconf 84' lang='lat' dir='ltr'>sed</span> <span class='ocrx_word' id='word_1_434' title='bbox 2053 2141 2134 2168; x_wconf 83' lang='lat' dir='ltr'>non</span> 
     </span>
     <span class='ocr_line' id='line_1_67' title="bbox 1255 2183 2134 2236; baseline -0.003 -12"><span class='ocrx_word' id='word_1_435' title='bbox 1255 2189 1465 2236; x_wconf 80' lang='lat' dir='ltr'>propterea</span> <span class='ocrx_word' id='word_1_436' title='bbox 1506 2186 1561 2223; x_wconf 86' lang='lat' dir='ltr'>ad</span> <span class='ocrx_word' id='word_1_437' title='bbox 1599 2184 1816 2223; x_wconf 77' lang='lat' dir='ltr'>custodiam</span> <span class='ocrx_word' id='word_1_438' title='bbox 1848 2183 2134 2221; x_wconf 76' lang='lat' dir='ltr'>necessarium:</span> 
     </span>
     <span class='ocr_line' id='line_1_68' title="bbox 1255 2238 2134 2288; baseline -0.001 -10"><span class='ocrx_word' id='word_1_439' title='bbox 1255 2251 1347 2278; x_wconf 84' lang='lat' dir='ltr'>nam</span> <span class='ocrx_word' id='word_1_440' title='bbox 1393 2241 1577 2278; x_wconf 72' lang='lat' dir='ltr'>custodia</span> <span class='ocrx_word' id='word_1_441' title='bbox 1626 2240 1730 2276; x_wconf 86' lang='lat' dir='ltr'>idem</span> <span class='ocrx_word' id='word_1_442' title='bbox 1772 2239 1979 2288; x_wconf 77' lang='lat' dir='ltr'>significat.</span> <span class='ocrx_word' id='word_1_443' title='bbox 2024 2238 2134 2278; x_wconf 73' lang='lat' dir='ltr'>ERN.</span> 
     </span>
     <span class='ocr_line' id='line_1_69' title="bbox 1255 2292 2133 2343; baseline -0.002 -12"><span class='ocrx_word' id='word_1_444' title='bbox 1255 2293 1401 2340; x_wconf 81' lang='lat' dir='ltr'>Verba,</span> <span class='ocrx_word' id='word_1_445' title='bbox 1430 2306 1517 2343; x_wconf 76' lang='lat' dir='ltr'>quoe</span> <span class='ocrx_word' id='word_1_446' title='bbox 1547 2293 1610 2330; x_wconf 87' lang='lat' dir='ltr'>hic</span> <span class='ocrx_word' id='word_1_447' title='bbox 1634 2293 1754 2330; x_wconf 90' lang='lat' dir='ltr'>editio</span> <span class='ocrx_word' id='word_1_448' title='bbox 1779 2292 1927 2330; x_wconf 81' lang='lat' dir='ltr'>Alciati</span> <span class='ocrx_word' id='word_1_449' title='bbox 1956 2293 2133 2339; x_wconf 84' lang='lat' dir='ltr'>intrusit,</span> 
     </span>
     <span class='ocr_line' id='line_1_70' title="bbox 1257 2346 2140 2394; baseline -0.002 -8"><span class='ocrx_word' id='word_1_450' title='bbox 1257 2359 1329 2386; x_wconf 90' lang='lat' dir='ltr'>nec</span> <span class='ocrx_word' id='word_1_451' title='bbox 1346 2348 1584 2386; x_wconf 74' lang='lat' dir='ltr'>Puteolanus</span> <span class='ocrx_word' id='word_1_452' title='bbox 1611 2347 1746 2394; x_wconf 82' lang='lat' dir='ltr'>habet,</span> <span class='ocrx_word' id='word_1_453' title='bbox 1765 2358 1836 2384; x_wconf 87' lang='lat' dir='ltr'>nec</span> <span class='ocrx_word' id='word_1_454' title='bbox 1863 2347 1966 2384; x_wconf 88' lang='lat' dir='ltr'>Bud.</span> <span class='ocrx_word' id='word_1_455' title='bbox 1984 2346 2104 2385; x_wconf 83' lang='lat' dir='ltr'>codex</span> <span class='ocrx_word' id='word_1_456' title='bbox 2119 2359 2140 2394; x_wconf 52' lang='lat'>3&gt;-</span> 
     </span>
     <span class='ocr_line' id='line_1_71' title="bbox 1257 2403 1598 2451; baseline -0.003 -11"><span class='ocrx_word' id='word_1_457' title='bbox 1257 2403 1394 2451; x_wconf 75' lang='lat' dir='ltr'>reJecit</span> <span class='ocrx_word' id='word_1_458' title='bbox 1413 2407 1454 2441; x_wconf 87' lang='lat' dir='ltr'>et</span> <span class='ocrx_word' id='word_1_459' title='bbox 1469 2403 1598 2441; x_wconf 78' lang='lat' dir='ltr'>Rhea.</span> 
     </span>
    </p>

    <p class='ocr_par' dir='ltr' id='par_1_8' title="bbox 1252 2453 2138 3038">
     <span class='ocr_line' id='line_1_72' title="bbox 1314 2453 2134 2505; baseline -0.004 -11"><span class='ocrx_word' id='word_1_460' title='bbox 1314 2458 1526 2495; x_wconf 59' lang='lat' dir='ltr'>Occurrent·</span> <span class='ocrx_word' id='word_1_461' title='bbox 1541 2453 1721 2505; x_wconf 52' lang='lat' dir='ltr'>armatu]</span> <span class='ocrx_word' id='word_1_462' title='bbox 1753 2454 1816 2492; x_wconf 87' lang='lat' dir='ltr'>Sic</span> <span class='ocrx_word' id='word_1_463' title='bbox 1833 2454 1955 2491; x_wconf 87' lang='lat' dir='ltr'>edidit</span> <span class='ocrx_word' id='word_1_464' title='bbox 1977 2455 2134 2492; x_wconf 81' lang='lat' dir='ltr'>Rhena-</span> 
     </span>
     <span class='ocr_line' id='line_1_73' title="bbox 1259 2508 2133 2562; baseline -0.001 -14"><span class='ocrx_word' id='word_1_465' title='bbox 1259 2522 1333 2548; x_wconf 85' lang='lat' dir='ltr'>nus</span> <span class='ocrx_word' id='word_1_466' title='bbox 1371 2511 1409 2562; x_wconf 89' lang='lat' dir='ltr'>(e</span> <span class='ocrx_word' id='word_1_467' title='bbox 1433 2508 1551 2561; x_wconf 87' lang='lat' dir='ltr'>Bud.)</span> <span class='ocrx_word' id='word_1_468' title='bbox 1570 2521 1660 2548; x_wconf 87' lang='lat' dir='ltr'>cum</span> <span class='ocrx_word' id='word_1_469' title='bbox 1685 2514 1779 2546; x_wconf 78' lang='lat' dir='ltr'>ante</span> <span class='ocrx_word' id='word_1_470' title='bbox 1805 2513 1907 2546; x_wconf 74' lang='lat' dir='ltr'>esset</span> <span class='ocrx_word' id='word_1_471' title='bbox 1938 2516 2133 2547; x_wconf 79' lang='lat' dir='ltr'>armatus.</span> 
     </span>
     <span class='ocr_line' id='line_1_74' title="bbox 1257 2562 2133 2612; baseline -0.005 -9"><span class='ocrx_word' id='word_1_472' title='bbox 1257 2565 1390 2604; x_wconf 76' lang='lat' dir='ltr'>Guelf.</span> <span class='ocrx_word' id='word_1_473' title='bbox 1406 2565 1585 2604; x_wconf 66' lang='lat' dir='ltr'>amatis.</span> <span class='ocrx_word' id='word_1_474' title='bbox 1602 2564 1663 2601; x_wconf 84' lang='lat' dir='ltr'>ed.</span> <span class='ocrx_word' id='word_1_475' title='bbox 1681 2574 1744 2612; x_wconf 85' lang='lat' dir='ltr'>pr.</span> <span class='ocrx_word' id='word_1_476' title='bbox 1763 2565 1897 2601; x_wconf 70' lang='lat' dir='ltr'>armis.</span> <span class='ocrx_word' id='word_1_477' title='bbox 1924 2562 2019 2601; x_wconf 80' lang='lat' dir='ltr'>Mox</span> <span class='ocrx_word' id='word_1_478' title='bbox 2035 2563 2133 2600; x_wconf 87' lang='lat' dir='ltr'>bene</span> 
     </span>
     <span class='ocr_line' id='line_1_75' title="bbox 1258 2617 2134 2671; baseline -0.005 -14"><span class='ocrx_word' id='word_1_479' title='bbox 1258 2620 1361 2658; x_wconf 86' lang='lat' dir='ltr'>idem</span> <span class='ocrx_word' id='word_1_480' title='bbox 1393 2618 1431 2671; x_wconf 93' lang='lat' dir='ltr'>(e</span> <span class='ocrx_word' id='word_1_481' title='bbox 1457 2617 1575 2669; x_wconf 84' lang='lat' dir='ltr'>Bud.)</span> <span class='ocrx_word' id='word_1_482' title='bbox 1605 2630 1693 2656; x_wconf 78' lang='lat' dir='ltr'>cum</span> <span class='ocrx_word' id='word_1_483' title='bbox 1720 2629 1792 2666; x_wconf 85' lang='lat' dir='ltr'>pro</span> <span class='ocrx_word' id='word_1_484' title='bbox 1824 2624 1921 2656; x_wconf 80' lang='lat' dir='ltr'>tum.</span> <span class='ocrx_word' id='word_1_485' title='bbox 1976 2618 2050 2654; x_wconf 86' lang='lat' dir='ltr'>Sed</span> <span class='ocrx_word' id='word_1_486' title='bbox 2080 2618 2134 2654; x_wconf 86' lang='lat' dir='ltr'>sic</span> 
     </span>
     <span class='ocr_line' id='line_1_76' title="bbox 1252 2671 2138 2724; baseline -0.005 -12"><span class='ocrx_word' id='word_1_487' title='bbox 1252 2674 1337 2721; x_wconf 79' lang='lat' dir='ltr'>jam</span> <span class='ocrx_word' id='word_1_488' title='bbox 1365 2674 1430 2712; x_wconf 82' lang='lat' dir='ltr'>ed.</span> <span class='ocrx_word' id='word_1_489' title='bbox 1459 2685 1519 2724; x_wconf 83' lang='lat' dir='ltr'>pr.</span> <span class='ocrx_word' id='word_1_490' title='bbox 1543 2683 1631 2722; x_wconf 80' lang='lat' dir='ltr'>quae</span> <span class='ocrx_word' id='word_1_491' title='bbox 1657 2671 1777 2710; x_wconf 78' lang='lat' dir='ltr'>etiam</span> <span class='ocrx_word' id='word_1_492' title='bbox 1809 2673 2033 2711; x_wconf 75' lang='lat' dir='ltr'>advenirent</span> <span class='ocrx_word' id='word_1_493' title='bbox 2065 2683 2138 2720; x_wconf 84' lang='lat' dir='ltr'>pro</span> 
     </span>
     <span class='ocr_line' id='line_1_77' title="bbox 1259 2726 2136 2776; baseline -0.003 -10"><span class='ocrx_word' id='word_1_494' title='bbox 1259 2729 1454 2766; x_wconf 79' lang='lat' dir='ltr'>advenere.</span> <span class='ocrx_word' id='word_1_495' title='bbox 1482 2728 1588 2767; x_wconf 73' lang='lat' dir='ltr'>Male</span> <span class='ocrx_word' id='word_1_496' title='bbox 1615 2730 1754 2764; x_wconf 72' lang='lat' dir='ltr'>contra</span> <span class='ocrx_word' id='word_1_497' title='bbox 1768 2726 1890 2776; x_wconf 67' lang='lat' dir='ltr'>jussu</span> <span class='ocrx_word' id='word_1_498' title='bbox 1910 2738 1982 2775; x_wconf 82' lang='lat' dir='ltr'>pro</span> <span class='ocrx_word' id='word_1_499' title='bbox 1997 2727 2136 2772; x_wconf 69' lang='lat' dir='ltr'>missu,</span> 
     </span>
     <span class='ocr_line' id='line_1_78' title="bbox 1260 2780 2136 2833; baseline -0.002 -13"><span class='ocrx_word' id='word_1_500' title='bbox 1260 2782 1363 2833; x_wconf 88' lang='lat' dir='ltr'>quod</span> <span class='ocrx_word' id='word_1_501' title='bbox 1385 2786 1491 2821; x_wconf 88' lang='lat' dir='ltr'>recte</span> <span class='ocrx_word' id='word_1_502' title='bbox 1517 2782 1695 2821; x_wconf 81' lang='lat' dir='ltr'>restituit</span> <span class='ocrx_word' id='word_1_503' title='bbox 1719 2781 1913 2831; x_wconf 54' lang='lat' dir='ltr'>Pichenaj</span> <span class='ocrx_word' id='word_1_504' title='bbox 1941 2781 1997 2817; x_wconf 85' lang='lat' dir='ltr'>sic</span> <span class='ocrx_word' id='word_1_505' title='bbox 2026 2780 2136 2818; x_wconf 78' lang='lat' dir='ltr'>MSS.</span> 
     </span>
     <span class='ocr_line' id='line_1_79' title="bbox 1260 2835 2137 2883; baseline -0.006 -7"><span class='ocrx_word' id='word_1_506' title='bbox 1260 2837 1364 2876; x_wconf 77' lang='lat' dir='ltr'>Flor.</span> <span class='ocrx_word' id='word_1_507' title='bbox 1381 2837 1514 2877; x_wconf 82' lang='lat' dir='ltr'>Guelf.</span> <span class='ocrx_word' id='word_1_508' title='bbox 1530 2836 1615 2873; x_wconf 88' lang='lat' dir='ltr'>edd.</span> <span class='ocrx_word' id='word_1_509' title='bbox 1633 2839 1726 2873; x_wconf 80' lang='lat' dir='ltr'>ante</span> <span class='ocrx_word' id='word_1_510' title='bbox 1752 2836 1879 2878; x_wconf 78' lang='lat' dir='ltr'>Rhen.</span> <span class='ocrx_word' id='word_1_511' title='bbox 1906 2839 1947 2872; x_wconf 88' lang='lat' dir='ltr'>et</span> <span class='ocrx_word' id='word_1_512' title='bbox 1964 2835 2018 2871; x_wconf 82' lang='lat' dir='ltr'>sic</span> <span class='ocrx_word' id='word_1_513' title='bbox 2036 2845 2137 2883; x_wconf 74' lang='lat' dir='ltr'>saepe</span> 
     </span>
     <span class='ocr_line' id='line_1_80' title="bbox 1260 2889 2137 2942; baseline -0.006 -12"><span class='ocrx_word' id='word_1_514' title='bbox 1260 2890 1437 2942; x_wconf 84' lang='lat' dir='ltr'>loquitur</span> <span class='ocrx_word' id='word_1_515' title='bbox 1463 2893 1504 2929; x_wconf 90' lang='lat' dir='ltr'>in</span> <span class='ocrx_word' id='word_1_516' title='bbox 1531 2890 1605 2928; x_wconf 81' lang='lat' dir='ltr'>tali</span> <span class='ocrx_word' id='word_1_517' title='bbox 1623 2901 1666 2927; x_wconf 86' lang='lat' dir='ltr'>re</span> <span class='ocrx_word' id='word_1_518' title='bbox 1682 2890 1856 2927; x_wconf 78' lang='lat' dir='ltr'>Tacitus.</span> <span class='ocrx_word' id='word_1_519' title='bbox 1882 2889 1990 2928; x_wconf 68' lang='lat' dir='ltr'>Ean.</span> <span class='ocrx_word' id='word_1_520' title='bbox 2034 2889 2137 2926; x_wconf 87' lang='lat' dir='ltr'>Bud.</span> 
     </span>
     <span class='ocr_line' id='line_1_81' title="bbox 1259 2944 2137 2995; baseline -0.001 -13"><span class='ocrx_word' id='word_1_521' title='bbox 1259 2946 1444 2984; x_wconf 78' lang='lat' dir='ltr'>advenere</span> <span class='ocrx_word' id='word_1_522' title='bbox 1467 2946 1600 2995; x_wconf 75' lang='lat' dir='ltr'>jussu.</span> <span class='ocrx_word' id='word_1_523' title='bbox 1651 2944 1795 2982; x_wconf 75' lang='lat' dir='ltr'>Noster</span> <span class='ocrx_word' id='word_1_524' title='bbox 1837 2945 1956 2980; x_wconf 54' lang='lat' dir='ltr'>mas-su</span> <span class='ocrx_word' id='word_1_525' title='bbox 1989 2944 2137 2991; x_wconf 79' lang='lat' dir='ltr'>passim</span> 
     </span>
     <span class='ocr_line' id='line_1_82' title="bbox 1260 2999 1607 3038; baseline 0 -2"><span class='ocrx_word' id='word_1_526' title='bbox 1260 2999 1394 3038; x_wconf 84' lang='lat' dir='ltr'>habet.</span> <span class='ocrx_word' id='word_1_527' title='bbox 1420 2999 1508 3038; x_wconf 86' lang='lat' dir='ltr'>Vid.</span> <span class='ocrx_word' id='word_1_528' title='bbox 1527 3000 1607 3037; x_wconf 88' lang='lat' dir='ltr'>ind.</span> 
     </span>
    </p>

    <p class='ocr_par' dir='ltr' id='par_1_9' title="bbox 1257 3050 2142 3594">
     <span class='ocr_line' id='line_1_83' title="bbox 1320 3050 2136 3105; baseline -0.005 -13"><span class='ocrx_word' id='word_1_529' title='bbox 1320 3055 1481 3103; x_wconf 86' lang='lat' dir='ltr'>Vagare</span> <span class='ocrx_word' id='word_1_530' title='bbox 1514 3050 1684 3105; x_wconf 75' lang='lat' dir='ltr'>gaudio]</span> <span class='ocrx_word' id='word_1_531' title='bbox 1720 3050 1934 3100; x_wconf 79' lang='lat' dir='ltr'>Repertum</span> <span class='ocrx_word' id='word_1_532' title='bbox 1969 3053 2011 3089; x_wconf 88' lang='lat' dir='ltr'>in</span> <span class='ocrx_word' id='word_1_533' title='bbox 2052 3055 2136 3100; x_wconf 87' lang='lat' dir='ltr'>opt.</span> 
     </span>
     <span class='ocr_line' id='line_1_84' title="bbox 1260 3107 2139 3157; baseline -0.005 -11"><span class='ocrx_word' id='word_1_534' title='bbox 1260 3108 1388 3146; x_wconf 80' lang='lat' dir='ltr'>Vatic.</span> <span class='ocrx_word' id='word_1_535' title='bbox 1403 3119 1483 3146; x_wconf 87' lang='lat' dir='ltr'>non</span> <span class='ocrx_word' id='word_1_536' title='bbox 1497 3108 1649 3157; x_wconf 80' lang='lat' dir='ltr'>sprevi:</span> <span class='ocrx_word' id='word_1_537' title='bbox 1669 3107 1853 3155; x_wconf 75' lang='lat' dir='ltr'>quoniam</span> <span class='ocrx_word' id='word_1_538' title='bbox 1870 3107 2014 3155; x_wconf 85' lang='lat' dir='ltr'>passim</span> <span class='ocrx_word' id='word_1_539' title='bbox 2032 3110 2139 3143; x_wconf 89' lang='lat' dir='ltr'>vete-</span> 
     </span>
     <span class='ocr_line' id='line_1_85' title="bbox 1261 3160 2137 3200; baseline -0.005 0"><span class='ocrx_word' id='word_1_540' title='bbox 1261 3174 1324 3200; x_wconf 82' lang='lat' dir='ltr'>res</span> <span class='ocrx_word' id='word_1_541' title='bbox 1357 3163 1414 3200; x_wconf 78' lang='lat' dir='ltr'>ita</span> <span class='ocrx_word' id='word_1_542' title='bbox 1448 3162 1597 3198; x_wconf 83' lang='lat' dir='ltr'>locutos</span> <span class='ocrx_word' id='word_1_543' title='bbox 1636 3160 1818 3199; x_wconf 82' lang='lat' dir='ltr'>sciebam.</span> <span class='ocrx_word' id='word_1_544' title='bbox 1875 3161 1961 3197; x_wconf 83' lang='lat' dir='ltr'>Vox</span> <span class='ocrx_word' id='word_1_545' title='bbox 2003 3164 2137 3197; x_wconf 81' lang='lat' dir='ltr'>autem</span> 
     </span>
     <span class='ocr_line' id='line_1_86' title="bbox 1261 3215 2137 3265; baseline -0.003 -12"><span class='ocrx_word' id='word_1_546' title='bbox 1261 3220 1372 3265; x_wconf 74' lang='lat' dir='ltr'>apta,</span> <span class='ocrx_word' id='word_1_547' title='bbox 1405 3216 1455 3252; x_wconf 84' lang='lat' dir='ltr'>ad</span> <span class='ocrx_word' id='word_1_548' title='bbox 1484 3215 1662 3252; x_wconf 75' lang='lat' dir='ltr'>habitum</span> <span class='ocrx_word' id='word_1_549' title='bbox 1694 3215 1967 3262; x_wconf 80' lang='lat' dir='ltr'>explicandum</span> <span class='ocrx_word' id='word_1_550' title='bbox 1994 3215 2137 3250; x_wconf 82' lang='lat' dir='ltr'>mentis</span> 
     </span>
     <span class='ocr_line' id='line_1_87' title="bbox 1258 3269 2142 3319; baseline -0.002 -11"><span class='ocrx_word' id='word_1_551' title='bbox 1258 3271 1403 3319; x_wconf 76' lang='lat' dir='ltr'>gaudio</span> <span class='ocrx_word' id='word_1_552' title='bbox 1428 3270 1578 3307; x_wconf 72' lang='lat' dir='ltr'>diffusae</span> <span class='ocrx_word' id='word_1_553' title='bbox 1609 3273 1650 3306; x_wconf 85' lang='lat' dir='ltr'>et</span> <span class='ocrx_word' id='word_1_554' title='bbox 1673 3269 1781 3306; x_wconf 81' lang='lat' dir='ltr'>velut</span> <span class='ocrx_word' id='word_1_555' title='bbox 1809 3269 1995 3306; x_wconf 77' lang='lat' dir='ltr'>natantis.</span> <span class='ocrx_word' id='word_1_556' title='bbox 2026 3270 2142 3306; x_wconf 64' lang='lat' dir='ltr'>Lum-</span> 
     </span>
     <span class='ocr_line' id='line_1_88' title="bbox 1264 3323 2136 3372; baseline -0.006 -9"><span class='ocrx_word' id='word_1_557' title='bbox 1264 3325 1417 3363; x_wconf 70' lang='lat' dir='ltr'>Vocare</span> <span class='ocrx_word' id='word_1_558' title='bbox 1459 3328 1565 3361; x_wconf 87' lang='lat' dir='ltr'>recte</span> <span class='ocrx_word' id='word_1_559' title='bbox 1601 3323 1777 3360; x_wconf 81' lang='lat' dir='ltr'>restituit</span> <span class='ocrx_word' id='word_1_560' title='bbox 1820 3323 1998 3360; x_wconf 85' lang='lat' dir='ltr'>Freinsh.</span> <span class='ocrx_word' id='word_1_561' title='bbox 2033 3323 2136 3372; x_wconf 87' lang='lat' dir='ltr'>quod</span> 
     </span>
     <span class='ocr_line' id='line_1_89' title="bbox 1259 3376 2137 3426; baseline -0.001 -11"><span class='ocrx_word' id='word_1_562' title='bbox 1259 3389 1394 3415; x_wconf 76' lang='lat' dir='ltr'>omnes</span> <span class='ocrx_word' id='word_1_563' title='bbox 1419 3381 1514 3415; x_wconf 77' lang='lat' dir='ltr'>ante</span> <span class='ocrx_word' id='word_1_564' title='bbox 1536 3377 1712 3426; x_wconf 85' lang='lat' dir='ltr'>Lipsium</span> <span class='ocrx_word' id='word_1_565' title='bbox 1737 3378 1821 3415; x_wconf 86' lang='lat' dir='ltr'>edd.</span> <span class='ocrx_word' id='word_1_566' title='bbox 1851 3378 1968 3414; x_wconf 79' lang='lat' dir='ltr'>etiam</span> <span class='ocrx_word' id='word_1_567' title='bbox 2000 3376 2137 3425; x_wconf 82' lang='lat' dir='ltr'>scripti</span> 
     </span>
     <span class='ocr_line' id='line_1_90' title="bbox 1259 3431 2139 3470; baseline -0.002 -1"><span class='ocrx_word' id='word_1_568' title='bbox 1259 3431 1329 3469; x_wconf 75' lang='lat' dir='ltr'>alii</span> <span class='ocrx_word' id='word_1_569' title='bbox 1346 3431 1506 3470; x_wconf 75' lang='lat' dir='ltr'>babent.</span> <span class='ocrx_word' id='word_1_570' title='bbox 1558 3431 1683 3470; x_wconf 79' lang='lat' dir='ltr'>Solita</span> <span class='ocrx_word' id='word_1_571' title='bbox 1698 3437 1830 3469; x_wconf 84' lang='lat' dir='ltr'>autem</span> <span class='ocrx_word' id='word_1_572' title='bbox 1856 3431 2028 3468; x_wconf 78' lang='lat' dir='ltr'>librariis</span> <span class='ocrx_word' id='word_1_573' title='bbox 2056 3432 2139 3467; x_wconf 80' lang='lat' dir='ltr'>haec</span> 
     </span>
     <span class='ocr_line' id='line_1_91' title="bbox 1257 3485 2138 3537; baseline 0 -14"><span class='ocrx_word' id='word_1_574' title='bbox 1257 3486 1448 3532; x_wconf 73' lang='lat' dir='ltr'>confusio,</span> <span class='ocrx_word' id='word_1_575' title='bbox 1477 3485 1532 3537; x_wconf 77' lang='lat' dir='ltr'>(v.</span> <span class='ocrx_word' id='word_1_576' title='bbox 1546 3485 1749 3523; x_wconf 80' lang='lat' dir='ltr'>Drakenb.</span> <span class='ocrx_word' id='word_1_577' title='bbox 1774 3485 1824 3522; x_wconf 82' lang='lat' dir='ltr'>ad</span> <span class='ocrx_word' id='word_1_578' title='bbox 1852 3486 1935 3523; x_wconf 76' lang='lat' dir='ltr'>Liv.</span> <span class='ocrx_word' id='word_1_579' title='bbox 1954 3490 1993 3530; x_wconf 90' lang='lat'>5,</span> <span class='ocrx_word' id='word_1_580' title='bbox 2013 3491 2050 3522; x_wconf 86' lang='lat'>8.</span> <span class='ocrx_word' id='word_1_581' title='bbox 2070 3490 2138 3528; x_wconf 81' lang='lat'>27,</span> 
     </span>
     <span class='ocr_line' id='line_1_92' title="bbox 1261 3538 2138 3594; baseline -0.005 -15"><span class='ocrx_word' id='word_1_582' title='bbox 1261 3538 1343 3594; x_wconf 82' lang='lat'>16.)</span> <span class='ocrx_word' id='word_1_583' title='bbox 1379 3540 1481 3579; x_wconf 72' lang='lat' dir='ltr'>forte</span> <span class='ocrx_word' id='word_1_584' title='bbox 1511 3540 1631 3579; x_wconf 78' lang='lat' dir='ltr'>etiam</span> <span class='ocrx_word' id='word_1_585' title='bbox 1663 3540 1736 3578; x_wconf 80' lang='lat' dir='ltr'>hac</span> <span class='ocrx_word' id='word_1_586' title='bbox 1773 3540 1819 3577; x_wconf 88' lang='lat' dir='ltr'>de</span> <span class='ocrx_word' id='word_1_587' title='bbox 1853 3549 2005 3586; x_wconf 79' lang='lat' dir='ltr'>caussa,</span> <span class='ocrx_word' id='word_1_588' title='bbox 2034 3539 2138 3588; x_wconf 84' lang='lat' dir='ltr'>quod</span> 
     </span>
    </p>
   </div>
  </div>
 </body>
</html>
