<?xml version="1.0" encoding="UTF-8"?>
<!DOCTYPE html PUBLIC "-//W3C//DTD XHTML 1.0 Transitional//EN"
    "http://www.w3.org/TR/xhtml1/DTD/xhtml1-transitional.dtd">
<html xmlns="http://www.w3.org/1999/xhtml" xml:lang="en" lang="en">
 <head>
  <title>
</title>
<meta http-equiv="Content-Type" content="text/html;charset=utf-8" />
  <meta name='ocr-system' content='tesseract 3.04.00' />
  <meta name='ocr-capabilities' content='ocr_page ocr_carea ocr_par ocr_line ocrx_word'/>
</head>
<body>
  <div class='ocr_page' id='page_1' title='image "./p1operaexrecensi02taciuoft_0371.png"; bbox 0 0 2190 3880; ppageno 0'>
   <div class='ocr_carea' id='block_1_1' title="bbox 408 132 1520 191">
    <p class='ocr_par' dir='ltr' id='par_1_1' title="bbox 408 132 1520 191">
     <span class='ocr_line' id='line_1_1' title="bbox 408 132 1520 191; baseline -0.004 -1"><span class='ocrx_word' id='word_1_1' title='bbox 408 138 513 191; x_wconf 78' lang='lat' dir='ltr'><strong>-DE</strong></span> <span class='ocrx_word' id='word_1_2' title='bbox 545 135 850 189; x_wconf 86' lang='lat' dir='ltr'>MORIBUS</span> <span class='ocrx_word' id='word_1_3' title='bbox 883 132 1267 184; x_wconf 83' lang='lat' dir='ltr'>GERMANIAE</span> <span class='ocrx_word' id='word_1_4' title='bbox 1300 134 1438 186; x_wconf 82' lang='lat' dir='ltr'><strong>cAP.</strong></span> <span class='ocrx_word' id='word_1_5' title='bbox 1469 141 1520 186; x_wconf 69' lang='lat'><strong>2.</strong></span> 
     </span>
    </p>
   </div>
   <div class='ocr_carea' id='block_1_2' title="bbox 1780 140 1879 189">
    <p class='ocr_par' dir='ltr' id='par_1_2' title="bbox 1780 140 1879 189">
     <span class='ocr_line' id='line_1_2' title="bbox 1780 140 1879 189; baseline 0.03 -3"><span class='ocrx_word' id='word_1_6' title='bbox 1780 140 1879 189; x_wconf 80' lang='lat'><strong>349</strong></span> 
     </span>
    </p>
   </div>
   <div class='ocr_carea' id='block_1_3' title="bbox 67 257 1931 349">
    <p class='ocr_par' dir='ltr' id='par_1_3' title="bbox 67 257 1931 349">
     <span class='ocr_line' id='line_1_3' title="bbox 67 257 1931 349; baseline -0.004 -28"><span class='ocrx_word' id='word_1_7' title='bbox 67 265 247 321; x_wconf 85' lang='lat' dir='ltr'><strong>donec</strong></span> <span class='ocrx_word' id='word_1_8' title='bbox 272 265 328 319; x_wconf 88' lang='lat' dir='ltr'><strong>in</strong></span> <span class='ocrx_word' id='word_1_9' title='bbox 356 263 651 318; x_wconf 87' lang='lat' dir='ltr'><strong>Ponticum</strong></span> <span class='ocrx_word' id='word_1_10' title='bbox 687 278 835 314; x_wconf 86' lang='lat' dir='ltr'><strong>mare</strong></span> <span class='ocrx_word' id='word_1_11' title='bbox 860 278 956 313; x_wconf 85' lang='lat' dir='ltr'><strong>sex</strong></span> <span class='ocrx_word' id='word_1_12' title='bbox 987 257 1258 312; x_wconf 86' lang='lat' dir='ltr'><strong>meatibus</strong></span> <span class='ocrx_word' id='word_1_13' title='bbox 1287 261 1543 331; x_wconf 81' lang='lat' dir='ltr'><strong>erumpit.</strong></span> <span class='ocrx_word' id='word_1_14' title='bbox 1582 260 1871 332; x_wconf 86' lang='lat' dir='ltr'><strong>septimum</strong></span> <span class='ocrx_word' id='word_1_15' title='bbox 1890 302 1931 349; x_wconf 30' lang='lat'><strong>2.</strong></span> 
     </span>
    </p>
   </div>
   <div class='ocr_carea' id='block_1_4' title="bbox 72 333 963 416">
    <p class='ocr_par' dir='ltr' id='par_1_4' title="bbox 72 333 963 416">
     <span class='ocr_line' id='line_1_4' title="bbox 72 333 963 416; baseline -0.009 -25"><span class='ocrx_word' id='word_1_16' title='bbox 72 340 225 390; x_wconf 85' lang='lat' dir='ltr'><strong>enim·</strong></span> <span class='ocrx_word' id='word_1_17' title='bbox 261 355 332 416; x_wconf 44' lang='lat' dir='ltr'><strong>os·</strong></span> <span class='ocrx_word' id='word_1_18' title='bbox 361 334 651 408; x_wconf 82' lang='lat' dir='ltr'><strong>paludibus</strong></span> <span class='ocrx_word' id='word_1_19' title='bbox 698 333 963 386; x_wconf 84' lang='lat' dir='ltr'><strong>hauritur.</strong></span> 
     </span>
    </p>
   </div>
   <div class='ocr_carea' id='block_1_5' title="bbox 1038 329 1875 403">
    <p class='ocr_par' dir='ltr' id='par_1_5' title="bbox 1038 329 1875 403">
     <span class='ocr_line' id='line_1_5' title="bbox 1038 329 1875 403; baseline 0.005 -22"><span class='ocrx_word' id='word_1_20' title='bbox 1038 330 1196 401; x_wconf 87' lang='lat' dir='ltr'><strong>Ipsos</strong></span> <span class='ocrx_word' id='word_1_21' title='bbox 1237 329 1542 383; x_wconf 85' lang='lat' dir='ltr'><strong>Germanos</strong></span> <span class='ocrx_word' id='word_1_22' title='bbox 1593 332 1875 403; x_wconf 84' lang='lat' dir='ltr'><strong>indigenas</strong></span> 
     </span>
    </p>
   </div>
   <div class='ocr_carea' id='block_1_6' title="bbox 69 399 1922 688">
    <p class='ocr_par' dir='ltr' id='par_1_6' title="bbox 69 399 1922 688">
     <span class='ocr_line' id='line_1_6' title="bbox 72 399 1922 474; baseline -0.003 -14"><span class='ocrx_word' id='word_1_23' title='bbox 72 407 414 470; x_wconf 81' lang='lat' dir='ltr'><strong>crediderim,</strong></span> <span class='ocrx_word' id='word_1_24' title='bbox 438 405 772 474; x_wconf 83' lang='lat' dir='ltr'><strong>minimeque</strong></span> <span class='ocrx_word' id='word_1_25' title='bbox 809 403 1034 455; x_wconf 89' lang='lat' dir='ltr'><strong>aliarum</strong></span> <span class='ocrx_word' id='word_1_26' title='bbox 1073 401 1319 469; x_wconf 84' lang='lat' dir='ltr'><strong>gentium</strong></span> <span class='ocrx_word' id='word_1_27' title='bbox 1349 401 1672 454; x_wconf 85' lang='lat' dir='ltr'><strong>adventibus</strong></span> <span class='ocrx_word' id='word_1_28' title='bbox 1698 415 1754 455; x_wconf 84' lang='lat' dir='ltr'><strong>et</strong></span> <span class='ocrx_word' id='word_1_29' title='bbox 1778 403 1880 455; x_wconf 93' lang='lat' dir='ltr'><strong>ho-</strong></span> <span class='ocrx_word' id='word_1_30' title='bbox 1919 399 1922 403; x_wconf 73' lang='grc'><strong>’</strong></span> 
     </span>
     <span class='ocr_line' id='line_1_7' title="bbox 71 471 1879 549; baseline -0.003 -18"><span class='ocrx_word' id='word_1_31' title='bbox 71 478 254 549; x_wconf 70' lang='grc' dir='ltr'>ερῖῐίἰε</span> <span class='ocrx_word' id='word_1_32' title='bbox 280 476 519 540; x_wconf 86' lang='lat' dir='ltr'><strong>mixtos;</strong></span> <span class='ocrx_word' id='word_1_33' title='bbox 555 475 683 544; x_wconf 89' lang='lat' dir='ltr'><strong>quia</strong></span> <span class='ocrx_word' id='word_1_34' title='bbox 719 491 819 526; x_wconf 89' lang='lat' dir='ltr'><strong>nec</strong></span> <span class='ocrx_word' id='word_1_35' title='bbox 854 486 995 525; x_wconf 86' lang='lat' dir='ltr'><strong>terra</strong></span> <span class='ocrx_word' id='word_1_36' title='bbox 1030 471 1182 536; x_wconf 89' lang='lat' dir='ltr'><strong>olim,</strong></span> <span class='ocrx_word' id='word_1_37' title='bbox 1210 471 1300 524; x_wconf 88' lang='lat' dir='ltr'><strong>sed</strong></span> <span class='ocrx_word' id='word_1_38' title='bbox 1339 471 1620 536; x_wconf 80' lang='lat' dir='ltr'><strong>elassibuS,</strong></span> <span class='ocrx_word' id='word_1_39' title='bbox 1648 474 1879 526; x_wconf 87' lang='lat' dir='ltr'><strong>advehe-</strong></span> 
     </span>
     <span class='ocr_line' id='line_1_8' title="bbox 69 541 1879 621; baseline -0.002 -21"><span class='ocrx_word' id='word_1_40' title='bbox 69 550 290 612; x_wconf 86' lang='lat' dir='ltr'>bantur,</span> <span class='ocrx_word' id='word_1_41' title='bbox 327 547 420 616; x_wconf 91' lang='lat' dir='ltr'><strong>qui</strong></span> <span class='ocrx_word' id='word_1_42' title='bbox 462 561 671 598; x_wconf 87' lang='lat' dir='ltr'><strong>mutare</strong></span> <span class='ocrx_word' id='word_1_43' title='bbox 717 544 868 597; x_wconf 87' lang='lat' dir='ltr'><strong>sedes</strong></span> <span class='ocrx_word' id='word_1_44' title='bbox 911 544 1261 613; x_wconf 77' lang='lat' dir='ltr'><strong>quaerebant:</strong></span> <span class='ocrx_word' id='word_1_45' title='bbox 1313 552 1370 592; x_wconf 88' lang='lat' dir='ltr'><strong>et</strong></span> <span class='ocrx_word' id='word_1_46' title='bbox 1405 541 1681 594; x_wconf 88' lang='lat' dir='ltr'><strong>inmensus</strong></span> <span class='ocrx_word' id='word_1_47' title='bbox 1722 544 1879 621; x_wconf 56' lang='lat' dir='ltr'><strong>nitra,</strong></span> 
     </span>
     <span class='ocr_line' id='line_1_9' title="bbox 73 612 1882 688; baseline -0.003 -17"><span class='ocrx_word' id='word_1_48' title='bbox 73 630 243 688; x_wconf 86' lang='lat' dir='ltr'><strong>utque</strong></span> <span class='ocrx_word' id='word_1_49' title='bbox 281 618 358 669; x_wconf 87' lang='lat' dir='ltr'><strong>sic</strong></span> <span class='ocrx_word' id='word_1_50' title='bbox 395 616 648 681; x_wconf 82' lang='lat' dir='ltr'><strong>dixerim,</strong></span> <span class='ocrx_word' id='word_1_51' title='bbox 673 615 928 667; x_wconf 87' lang='lat' dir='ltr'><strong>adversus</strong></span> <span class='ocrx_word' id='word_1_52' title='bbox 955 612 1210 666; x_wconf 81' lang='lat' dir='ltr'><strong>Oceanus</strong></span> <span class='ocrx_word' id='word_1_53' title='bbox 1241 612 1375 664; x_wconf 84' lang='lat' dir='ltr'><strong>raris</strong></span> <span class='ocrx_word' id='word_1_54' title='bbox 1418 614 1487 664; x_wconf 92' lang='lat' dir='ltr'><strong>ab</strong></span> <span class='ocrx_word' id='word_1_55' title='bbox 1527 614 1658 664; x_wconf 91' lang='lat' dir='ltr'><strong>orbe</strong></span> <span class='ocrx_word' id='word_1_56' title='bbox 1694 626 1882 666; x_wconf 85' lang='lat' dir='ltr'><strong>nostro</strong></span> 
     </span>
    </p>
   </div>
   <div class='ocr_carea' id='block_1_7' title="bbox 73 687 526 742">
    <p class='ocr_par' dir='ltr' id='par_1_7' title="bbox 73 687 526 742">
     <span class='ocr_line' id='line_1_10' title="bbox 73 687 526 742; baseline -0.009 0"><span class='ocrx_word' id='word_1_57' title='bbox 73 690 304 742; x_wconf 86' lang='lat' dir='ltr'><strong>navibus</strong></span> <span class='ocrx_word' id='word_1_58' title='bbox 331 687 526 740; x_wconf 86' lang='lat' dir='ltr'><strong>aditur.</strong></span> 
     </span>
    </p>
   </div>
   <div class='ocr_carea' id='block_1_8' title="bbox 605 682 1885 754">
    <p class='ocr_par' dir='ltr' id='par_1_8' title="bbox 605 682 1885 754">
     <span class='ocr_line' id='line_1_11' title="bbox 605 682 1885 754; baseline -0.001 -17"><span class='ocrx_word' id='word_1_59' title='bbox 605 686 744 745; x_wconf 84' lang='lat' dir='ltr'><strong>Quis</strong></span> <span class='ocrx_word' id='word_1_60' title='bbox 790 702 970 754; x_wconf 86' lang='lat' dir='ltr'><strong>porr0,</strong></span> <span class='ocrx_word' id='word_1_61' title='bbox 1013 694 1218 754; x_wconf 76' lang='lat' dir='ltr'><strong>praeter</strong></span> <span class='ocrx_word' id='word_1_62' title='bbox 1248 682 1546 754; x_wconf 84' lang='lat' dir='ltr'><strong>periculum</strong></span> <span class='ocrx_word' id='word_1_63' title='bbox 1586 683 1791 736; x_wconf 82' lang='lat' dir='ltr'><strong>horridi</strong></span> <span class='ocrx_word' id='word_1_64' title='bbox 1827 696 1885 736; x_wconf 87' lang='lat' dir='ltr'><strong>et</strong></span> 
     </span>
    </p>
   </div>
   <div class='ocr_carea' id='block_1_9' title="bbox 73 753 1884 1042">
    <p class='ocr_par' dir='ltr' id='par_1_9' title="bbox 73 753 1884 1042">
     <span class='ocr_line' id='line_1_12' title="bbox 75 753 1884 831; baseline -0.003 -18"><span class='ocrx_word' id='word_1_65' title='bbox 75 759 254 831; x_wconf 86' lang='lat' dir='ltr'><strong>ignoti</strong></span> <span class='ocrx_word' id='word_1_66' title='bbox 283 759 462 821; x_wconf 82' lang='lat' dir='ltr'><strong>mariS,</strong></span> <span class='ocrx_word' id='word_1_67' title='bbox 491 756 624 808; x_wconf 87' lang='lat' dir='ltr'><strong>Asia</strong></span> <span class='ocrx_word' id='word_1_68' title='bbox 650 767 743 807; x_wconf 88' lang='lat' dir='ltr'><strong>aut</strong></span> <span class='ocrx_word' id='word_1_69' title='bbox 770 754 961 806; x_wconf 87' lang='lat' dir='ltr'><strong>Africa</strong></span> <span class='ocrx_word' id='word_1_70' title='bbox 986 766 1082 806; x_wconf 86' lang='lat' dir='ltr'><strong>aut</strong></span> <span class='ocrx_word' id='word_1_71' title='bbox 1109 753 1268 805; x_wconf 87' lang='lat' dir='ltr'><strong>Italia</strong></span> <span class='ocrx_word' id='word_1_72' title='bbox 1296 753 1500 818; x_wconf 87' lang='lat' dir='ltr'><strong>relicta,</strong></span> <span class='ocrx_word' id='word_1_73' title='bbox 1530 753 1884 807; x_wconf 83' lang='lat' dir='ltr'><strong>Germaniam</strong></span> 
     </span>
     <span class='ocr_line' id='line_1_13' title="bbox 74 822 1883 901; baseline -0.003 -18"><span class='ocrx_word' id='word_1_74' title='bbox 74 833 326 901; x_wconf 79' lang='lat' dir='ltr'><strong>peteret?</strong></span> <span class='ocrx_word' id='word_1_75' title='bbox 365 827 653 880; x_wconf 86' lang='lat' dir='ltr'><strong>informem</strong></span> <span class='ocrx_word' id='word_1_76' title='bbox 694 822 867 890; x_wconf 87' lang='lat' dir='ltr'><strong>terris,</strong></span> <span class='ocrx_word' id='word_1_77' title='bbox 893 827 1140 895; x_wconf 77' lang='lat' dir='ltr'><strong>asperam</strong></span> <span class='ocrx_word' id='word_1_78' title='bbox 1175 824 1340 888; x_wconf 84' lang='lat' dir='ltr'><strong>coe10,</strong></span> <span class='ocrx_word' id='word_1_79' title='bbox 1370 824 1577 877; x_wconf 85' lang='lat' dir='ltr'><strong>tristem</strong></span> <span class='ocrx_word' id='word_1_80' title='bbox 1613 825 1761 878; x_wconf 88' lang='lat' dir='ltr'><strong>cultu</strong></span> <span class='ocrx_word' id='word_1_81' title='bbox 1789 826 1883 879; x_wconf 87' lang='lat' dir='ltr'><strong>ad-</strong></span> 
     </span>
     <span class='ocr_line' id='line_1_14' title="bbox 75 894 1884 971; baseline -0.002 -18"><span class='ocrx_word' id='word_1_82' title='bbox 75 910 390 971; x_wconf 86' lang='lat' dir='ltr'><strong>spectuque,</strong></span> <span class='ocrx_word' id='word_1_83' title='bbox 417 897 521 950; x_wconf 87' lang='lat' dir='ltr'><strong>nisi</strong></span> <span class='ocrx_word' id='word_1_84' title='bbox 561 897 604 948; x_wconf 89' lang='lat' dir='ltr'><strong>si</strong></span> <span class='ocrx_word' id='word_1_85' title='bbox 645 898 820 966; x_wconf 88' lang='lat' dir='ltr'><strong>patria</strong></span> <span class='ocrx_word' id='word_1_86' title='bbox 864 896 952 949; x_wconf 88' lang='lat' dir='ltr'><strong>sit.</strong></span> <span class='ocrx_word' id='word_1_87' title='bbox 1028 894 1321 948; x_wconf 84' lang='lat' dir='ltr'><strong>Celebrant</strong></span> <span class='ocrx_word' id='word_1_88' title='bbox 1369 895 1701 948; x_wconf 83' lang='lat' dir='ltr'><strong>carminibus</strong></span> <span class='ocrx_word' id='word_1_89' title='bbox 1742 897 1884 950; x_wconf 87' lang='lat' dir='ltr'><strong>anti-</strong></span> 
     </span>
     <span class='ocr_line' id='line_1_15' title="bbox 73 965 1884 1042; baseline -0.002 -18"><span class='ocrx_word' id='word_1_90' title='bbox 73 971 196 1042; x_wconf 88' lang='lat' dir='ltr'><strong>quis</strong></span> <span class='ocrx_word' id='word_1_91' title='bbox 221 969 393 1040; x_wconf 87' lang='lat' dir='ltr'><strong>(quod</strong></span> <span class='ocrx_word' id='word_1_92' title='bbox 441 986 607 1021; x_wconf 88' lang='lat' dir='ltr'><strong>unum</strong></span> <span class='ocrx_word' id='word_1_93' title='bbox 656 966 800 1038; x_wconf 87' lang='lat' dir='ltr'><strong>apud</strong></span> <span class='ocrx_word' id='word_1_94' title='bbox 844 966 966 1019; x_wconf 80' lang='lat' dir='ltr'><strong>iilos</strong></span> <span class='ocrx_word' id='word_1_95' title='bbox 1001 966 1279 1018; x_wconf 82' lang='lat' dir='ltr'><strong>memoriae</strong></span> <span class='ocrx_word' id='word_1_96' title='bbox 1315 977 1371 1017; x_wconf 87' lang='lat' dir='ltr'><strong>et</strong></span> <span class='ocrx_word' id='word_1_97' title='bbox 1406 965 1681 1019; x_wconf 86' lang='lat' dir='ltr'><strong>annalium</strong></span> <span class='ocrx_word' id='word_1_98' title='bbox 1712 985 1884 1038; x_wconf 86' lang='lat' dir='ltr'><strong>genus</strong></span> 
     </span>
    </p>
   </div>
   <div class='ocr_carea' id='block_1_10' title="bbox 74 1109 954 1160">
    <p class='ocr_par' dir='ltr' id='par_1_10' title="bbox 74 1109 954 1160">
     <span class='ocr_line' id='line_1_16' title="bbox 74 1109 954 1160; baseline -0.006 -10"><span class='ocrx_word' id='word_1_99' title='bbox 74 1113 168 1150; x_wconf 85' lang='lat' dir='ltr'><strong>dum</strong></span> <span class='ocrx_word' id='word_1_100' title='bbox 185 1112 228 1150; x_wconf 88' lang='lat' dir='ltr'><strong>in</strong></span> <span class='ocrx_word' id='word_1_101' title='bbox 244 1115 420 1160; x_wconf 80' lang='lat' dir='ltr'><strong>margine</strong></span> <span class='ocrx_word' id='word_1_102' title='bbox 441 1110 603 1149; x_wconf 82' lang='lat' dir='ltr'><em>Abnoba</em></span> <span class='ocrx_word' id='word_1_103' title='bbox 621 1113 693 1148; x_wconf 77' lang='lat' dir='ltr'><strong>est.</strong></span> <span class='ocrx_word' id='word_1_104' title='bbox 737 1109 801 1148; x_wconf 89' lang='lat'><strong>111.</strong></span> <span class='ocrx_word' id='word_1_105' title='bbox 819 1113 954 1147; x_wconf 83' lang='lat' dir='ltr'><strong>tamen</strong></span> 
     </span>
    </p>
   </div>
   <div class='ocr_carea' id='block_1_11' title="bbox 0 1164 958 1365">
    <p class='ocr_par' dir='ltr' id='par_1_11' title="bbox 0 1164 958 1365">
     <span class='ocr_line' id='line_1_17' title="bbox 7 1164 956 1213; baseline -0.005 -8"><span class='ocrx_word' id='word_1_106' title='bbox 7 1188 9 1190; x_wconf 96' lang='lat'>·</span> <span class='ocrx_word' id='word_1_107' title='bbox 73 1166 296 1205; x_wconf 79' lang='lat' dir='ltr'><strong>Rezzonico</strong></span> <span class='ocrx_word' id='word_1_108' title='bbox 313 1167 356 1203; x_wconf 85' lang='lat' dir='ltr'><strong>in</strong></span> <span class='ocrx_word' id='word_1_109' title='bbox 375 1165 461 1204; x_wconf 86' lang='lat' dir='ltr'><strong>MS.</strong></span> <span class='ocrx_word' id='word_1_110' title='bbox 481 1164 630 1213; x_wconf 84' lang='lat' dir='ltr'><strong>reperit</strong></span> <span class='ocrx_word' id='word_1_111' title='bbox 653 1164 831 1209; x_wconf 79' lang='lat' dir='ltr'><strong>Abnova,</strong></span> <span class='ocrx_word' id='word_1_112' title='bbox 849 1164 956 1211; x_wconf 74' lang='lat' dir='ltr'><strong>eJus-</strong></span> 
     </span>
     <span class='ocr_line' id='line_1_18' title="bbox 0 1216 954 1270; baseline -0.005 -12"><span class='ocrx_word' id='word_1_113' title='bbox 0 1226 18 1265; x_wconf 50' lang='grc' dir='ltr'><strong>,ἦ</strong></span> <span class='ocrx_word' id='word_1_114' title='bbox 75 1220 241 1270; x_wconf 85' lang='lat' dir='ltr'><strong>demque</strong></span> <span class='ocrx_word' id='word_1_115' title='bbox 267 1220 447 1256; x_wconf 82' lang='lat' dir='ltr'><strong>lectionis</strong></span> <span class='ocrx_word' id='word_1_116' title='bbox 473 1218 641 1266; x_wconf 79' lang='lat' dir='ltr'><strong>vestigia</strong></span> <span class='ocrx_word' id='word_1_117' title='bbox 657 1218 700 1254; x_wconf 90' lang='lat' dir='ltr'><strong>in</strong></span> <span class='ocrx_word' id='word_1_118' title='bbox 725 1216 818 1261; x_wconf 84' lang='lat' dir='ltr'><strong>alio,</strong></span> <span class='ocrx_word' id='word_1_119' title='bbox 835 1227 954 1265; x_wconf 78' lang='lat' dir='ltr'><strong>quam</strong></span> 
     </span>
     <span class='ocr_line' id='line_1_19' title="bbox 74 1270 956 1321; baseline -0.005 -11.387"><span class='ocrx_word' id='word_1_120' title='bbox 74 1273 282 1310; x_wconf 77' lang='lat' dir='ltr'><strong>lectionem</strong></span> <span class='ocrx_word' id='word_1_121' title='bbox 301 1283 435 1311; x_wconf 77' lang='lat' dir='ltr'><strong>veram</strong></span> <span class='ocrx_word' id='word_1_122' title='bbox 454 1275 584 1321; x_wconf 75' lang='lat' dir='ltr'><strong>putat.</strong></span> <span class='ocrx_word' id='word_1_123' title='bbox 623 1271 698 1308; x_wconf 85' lang='lat' dir='ltr'><strong>Sed</strong></span> <span class='ocrx_word' id='word_1_124' title='bbox 715 1271 772 1307; x_wconf 87' lang='lat' dir='ltr'><strong>nil</strong></span> <span class='ocrx_word' id='word_1_125' title='bbox 788 1270 956 1307; x_wconf 79' lang='lat' dir='ltr'><strong>interest</strong></span> 
     </span>
     <span class='ocr_line' id='line_1_20' title="bbox 0 1324 958 1365; baseline -0.005 -1"><span class='ocrx_word' id='word_1_126' title='bbox 0 1324 2 1326; x_wconf 67' lang='grc'>’</span> <span class='ocrx_word' id='word_1_127' title='bbox 75 1327 182 1364; x_wconf 77' lang='lat' dir='ltr'><strong>inter</strong></span> <span class='ocrx_word' id='word_1_128' title='bbox 197 1327 399 1364; x_wconf 69' lang='lat' dir='ltr'><strong>Abnobam</strong></span> <span class='ocrx_word' id='word_1_129' title='bbox 415 1329 457 1362; x_wconf 82' lang='lat' dir='ltr'><strong>et</strong></span> <span class='ocrx_word' id='word_1_130' title='bbox 481 1325 683 1363; x_wconf 83' lang='lat' dir='ltr'><strong>Abnovam</strong></span> <span class='ocrx_word' id='word_1_131' title='bbox 694 1339 711 1365; x_wconf 83' lang='lat'><strong>,-</strong></span> <span class='ocrx_word' id='word_1_132' title='bbox 741 1324 845 1360; x_wconf 86' lang='lat' dir='ltr'><strong>sicut</strong></span> <span class='ocrx_word' id='word_1_133' title='bbox 865 1325 958 1360; x_wconf 84' lang='lat' dir='ltr'><strong>Pto-</strong></span> 
     </span>
    </p>
   </div>
   <div class='ocr_carea' id='block_1_12' title="bbox 64 1376 964 3197">
    <p class='ocr_par' dir='ltr' id='par_1_12' title="bbox 64 1376 963 3141">
     <span class='ocr_line' id='line_1_21' title="bbox 74 1376 958 1425; baseline -0.005 -8"><span class='ocrx_word' id='word_1_134' title='bbox 74 1381 235 1418; x_wconf 81' lang='lat' dir='ltr'><strong>lemaeus</strong></span> <span class='ocrx_word' id='word_1_135' title='bbox 250 1379 384 1418; x_wconf 76' lang='lat' dir='ltr'><strong>‘habet</strong></span> <span class='ocrx_word' id='word_1_136' title='bbox 411 1377 538 1417; x_wconf 66' lang='lat' dir='ltr'><strong>Alme.</strong></span> <span class='ocrx_word' id='word_1_137' title='bbox 565 1378 679 1425; x_wconf 81' lang='lat' dir='ltr'><strong>cujus</strong></span> <span class='ocrx_word' id='word_1_138' title='bbox 707 1378 827 1414; x_wconf 85' lang='lat' dir='ltr'><strong>etiam</strong></span> <span class='ocrx_word' id='word_1_139' title='bbox 844 1376 958 1414; x_wconf 84' lang='lat' dir='ltr'><strong>testi-</strong></span> 
     </span>
     <span class='ocr_line' id='line_1_22' title="bbox 75 1431 957 1480; baseline -0.005 -9"><span class='ocrx_word' id='word_1_140' title='bbox 75 1434 253 1471; x_wconf 84' lang='lat' dir='ltr'><strong>monium</strong></span> <span class='ocrx_word' id='word_1_141' title='bbox 271 1434 403 1471; x_wconf 81' lang='lat' dir='ltr'><strong>firmat</strong></span> <span class='ocrx_word' id='word_1_142' title='bbox 430 1432 638 1470; x_wconf 75' lang='lat' dir='ltr'><strong>lectionem</strong></span> <span class='ocrx_word' id='word_1_143' title='bbox 666 1431 830 1467; x_wconf 77' lang='lat' dir='ltr'><strong>Abnoba</strong></span> <span class='ocrx_word' id='word_1_144' title='bbox 851 1432 957 1480; x_wconf 86' lang='lat' dir='ltr'><strong>apud</strong></span> 
     </span>
     <span class='ocr_line' id='line_1_23' title="bbox 76 1484 955 1532; baseline -0.007 -6"><span class='ocrx_word' id='word_1_145' title='bbox 76 1487 251 1526; x_wconf 82' lang='lat' dir='ltr'><strong>Plinium</strong></span> <span class='ocrx_word' id='word_1_146' title='bbox 282 1490 324 1524; x_wconf 84' lang='lat' dir='ltr'><strong>et</strong></span> <span class='ocrx_word' id='word_1_147' title='bbox 351 1489 544 1523; x_wconf 84' lang='lat' dir='ltr'><strong>nostrum.</strong></span> <span class='ocrx_word' id='word_1_148' title='bbox 566 1485 682 1522; x_wconf 74' lang='lat' dir='ltr'><strong>ERN,</strong></span> <span class='ocrx_word' id='word_1_149' title='bbox 710 1484 828 1532; x_wconf 88' lang='lat' dir='ltr'><strong>Apud</strong></span> <span class='ocrx_word' id='word_1_150' title='bbox 855 1484 955 1521; x_wconf 86' lang='lat' dir='ltr'><strong>Ptol.</strong></span> 
     </span>
     <span class='ocr_line' id='line_1_24' title="bbox 64 1534 957 1590; baseline -0.007 -11"><span class='ocrx_word' id='word_1_151' title='bbox 64 1544 118 1586; x_wconf 78' lang='lat'><strong>-2,</strong></span> <span class='ocrx_word' id='word_1_152' title='bbox 140 1546 156 1578; x_wconf 85' lang='lat'>1</span> <span class='ocrx_word' id='word_1_153' title='bbox 167 1546 202 1578; x_wconf 87' lang='lat'><strong>1.</strong></span> <span class='ocrx_word' id='word_1_154' title='bbox 219 1540 407 1578; x_wconf 78' lang='lat' dir='ltr'><strong>dicuntur</strong></span> <span class='ocrx_word' id='word_1_155' title='bbox 421 1536 619 1576; x_wconf 65' lang='lat' dir='ltr'><strong>’Aevoeoei&#39;ae</strong></span> <span class='ocrx_word' id='word_1_156' title='bbox 634 1534 709 1590; x_wconf 64' lang='lat'><strong>‘&#39;⁸¹3⁹”</strong></span> <span class='ocrx_word' id='word_1_157' title='bbox 723 1538 819 1574; x_wconf 84' lang='lat' dir='ltr'><strong>item</strong></span> <span class='ocrx_word' id='word_1_158' title='bbox 828 1536 957 1575; x_wconf 64' lang='lat' dir='ltr'><strong>&#39;&#39;Aevo-</strong></span> 
     </span>
     <span class='ocr_line' id='line_1_25' title="bbox 79 1590 958 1636; baseline -0.005 -5"><span class='ocrx_word' id='word_1_159' title='bbox 79 1594 129 1631; x_wconf 68' lang='grc' dir='ltr'><strong>ἔα</strong></span> <span class='ocrx_word' id='word_1_160' title='bbox 154 1594 217 1631; x_wconf 69' lang='lat' dir='ltr'><strong>vel</strong></span> <span class='ocrx_word' id='word_1_161' title='bbox 241 1592 394 1632; x_wconf 38' lang='lat' dir='ltr'><strong>A‘r’a&#39;nssoe.</strong></span> <span class='ocrx_word' id='word_1_162' title='bbox 410 1593 496 1630; x_wconf 76' lang='lat' dir='ltr'><strong>-Ed-</strong></span> <span class='ocrx_word' id='word_1_163' title='bbox 511 1593 629 1630; x_wconf 81' lang='lat' dir='ltr'><strong>Rom.</strong></span> <span class='ocrx_word' id='word_1_164' title='bbox 650 1591 772 1628; x_wconf 79' lang='lat' dir='ltr'><strong>habet</strong></span> <span class='ocrx_word' id='word_1_165' title='bbox 788 1590 958 1636; x_wconf 74' lang='lat' dir='ltr'><strong>Arnobe,</strong></span> 
     </span>
     <span class='ocr_line' id='line_1_26' title="bbox 78 1644 957 1695; baseline -0.006 -10"><span class='ocrx_word' id='word_1_166' title='bbox 78 1646 260 1686; x_wconf 84' lang='lat' dir='ltr'><strong>Norimb.</strong></span> <span class='ocrx_word' id='word_1_167' title='bbox 276 1647 412 1692; x_wconf 83' lang='lat' dir='ltr'><strong>editio,</strong></span> <span class='ocrx_word' id='word_1_168' title='bbox 429 1657 516 1695; x_wconf 82' lang='lat' dir='ltr'><strong>quae</strong></span> <span class='ocrx_word' id='word_1_169' title='bbox 542 1644 688 1682; x_wconf 84' lang='lat' dir='ltr'><strong>dicitur</strong></span> <span class='ocrx_word' id='word_1_170' title='bbox 705 1645 824 1682; x_wconf 81' lang='lat' dir='ltr'><strong>codex</strong></span> <span class='ocrx_word' id='word_1_171' title='bbox 849 1645 957 1692; x_wconf 82' lang='lat' dir='ltr'><strong>Kap-</strong></span> 
     </span>
     <span class='ocr_line' id='line_1_27' title="bbox 77 1698 959 1750; baseline -0.006 -11"><span class='ocrx_word' id='word_1_172' title='bbox 77 1701 135 1750; x_wconf 82' lang='lat' dir='ltr'><strong>pii</strong></span> <span class='ocrx_word' id='word_1_173' title='bbox 154 1702 250 1739; x_wconf 83' lang='lat' dir='ltr'><strong>item</strong></span> <span class='ocrx_word' id='word_1_174' title='bbox 278 1700 481 1748; x_wconf 83' lang='lat' dir='ltr'><strong>Artolphi,</strong></span> <span class='ocrx_word' id='word_1_175' title='bbox 505 1698 687 1737; x_wconf 80' lang='lat' dir='ltr'><strong>Amobae.</strong></span> <span class='ocrx_word' id='word_1_176' title='bbox 743 1698 959 1736; x_wconf 82' lang='lat' dir='ltr'><strong>Rhenanus</strong></span> 
     </span>
     <span class='ocr_line' id='line_1_28' title="bbox 78 1751 958 1800; baseline -0.005 -8"><span class='ocrx_word' id='word_1_177' title='bbox 78 1755 144 1792; x_wconf 84' lang='lat' dir='ltr'><strong>hic</strong></span> <span class='ocrx_word' id='word_1_178' title='bbox 159 1755 202 1792; x_wconf 86' lang='lat' dir='ltr'><strong>iu</strong></span> <span class='ocrx_word' id='word_1_179' title='bbox 218 1754 356 1792; x_wconf 86' lang='lat' dir='ltr'><strong>limine</strong></span> <span class='ocrx_word' id='word_1_180' title='bbox 369 1753 503 1790; x_wconf 82' lang='lat' dir='ltr'><strong>statim</strong></span> <span class='ocrx_word' id='word_1_181' title='bbox 518 1752 680 1790; x_wconf 86' lang='lat' dir='ltr'><strong>humani</strong></span> <span class='ocrx_word' id='word_1_182' title='bbox 699 1751 792 1800; x_wconf 88' lang='lat' dir='ltr'><strong>quid</strong></span> <span class='ocrx_word' id='word_1_183' title='bbox 806 1762 958 1798; x_wconf 82' lang='lat' dir='ltr'><strong>passus,</strong></span> 
     </span>
     <span class='ocr_line' id='line_1_29' title="bbox 77 1804 959 1857; baseline -0.006 -11"><span class='ocrx_word' id='word_1_184' title='bbox 77 1808 148 1857; x_wconf 86' lang='lat' dir='ltr'><strong>qui</strong></span> <span class='ocrx_word' id='word_1_185' title='bbox 166 1809 257 1846; x_wconf 77' lang='lat' dir='ltr'><strong>esic</strong></span> <span class='ocrx_word' id='word_1_186' title='bbox 272 1808 378 1845; x_wconf 87' lang='lat' dir='ltr'><strong>dicto</strong></span> <span class='ocrx_word' id='word_1_187' title='bbox 404 1806 535 1843; x_wconf 85' lang='lat' dir='ltr'><strong>codice</strong></span> <span class='ocrx_word' id='word_1_188' title='bbox 562 1807 638 1842; x_wconf 86' lang='lat' dir='ltr'><strong>isto</strong></span> <span class='ocrx_word' id='word_1_189' title='bbox 657 1804 838 1853; x_wconf 83' lang='lat' dir='ltr'><strong>Artolpbi</strong></span> <span class='ocrx_word' id='word_1_190' title='bbox 869 1816 959 1854; x_wconf 86' lang='lat' dir='ltr'><strong>pro-</strong></span> 
     </span>
     <span class='ocr_line' id='line_1_30' title="bbox 77 1861 958 1909; baseline -0.007 -8"><span class='ocrx_word' id='word_1_191' title='bbox 77 1863 156 1901; x_wconf 76' lang='lat' dir='ltr'><strong>fert</strong></span> <span class='ocrx_word' id='word_1_192' title='bbox 170 1861 356 1900; x_wconf 76' lang='lat' dir='ltr'><strong>Abnoboe.</strong></span> <span class='ocrx_word' id='word_1_193' title='bbox 408 1861 513 1898; x_wconf 84' lang='lat' dir='ltr'><strong>Eum</strong></span> <span class='ocrx_word' id='word_1_194' title='bbox 530 1861 676 1909; x_wconf 84' lang='lat' dir='ltr'><strong>quippe</strong></span> <span class='ocrx_word' id='word_1_195' title='bbox 694 1870 731 1896; x_wconf 80' lang='lat' dir='ltr'><strong>a.</strong></span> <span class='ocrx_word' id='word_1_196' title='bbox 753 1863 872 1896; x_wconf 82' lang='grc'><strong>1533.</strong></span> <span class='ocrx_word' id='word_1_197' title='bbox 888 1870 958 1896; x_wconf 88' lang='lat' dir='ltr'><strong>no-</strong></span> 
     </span>
     <span class='ocr_line' id='line_1_31' title="bbox 77 1913 958 1965; baseline -0.006 -11"><span class='ocrx_word' id='word_1_198' title='bbox 77 1921 123 1953; x_wconf 74' lang='lat' dir='ltr'><strong>ta</strong></span> <span class='ocrx_word' id='word_1_199' title='bbox 139 1913 386 1965; x_wconf 78' lang='lat' dir='ltr'><strong>fugientibus</strong></span> <span class='ocrx_word' id='word_1_200' title='bbox 402 1913 548 1951; x_wconf 83' lang='lat' dir='ltr'><strong>litteris</strong></span> <span class='ocrx_word' id='word_1_201' title='bbox 563 1913 732 1960; x_wconf 84' lang='lat' dir='ltr'><strong>margini</strong></span> <span class='ocrx_word' id='word_1_202' title='bbox 759 1913 958 1960; x_wconf 82' lang='lat' dir='ltr'><strong>exempla-</strong></span> 
     </span>
     <span class='ocr_line' id='line_1_32' title="bbox 77 1966 959 2017; baseline -0.005 -10"><span class='ocrx_word' id='word_1_203' title='bbox 77 1970 132 2007; x_wconf 80' lang='lat' dir='ltr'><strong>ris</strong></span> <span class='ocrx_word' id='word_1_204' title='bbox 148 1969 272 2007; x_wconf 81' lang='lat' dir='ltr'><strong>adlita</strong></span> <span class='ocrx_word' id='word_1_205' title='bbox 287 1969 454 2017; x_wconf 83' lang='lat' dir='ltr'><strong>decepit,</strong></span> <span class='ocrx_word' id='word_1_206' title='bbox 473 1971 520 2004; x_wconf 88' lang='lat' dir='ltr'><strong>ut</strong></span> <span class='ocrx_word' id='word_1_207' title='bbox 545 1967 679 2004; x_wconf 87' lang='lat' dir='ltr'><strong>monui</strong></span> <span class='ocrx_word' id='word_1_208' title='bbox 702 1966 744 2003; x_wconf 88' lang='lat' dir='ltr'><strong>in</strong></span> <span class='ocrx_word' id='word_1_209' title='bbox 762 1966 959 2014; x_wconf 77' lang='lat' dir='ltr'><strong>praefatio-</strong></span> 
     </span>
     <span class='ocr_line' id='line_1_33' title="bbox 78 2021 959 2061; baseline -0.006 0"><span class='ocrx_word' id='word_1_210' title='bbox 78 2035 142 2061; x_wconf 79' lang='lat' dir='ltr'><strong>ne.</strong></span> <span class='ocrx_word' id='word_1_211' title='bbox 196 2023 383 2061; x_wconf 77' lang='lat' dir='ltr'><strong>Ceterum</strong></span> <span class='ocrx_word' id='word_1_212' title='bbox 425 2021 596 2060; x_wconf 76' lang='lat' dir='ltr'><strong>Abnoba·</strong></span> <span class='ocrx_word' id='word_1_213' title='bbox 637 2031 781 2057; x_wconf 89' lang='lat' dir='ltr'><strong>nomen</strong></span> <span class='ocrx_word' id='word_1_214' title='bbox 822 2031 959 2056; x_wconf 83' lang='lat' dir='ltr'><strong>verum</strong></span> 
     </span>
     <span class='ocr_line' id='line_1_34' title="bbox 79 2073 961 2122; baseline -0.006 -8"><span class='ocrx_word' id='word_1_215' title='bbox 79 2088 179 2122; x_wconf 75' lang='lat' dir='ltr'><strong>csse,</strong></span> <span class='ocrx_word' id='word_1_216' title='bbox 211 2078 470 2115; x_wconf 79' lang='lat' dir='ltr'><strong>monumenta</strong></span> <span class='ocrx_word' id='word_1_217' title='bbox 502 2073 607 2111; x_wconf 87' lang='lat' dir='ltr'><strong>haud</strong></span> <span class='ocrx_word' id='word_1_218' title='bbox 634 2073 693 2111; x_wconf 86' lang='lat' dir='ltr'><strong>ita</strong></span> <span class='ocrx_word' id='word_1_219' title='bbox 722 2073 873 2122; x_wconf 85' lang='lat' dir='ltr'><strong>pridem</strong></span> <span class='ocrx_word' id='word_1_220' title='bbox 899 2084 961 2110; x_wconf 85' lang='lat' dir='ltr'><strong>re-</strong></span> 
     </span>
     <span class='ocr_line' id='line_1_35' title="bbox 80 2126 961 2180; baseline -0.007 -12"><span class='ocrx_word' id='word_1_221' title='bbox 80 2133 196 2180; x_wconf 80' lang='lat' dir='ltr'><strong>perta</strong></span> <span class='ocrx_word' id='word_1_222' title='bbox 228 2129 386 2168; x_wconf 82' lang='lat' dir='ltr'><strong>abunde</strong></span> <span class='ocrx_word' id='word_1_223' title='bbox 424 2128 669 2166; x_wconf 82' lang='lat' dir='ltr'><strong>confirmant.</strong></span> <span class='ocrx_word' id='word_1_224' title='bbox 724 2126 884 2164; x_wconf 71' lang='lat' dir='ltr'><strong>Sciiicet</strong></span> <span class='ocrx_word' id='word_1_225' title='bbox 918 2127 961 2163; x_wconf 84' lang='lat' dir='ltr'><strong>in</strong></span> 
     </span>
     <span class='ocr_line' id='line_1_36' title="bbox 81 2179 960 2234; baseline -0.008 -11"><span class='ocrx_word' id='word_1_226' title='bbox 81 2185 170 2234; x_wconf 75' lang='lat' dir='ltr'><strong>ipsa</strong></span> <span class='ocrx_word' id='word_1_227' title='bbox 196 2182 324 2232; x_wconf 77' lang='lat' dir='ltr'><strong>Nigra</strong></span> <span class='ocrx_word' id='word_1_228' title='bbox 360 2181 460 2219; x_wconf 74' lang='lat' dir='ltr'><strong>silva</strong></span> <span class='ocrx_word' id='word_1_229' title='bbox 497 2181 580 2218; x_wconf 83' lang='lat' dir='ltr'><strong>sive</strong></span> <span class='ocrx_word' id='word_1_230' title='bbox 619 2183 753 2217; x_wconf 81' lang='lat' dir='ltr'><strong>monte</strong></span> <span class='ocrx_word' id='word_1_231' title='bbox 789 2179 960 2217; x_wconf 81' lang='lat' dir='ltr'><strong>Abnoba</strong></span> 
     </span>
     <span class='ocr_line' id='line_1_37' title="bbox 79 2233 959 2287; baseline -0.002 -12"><span class='ocrx_word' id='word_1_232' title='bbox 79 2239 239 2287; x_wconf 74' lang='lat' dir='ltr'><strong>reperta</strong></span> <span class='ocrx_word' id='word_1_233' title='bbox 268 2239 329 2273; x_wconf 74' lang='lat' dir='ltr'><strong>est</strong></span> <span class='ocrx_word' id='word_1_234' title='bbox 355 2246 392 2273; x_wconf 85' lang='lat' dir='ltr'><strong>a.</strong></span> <span class='ocrx_word' id='word_1_235' title='bbox 426 2240 527 2275; x_wconf 84' lang='grc'><strong>1778</strong></span> <span class='ocrx_word' id='word_1_236' title='bbox 558 2242 643 2280; x_wconf 77' lang='lat' dir='ltr'><strong>ara,</strong></span> <span class='ocrx_word' id='word_1_237' title='bbox 673 2233 865 2282; x_wconf 80' lang='lat' dir='ltr'><strong>inscripta</strong></span> <span class='ocrx_word' id='word_1_238' title='bbox 888 2233 959 2273; x_wconf 77' lang='lat' dir='ltr'><strong>hoc</strong></span> 
     </span>
     <span class='ocr_line' id='line_1_38' title="bbox 79 2291 959 2330; baseline -0.007 0"><span class='ocrx_word' id='word_1_239' title='bbox 79 2291 220 2330; x_wconf 79' lang='lat' dir='ltr'><strong>titulo:</strong></span> <span class='ocrx_word' id='word_1_240' title='bbox 244 2300 290 2329; x_wconf 74' lang='lat' dir='ltr'><strong>m</strong></span> <span class='ocrx_word' id='word_1_241' title='bbox 306 2299 351 2327; x_wconf 77' lang='lat' dir='ltr'><strong>n.</strong></span> <span class='ocrx_word' id='word_1_242' title='bbox 364 2300 404 2328; x_wconf 83' lang='lat' dir='ltr'><strong>n.</strong></span> <span class='ocrx_word' id='word_1_243' title='bbox 418 2299 459 2327; x_wconf 87' lang='lat' dir='ltr'><strong>n.</strong></span> <span class='ocrx_word' id='word_1_244' title='bbox 475 2296 644 2326; x_wconf 60' lang='lat' dir='ltr'><strong>nemun</strong></span> <span class='ocrx_word' id='word_1_245' title='bbox 655 2296 853 2326; x_wconf 57' lang='lat' dir='ltr'><strong>annorum</strong></span> <span class='ocrx_word' id='word_1_246' title='bbox 866 2297 959 2324; x_wconf 64' lang='lat' dir='ltr'><strong>cns-</strong></span> 
     </span>
     <span class='ocr_line' id='line_1_39' title="bbox 80 2350 957 2383; baseline -0.007 0"><span class='ocrx_word' id='word_1_247' title='bbox 80 2354 234 2383; x_wconf 69' lang='lat' dir='ltr'><strong>erAst</strong></span> <span class='ocrx_word' id='word_1_248' title='bbox 261 2351 486 2383; x_wconf 71' lang='lat' dir='ltr'><strong>cAssA&#39;rxvs</strong></span> <span class='ocrx_word' id='word_1_249' title='bbox 518 2350 545 2379; x_wconf 75' lang='lat'><strong>1.</strong></span> <span class='ocrx_word' id='word_1_250' title='bbox 571 2351 597 2380; x_wconf 74' lang='grc' dir='ltr'><strong>ι.</strong></span> <span class='ocrx_word' id='word_1_251' title='bbox 626 2350 660 2378; x_wconf 76' lang='grc' dir='ltr'><strong>Μ</strong></span> <span class='ocrx_word' id='word_1_252' title='bbox 689 2351 742 2381; x_wconf 73' lang='lat' dir='ltr'><strong>m·</strong></span> <span class='ocrx_word' id='word_1_253' title='bbox 772 2350 957 2380; x_wconf 63' lang='lat' dir='ltr'><strong>armnv‘s</strong></span> 
     </span>
     <span class='ocr_line' id='line_1_40' title="bbox 82 2403 959 2443; baseline -0.008 -6"><span class='ocrx_word' id='word_1_254' title='bbox 82 2404 246 2437; x_wconf 59' lang='lat' dir='ltr'><strong>rattruut</strong></span> <span class='ocrx_word' id='word_1_255' title='bbox 273 2405 464 2435; x_wconf 62' lang='lat' dir='ltr'><strong>rancone</strong></span> <span class='ocrx_word' id='word_1_256' title='bbox 492 2405 547 2434; x_wconf 78' lang='lat' dir='ltr'><strong>m·</strong></span> <span class='ocrx_word' id='word_1_257' title='bbox 564 2403 698 2433; x_wconf 66' lang='lat' dir='ltr'><strong>cuno</strong></span> <span class='ocrx_word' id='word_1_258' title='bbox 731 2405 843 2432; x_wconf 78' lang='lat' dir='ltr'><strong>coss.</strong></span> <span class='ocrx_word' id='word_1_259' title='bbox 872 2404 959 2443; x_wconf 76' lang='lat' dir='ltr'><strong>quae</strong></span> 
     </span>
     <span class='ocr_line' id='line_1_41' title="bbox 82 2448 961 2500; baseline -0.008 -10"><span class='ocrx_word' id='word_1_260' title='bbox 82 2452 244 2500; x_wconf 80' lang='lat' dir='ltr'><strong>proinde</strong></span> <span class='ocrx_word' id='word_1_261' title='bbox 262 2451 314 2488; x_wconf 82' lang='lat' dir='ltr'><strong>A.</strong></span> <span class='ocrx_word' id='word_1_262' title='bbox 330 2450 385 2489; x_wconf 83' lang='lat' dir='ltr'><strong>U.</strong></span> <span class='ocrx_word' id='word_1_263' title='bbox 404 2451 452 2489; x_wconf 88' lang='lat' dir='ltr'><strong>C.</strong></span> <span class='ocrx_word' id='word_1_264' title='bbox 469 2451 565 2489; x_wconf 72' lang='lat'><strong>946.</strong></span> <span class='ocrx_word' id='word_1_265' title='bbox 584 2448 634 2486; x_wconf 87' lang='lat' dir='ltr'><strong>A.</strong></span> <span class='ocrx_word' id='word_1_266' title='bbox 651 2448 698 2485; x_wconf 84' lang='lat' dir='ltr'><strong>C.</strong></span> <span class='ocrx_word' id='word_1_267' title='bbox 720 2452 810 2487; x_wconf 83' lang='grc'><strong>193.</strong></span> <span class='ocrx_word' id='word_1_268' title='bbox 831 2448 961 2496; x_wconf 80' lang='lat' dir='ltr'><strong>posita</strong></span> 
     </span>
     <span class='ocr_line' id='line_1_42' title="bbox 80 2501 959 2546; baseline -0.007 -3"><span class='ocrx_word' id='word_1_269' title='bbox 80 2507 224 2543; x_wconf 75' lang='lat' dir='ltr'><strong>fuerat.</strong></span> <span class='ocrx_word' id='word_1_270' title='bbox 279 2505 494 2541; x_wconf 80' lang='lat' dir='ltr'><strong>sistiteam</strong></span> <span class='ocrx_word' id='word_1_271' title='bbox 521 2502 654 2546; x_wconf 83' lang='lat' dir='ltr'><strong>decus,</strong></span> <span class='ocrx_word' id='word_1_272' title='bbox 683 2501 777 2538; x_wconf 89' lang='lat' dir='ltr'><strong>dum</strong></span> <span class='ocrx_word' id='word_1_273' title='bbox 794 2503 959 2546; x_wconf 75' lang='lat' dir='ltr'><strong>viveret,</strong></span> 
     </span>
     <span class='ocr_line' id='line_1_43' title="bbox 81 2553 960 2600; baseline -0.007 -5"><span class='ocrx_word' id='word_1_274' title='bbox 81 2559 267 2596; x_wconf 84' lang='lat' dir='ltr'><strong>eximium</strong></span> <span class='ocrx_word' id='word_1_275' title='bbox 294 2558 332 2596; x_wconf 87' lang='lat' dir='ltr'><strong>S.</strong></span> <span class='ocrx_word' id='word_1_276' title='bbox 355 2556 603 2600; x_wconf 78' lang='lat' dir='ltr'><strong>Blasianum,</strong></span> <span class='ocrx_word' id='word_1_277' title='bbox 632 2553 770 2591; x_wconf 81' lang='lat' dir='ltr'><strong>Abbas</strong></span> <span class='ocrx_word' id='word_1_278' title='bbox 792 2553 960 2591; x_wconf 88' lang='lat' dir='ltr'><strong>Gerber-</strong></span> 
     </span>
     <span class='ocr_line' id='line_1_44' title="bbox 82 2608 960 2658; baseline -0.007 -8"><span class='ocrx_word' id='word_1_279' title='bbox 82 2620 149 2650; x_wconf 84' lang='lat' dir='ltr'><strong>tus</strong></span> <span class='ocrx_word' id='word_1_280' title='bbox 169 2613 211 2649; x_wconf 86' lang='lat' dir='ltr'><strong>in</strong></span> <span class='ocrx_word' id='word_1_281' title='bbox 229 2611 338 2650; x_wconf 83' lang='lat' dir='ltr'><strong>Hist.</strong></span> <span class='ocrx_word' id='word_1_282' title='bbox 357 2609 464 2647; x_wconf 82' lang='lat' dir='ltr'><strong>silvae</strong></span> <span class='ocrx_word' id='word_1_283' title='bbox 480 2609 603 2657; x_wconf 77' lang='lat' dir='ltr'><strong>nigrae</strong></span> <span class='ocrx_word' id='word_1_284' title='bbox 619 2610 653 2645; x_wconf 83' lang='lat' dir='ltr'><strong>t.</strong></span> <span class='ocrx_word' id='word_1_285' title='bbox 677 2612 712 2644; x_wconf 93' lang='grc'><strong>1.</strong></span> <span class='ocrx_word' id='word_1_286' title='bbox 729 2619 768 2658; x_wconf 87' lang='lat' dir='ltr'><strong>p.</strong></span> <span class='ocrx_word' id='word_1_287' title='bbox 788 2613 826 2646; x_wconf 89' lang='grc'><strong>7.</strong></span> <span class='ocrx_word' id='word_1_288' title='bbox 855 2608 960 2645; x_wconf 88' lang='lat' dir='ltr'><strong>Tum</strong></span> 
     </span>
     <span class='ocr_line' id='line_1_45' title="bbox 81 2660 960 2709; baseline -0.007 -6"><span class='ocrx_word' id='word_1_289' title='bbox 81 2676 176 2703; x_wconf 86' lang='lat' dir='ltr'><strong>vero</strong></span> <span class='ocrx_word' id='word_1_290' title='bbox 207 2676 244 2702; x_wconf 79' lang='lat' dir='ltr'><strong>a..</strong></span> <span class='ocrx_word' id='word_1_291' title='bbox 284 2668 400 2703; x_wconf 79' lang='grc'><strong>1784.</strong></span> <span class='ocrx_word' id='word_1_292' title='bbox 434 2661 649 2700; x_wconf 83' lang='lat' dir='ltr'><strong>Badavillae</strong></span> <span class='ocrx_word' id='word_1_293' title='bbox 674 2661 716 2698; x_wconf 88' lang='lat' dir='ltr'><strong>in</strong></span> <span class='ocrx_word' id='word_1_294' title='bbox 749 2661 848 2709; x_wconf 73' lang='lat' dir='ltr'><strong>Jugo</strong></span> <span class='ocrx_word' id='word_1_295' title='bbox 875 2660 960 2707; x_wconf 82' lang='lat' dir='ltr'><strong>ejus</strong></span> 
     </span>
     <span class='ocr_line' id='line_1_46' title="bbox 82 2714 961 2758; baseline -0.009 0"><span class='ocrx_word' id='word_1_296' title='bbox 82 2719 230 2758; x_wconf 80' lang='lat' dir='ltr'><strong>montis</strong></span> <span class='ocrx_word' id='word_1_297' title='bbox 248 2718 331 2755; x_wconf 77' lang='lat' dir='ltr'><strong>sitae</strong></span> <span class='ocrx_word' id='word_1_298' title='bbox 350 2729 372 2753; x_wconf 78' lang='lat' dir='ltr'><strong>e</strong></span> <span class='ocrx_word' id='word_1_299' title='bbox 396 2714 605 2754; x_wconf 85' lang='lat' dir='ltr'><strong>ruderibus</strong></span> <span class='ocrx_word' id='word_1_300' title='bbox 621 2715 866 2751; x_wconf 79' lang='lat' dir='ltr'><strong>thermarum</strong></span> <span class='ocrx_word' id='word_1_301' title='bbox 881 2715 961 2751; x_wconf 89' lang='lat' dir='ltr'><strong>Ro-</strong></span> 
     </span>
     <span class='ocr_line' id='line_1_47' title="bbox 83 2767 962 2820; baseline -0.008 -9"><span class='ocrx_word' id='word_1_302' title='bbox 83 2772 484 2811; x_wconf 78' lang='lat' dir='ltr'><strong>manarumextracta</strong></span> <span class='ocrx_word' id='word_1_303' title='bbox 511 2773 571 2805; x_wconf 86' lang='lat' dir='ltr'><strong>est</strong></span> <span class='ocrx_word' id='word_1_304' title='bbox 588 2779 659 2804; x_wconf 78' lang='lat' dir='ltr'><strong>ara</strong></span> <span class='ocrx_word' id='word_1_305' title='bbox 676 2769 747 2820; x_wconf 58' lang='lat' dir='ltr'><strong>xvel</strong></span> <span class='ocrx_word' id='word_1_306' title='bbox 767 2767 873 2805; x_wconf 81' lang='lat' dir='ltr'><strong>basis</strong></span> <span class='ocrx_word' id='word_1_307' title='bbox 897 2779 962 2804; x_wconf 88' lang='lat' dir='ltr'><strong>co-</strong></span> 
     </span>
     <span class='ocr_line' id='line_1_48' title="bbox 81 2821 962 2879; baseline -0.006 -15"><span class='ocrx_word' id='word_1_308' title='bbox 81 2825 320 2879; x_wconf 66' lang='lat' dir='ltr'><strong>lumnaepive</strong></span> <span class='ocrx_word' id='word_1_309' title='bbox 339 2828 481 2862; x_wconf 68' lang='lat' dir='ltr'><strong>statuae</strong></span> <span class='ocrx_word' id='word_1_310' title='bbox 502 2821 692 2870; x_wconf 85' lang='lat' dir='ltr'><strong>inscripta</strong></span> <span class='ocrx_word' id='word_1_311' title='bbox 710 2831 872 2860; x_wconf 73' lang='lat' dir='ltr'><strong>mANAss</strong></span> <span class='ocrx_word' id='word_1_312' title='bbox 888 2832 962 2861; x_wconf 74' lang='grc' dir='ltr'><strong>ΑΒ·</strong></span> 
     </span>
     <span class='ocr_line' id='line_1_49' title="bbox 86 2875 962 2928; baseline -0.008 -10"><span class='ocrx_word' id='word_1_313' title='bbox 86 2890 184 2918; x_wconf 69' lang='lat' dir='ltr'><strong>Non.</strong></span> <span class='ocrx_word' id='word_1_314' title='bbox 201 2878 249 2915; x_wconf 87' lang='lat' dir='ltr'><strong>de</strong></span> <span class='ocrx_word' id='word_1_315' title='bbox 268 2889 348 2928; x_wconf 85' lang='lat' dir='ltr'><strong>qua</strong></span> <span class='ocrx_word' id='word_1_316' title='bbox 373 2877 451 2915; x_wconf 80' lang='lat' dir='ltr'><strong>vid.</strong></span> <span class='ocrx_word' id='word_1_317' title='bbox 478 2876 663 2913; x_wconf 84' lang='lat' dir='ltr'><strong>laudatus</strong></span> <span class='ocrx_word' id='word_1_318' title='bbox 694 2875 912 2912; x_wconf 82' lang='lat' dir='ltr'><strong>Gerbertus</strong></span> <span class='ocrx_word' id='word_1_319' title='bbox 927 2878 962 2912; x_wconf 83' lang='lat' dir='ltr'><strong>t.</strong></span> 
     </span>
     <span class='ocr_line' id='line_1_50' title="bbox 83 2928 962 2981; baseline -0.007 -10"><span class='ocrx_word' id='word_1_320' title='bbox 83 2940 120 2971; x_wconf 74' lang='lat'><strong>²2.</strong></span> <span class='ocrx_word' id='word_1_321' title='bbox 138 2945 178 2981; x_wconf 89' lang='lat' dir='ltr'><strong>p.</strong></span> <span class='ocrx_word' id='word_1_322' title='bbox 200 2934 294 2970; x_wconf 76' lang='lat'><strong>243.</strong></span> <span class='ocrx_word' id='word_1_323' title='bbox 311 2934 354 2968; x_wconf 86' lang='lat' dir='ltr'><strong>et</strong></span> <span class='ocrx_word' id='word_1_324' title='bbox 375 2930 478 2978; x_wconf 86' lang='lat' dir='ltr'><strong>Aug.</strong></span> <span class='ocrx_word' id='word_1_325' title='bbox 504 2929 632 2966; x_wconf 67' lang='lat' dir='ltr'><strong>Gottl.</strong></span> <span class='ocrx_word' id='word_1_326' title='bbox 658 2929 879 2966; x_wconf 73' lang='lat' dir='ltr'><strong>Preuschen</strong></span> <span class='ocrx_word' id='word_1_327' title='bbox 921 2928 962 2966; x_wconf 88' lang='lat' dir='ltr'><strong>in</strong></span> 
     </span>
     <span class='ocr_line' id='line_1_51' title="bbox 83 2981 963 3030; baseline -0.009 -5"><span class='ocrx_word' id='word_1_328' title='bbox 83 2986 254 3026; x_wconf 78' lang='lat' dir='ltr'><strong>Denkm.</strong></span> <span class='ocrx_word' id='word_1_329' title='bbox 277 2996 355 3022; x_wconf 81' lang='lat' dir='ltr'><strong>von</strong></span> <span class='ocrx_word' id='word_1_330' title='bbox 372 2984 441 3020; x_wconf 81' lang='lat' dir='ltr'><strong>alt.</strong></span> <span class='ocrx_word' id='word_1_331' title='bbox 463 2984 574 3030; x_wconf 84' lang='lat' dir='ltr'><strong>phys.</strong></span> <span class='ocrx_word' id='word_1_332' title='bbox 598 2994 638 3020; x_wconf 91' lang='lat' dir='ltr'><strong>u.</strong></span> <span class='ocrx_word' id='word_1_333' title='bbox 660 2982 773 3029; x_wconf 80' lang='lat' dir='ltr'><strong>polit.</strong></span> <span class='ocrx_word' id='word_1_334' title='bbox 793 2981 963 3020; x_wconf 80' lang='lat' dir='ltr'><strong>Revolu-</strong></span> 
     </span>
     <span class='ocr_line' id='line_1_52' title="bbox 84 3035 962 3085; baseline -0.008 -7"><span class='ocrx_word' id='word_1_335' title='bbox 84 3042 235 3078; x_wconf 80' lang='lat' dir='ltr'><strong>tionem</strong></span> <span class='ocrx_word' id='word_1_336' title='bbox 269 3039 310 3075; x_wconf 88' lang='lat' dir='ltr'><strong>in</strong></span> <span class='ocrx_word' id='word_1_337' title='bbox 345 3037 632 3085; x_wconf 72' lang='lat' dir='ltr'><strong>Deutsehland‚</strong></span> <span class='ocrx_word' id='word_1_338' title='bbox 665 3035 748 3073; x_wconf 86' lang='lat' dir='ltr'><strong>bes.</strong></span> <span class='ocrx_word' id='word_1_339' title='bbox 798 3037 842 3073; x_wconf 85' lang='lat' dir='ltr'><strong>in</strong></span> <span class='ocrx_word' id='word_1_340' title='bbox 886 3036 962 3072; x_wconf 85' lang='lat' dir='ltr'><strong>den</strong></span> 
     </span>
     <span class='ocr_line' id='line_1_53' title="bbox 84 3090 724 3141; baseline -0.008 -10"><span class='ocrx_word' id='word_1_341' title='bbox 84 3092 430 3141; x_wconf 79' lang='lat' dir='ltr'><strong>Rheingegenden.</strong></span> <span class='ocrx_word' id='word_1_342' title='bbox 453 3091 489 3127; x_wconf 81' lang='lat'><strong>8¹.</strong></span> <span class='ocrx_word' id='word_1_343' title='bbox 507 3090 587 3127; x_wconf 80' lang='lat' dir='ltr'><strong>Frf.</strong></span> <span class='ocrx_word' id='word_1_344' title='bbox 607 3094 724 3128; x_wconf 87' lang='grc'><strong>1787.</strong></span> 
     </span>
    </p>

    <p class='ocr_par' dir='ltr' id='par_1_13' title="bbox 137 3140 964 3197">
     <span class='ocr_line' id='line_1_54' title="bbox 137 3140 964 3197; baseline -0.01 -12"><span class='ocrx_word' id='word_1_345' title='bbox 137 3144 345 3197; x_wconf 74' lang='lat' dir='ltr'><strong>Erumpit]</strong></span> <span class='ocrx_word' id='word_1_346' title='bbox 377 3145 472 3181; x_wconf 90' lang='lat' dir='ltr'><strong>Cod.</strong></span> <span class='ocrx_word' id='word_1_347' title='bbox 498 3143 628 3191; x_wconf 79' lang='lat' dir='ltr'><strong>Kapp.</strong></span> <span class='ocrx_word' id='word_1_348' title='bbox 658 3142 706 3193; x_wconf 77' lang='lat' dir='ltr'><strong>(s.</strong></span> <span class='ocrx_word' id='word_1_349' title='bbox 735 3141 797 3178; x_wconf 89' lang='lat' dir='ltr'><strong>ed.</strong></span> <span class='ocrx_word' id='word_1_350' title='bbox 823 3140 964 3178; x_wconf 85' lang='lat' dir='ltr'><strong>Norib.</strong></span> 
     </span>
    </p>
   </div>
   <div class='ocr_carea' id='block_1_13' title="bbox 0 3193 963 3247">
    <p class='ocr_par' dir='ltr' id='par_1_14' title="bbox 0 3193 963 3247">
     <span class='ocr_line' id='line_1_55' title="bbox 0 3193 963 3247; baseline -0.007 -8"><span class='ocrx_word' id='word_1_351' title='bbox 0 3193 7 3208; x_wconf 78' lang='lat'><em>&#39;</em></span> <span class='ocrx_word' id='word_1_352' title='bbox 85 3200 181 3238; x_wconf 75' lang='lat' dir='ltr'><strong>item</strong></span> <span class='ocrx_word' id='word_1_353' title='bbox 193 3197 326 3246; x_wconf 82' lang='lat' dir='ltr'><strong>Rom.)</strong></span> <span class='ocrx_word' id='word_1_354' title='bbox 342 3203 534 3247; x_wconf 79' lang='lat' dir='ltr'><strong>erumpat,</strong></span> <span class='ocrx_word' id='word_1_355' title='bbox 547 3197 720 3245; x_wconf 83' lang='lat' dir='ltr'><strong>itemque</strong></span> <span class='ocrx_word' id='word_1_356' title='bbox 733 3194 820 3232; x_wconf 79' lang='lat' dir='ltr'><strong>edd.</strong></span> <span class='ocrx_word' id='word_1_357' title='bbox 836 3195 963 3232; x_wconf 85' lang='lat' dir='ltr'><strong>Rhen.</strong></span> 
     </span>
    </p>
   </div>
   <div class='ocr_carea' id='block_1_14' title="bbox 83 3248 966 3568">
    <p class='ocr_par' dir='ltr' id='par_1_15' title="bbox 83 3248 966 3568">
     <span class='ocr_line' id='line_1_56' title="bbox 83 3248 964 3303; baseline -0.009 -12"><span class='ocrx_word' id='word_1_358' title='bbox 83 3265 190 3303; x_wconf 76' lang='lat' dir='ltr'><strong>seqq.</strong></span> <span class='ocrx_word' id='word_1_359' title='bbox 207 3257 300 3290; x_wconf 81' lang='lat' dir='ltr'><strong>ante</strong></span> <span class='ocrx_word' id='word_1_360' title='bbox 311 3252 537 3296; x_wconf 82' lang='lat' dir='ltr'><strong>Pichenam,</strong></span> <span class='ocrx_word' id='word_1_361' title='bbox 551 3251 681 3299; x_wconf 80' lang='lat' dir='ltr'><strong>quiex</strong></span> <span class='ocrx_word' id='word_1_362' title='bbox 698 3248 759 3285; x_wconf 85' lang='lat' dir='ltr'><strong>ed.</strong></span> <span class='ocrx_word' id='word_1_363' title='bbox 775 3249 864 3284; x_wconf 82' lang='lat' dir='ltr'><strong>Put.</strong></span> <span class='ocrx_word' id='word_1_364' title='bbox 882 3249 964 3284; x_wconf 85' lang='lat' dir='ltr'><strong>edi-</strong></span> 
     </span>
     <span class='ocr_line' id='line_1_57' title="bbox 86 3301 963 3355; baseline -0.007 -11"><span class='ocrx_word' id='word_1_365' title='bbox 86 3307 146 3343; x_wconf 72' lang='lat' dir='ltr'><strong>dit</strong></span> <span class='ocrx_word' id='word_1_366' title='bbox 173 3307 352 3355; x_wconf 74' lang='lat' dir='ltr'><strong>erumpit,</strong></span> <span class='ocrx_word' id='word_1_367' title='bbox 371 3306 475 3354; x_wconf 86' lang='lat' dir='ltr'><strong>quod</strong></span> <span class='ocrx_word' id='word_1_368' title='bbox 498 3310 540 3341; x_wconf 87' lang='lat' dir='ltr'><strong>et</strong></span> <span class='ocrx_word' id='word_1_369' title='bbox 568 3303 687 3341; x_wconf 84' lang='lat' dir='ltr'><strong>ceteri</strong></span> <span class='ocrx_word' id='word_1_370' title='bbox 715 3301 794 3338; x_wconf 85' lang='lat' dir='ltr'><strong>mei</strong></span> <span class='ocrx_word' id='word_1_371' title='bbox 811 3304 963 3338; x_wconf 78' lang='lat' dir='ltr'><strong>veteres</strong></span> 
     </span>
     <span class='ocr_line' id='line_1_58' title="bbox 86 3357 963 3405; baseline -0.008 -7"><span class='ocrx_word' id='word_1_372' title='bbox 86 3359 248 3398; x_wconf 68' lang='lat' dir='ltr'><strong>habent.</strong></span> <span class='ocrx_word' id='word_1_373' title='bbox 302 3358 490 3398; x_wconf 81' lang='lat' dir='ltr'><strong>Ceterum</strong></span> <span class='ocrx_word' id='word_1_374' title='bbox 538 3362 752 3405; x_wconf 85' lang='lat' dir='ltr'><strong>utrumque</strong></span> <span class='ocrx_word' id='word_1_375' title='bbox 799 3357 963 3392; x_wconf 76' lang='lat' dir='ltr'><strong>rectum.</strong></span> 
     </span>
     <span class='ocr_line' id='line_1_59' title="bbox 87 3413 966 3516; baseline -0.006 -13"><span class='ocrx_word' id='word_1_376' title='bbox 87 3413 272 3516; x_wconf 54' lang='lat' dir='ltr'><strong>Engique</strong></span> <span class='ocrx_word' id='word_1_377' title='bbox 302 3466 360 3503; x_wconf 70' lang='lat' dir='ltr'><strong>sie</strong></span> <span class='ocrx_word' id='word_1_378' title='bbox 393 3465 577 3508; x_wconf 58' lang='lat' dir='ltr'><strong>die-erim,</strong></span> <span class='ocrx_word' id='word_1_379' title='bbox 613 3461 810 3513; x_wconf 70' lang='lat' dir='ltr'><strong>adversus]</strong></span> <span class='ocrx_word' id='word_1_380' title='bbox 843 3461 966 3500; x_wconf 85' lang='lat' dir='ltr'><strong>Haud</strong></span> 
     </span>
     <span class='ocr_line' id='line_1_60' title="bbox 91 3514 965 3568; baseline -0.007 -10"><span class='ocrx_word' id='word_1_381' title='bbox 91 3519 188 3558; x_wconf 71' lang='lat' dir='ltr'><strong>tatis</strong></span> <span class='ocrx_word' id='word_1_382' title='bbox 204 3518 330 3568; x_wconf 81' lang='lat' dir='ltr'><strong>capio.</strong></span> <span class='ocrx_word' id='word_1_383' title='bbox 386 3519 453 3558; x_wconf 84' lang='lat' dir='ltr'><strong>An</strong></span> <span class='ocrx_word' id='word_1_384' title='bbox 480 3518 681 3556; x_wconf 66' lang='lat' dir='ltr'><strong>adversum</strong></span> <span class='ocrx_word' id='word_1_385' title='bbox 698 3514 796 3557; x_wconf 83' lang='lat' dir='ltr'><strong>dicit</strong></span> <span class='ocrx_word' id='word_1_386' title='bbox 809 3516 965 3566; x_wconf 79' lang='lat' dir='ltr'><strong>opposi-</strong></span> 
     </span>
    </p>
   </div>
   <div class='ocr_carea' id='block_1_15' title="bbox 1003 1108 1900 3554">
    <p class='ocr_par' dir='ltr' id='par_1_16' title="bbox 1003 1108 1896 2857">
     <span class='ocr_line' id='line_1_61' title="bbox 1006 1108 1886 1148; baseline 0 -1"><span class='ocrx_word' id='word_1_387' title='bbox 1006 1112 1094 1147; x_wconf 87' lang='lat' dir='ltr'><strong>tum</strong></span> <span class='ocrx_word' id='word_1_388' title='bbox 1111 1112 1152 1146; x_wconf 84' lang='lat' dir='ltr'><strong>et</strong></span> <span class='ocrx_word' id='word_1_389' title='bbox 1170 1108 1442 1146; x_wconf 84' lang='lat' dir='ltr'><strong>contrarium?</strong></span> <span class='ocrx_word' id='word_1_390' title='bbox 1477 1111 1543 1147; x_wconf 90' lang='lat' dir='ltr'><strong>An</strong></span> <span class='ocrx_word' id='word_1_391' title='bbox 1563 1111 1738 1148; x_wconf 77' lang='lat' dir='ltr'><strong>obversus</strong></span> <span class='ocrx_word' id='word_1_392' title='bbox 1754 1109 1886 1148; x_wconf 77' lang='lat' dir='ltr'><strong>verius</strong></span> 
     </span>
     <span class='ocr_line' id='line_1_62' title="bbox 1008 1163 1887 1211; baseline 0 -11"><span class='ocrx_word' id='word_1_393' title='bbox 1008 1163 1062 1200; x_wconf 74' lang='lat' dir='ltr'><strong>sit</strong></span> <span class='ocrx_word' id='word_1_394' title='bbox 1077 1163 1171 1211; x_wconf 88' lang='lat' dir='ltr'><strong>legi,</strong></span> <span class='ocrx_word' id='word_1_395' title='bbox 1189 1163 1306 1210; x_wconf 88' lang='lat' dir='ltr'><strong>idque</strong></span> <span class='ocrx_word' id='word_1_396' title='bbox 1324 1176 1371 1201; x_wconf 83' lang='lat' dir='ltr'><strong>ex</strong></span> <span class='ocrx_word' id='word_1_397' title='bbox 1388 1165 1468 1200; x_wconf 83' lang='lat' dir='ltr'><strong>situ</strong></span> <span class='ocrx_word' id='word_1_398' title='bbox 1488 1163 1602 1211; x_wconf 87' lang='lat' dir='ltr'><strong>ipso?</strong></span> <span class='ocrx_word' id='word_1_399' title='bbox 1638 1163 1703 1201; x_wconf 84' lang='lat' dir='ltr'><strong>An</strong></span> <span class='ocrx_word' id='word_1_400' title='bbox 1721 1175 1794 1201; x_wconf 83' lang='lat' dir='ltr'><strong>vox</strong></span> <span class='ocrx_word' id='word_1_401' title='bbox 1813 1164 1887 1200; x_wconf 80' lang='lat' dir='ltr'><strong>ali-</strong></span> 
     </span>
     <span class='ocr_line' id='line_1_63' title="bbox 1007 1216 1887 1265; baseline 0.001 -11"><span class='ocrx_word' id='word_1_402' title='bbox 1007 1227 1088 1265; x_wconf 78' lang='lat' dir='ltr'><strong>qua</strong></span> <span class='ocrx_word' id='word_1_403' title='bbox 1104 1216 1238 1252; x_wconf 87' lang='lat' dir='ltr'><strong>durior</strong></span> <span class='ocrx_word' id='word_1_404' title='bbox 1254 1221 1327 1252; x_wconf 82' lang='lat' dir='ltr'><strong>aut</strong></span> <span class='ocrx_word' id='word_1_405' title='bbox 1343 1218 1531 1253; x_wconf 78' lang='lat' dir='ltr'><strong>remotior</strong></span> <span class='ocrx_word' id='word_1_406' title='bbox 1558 1217 1652 1259; x_wconf 82' lang='lat' dir='ltr'><strong>fuit,</strong></span> <span class='ocrx_word' id='word_1_407' title='bbox 1670 1217 1887 1265; x_wconf 84' lang='lat' dir='ltr'><strong>praesertim</strong></span> 
     </span>
     <span class='ocr_line' id='line_1_64' title="bbox 1008 1269 1889 1318; baseline 0.002 -13"><span class='ocrx_word' id='word_1_408' title='bbox 1008 1280 1127 1318; x_wconf 83' lang='lat' dir='ltr'><strong>quam</strong></span> <span class='ocrx_word' id='word_1_409' title='bbox 1143 1269 1371 1318; x_wconf 75' lang='lat' dir='ltr'><strong>praefatione</strong></span> <span class='ocrx_word' id='word_1_410' title='bbox 1383 1281 1430 1306; x_wconf 85' lang='lat' dir='ltr'><strong>ea</strong></span> <span class='ocrx_word' id='word_1_411' title='bbox 1445 1269 1587 1307; x_wconf 81' lang='lat' dir='ltr'><strong>leniit?</strong></span> <span class='ocrx_word' id='word_1_412' title='bbox 1616 1271 1768 1307; x_wconf 87' lang='lat' dir='ltr'><strong>Tamen</strong></span> <span class='ocrx_word' id='word_1_413' title='bbox 1783 1271 1889 1308; x_wconf 88' lang='lat' dir='ltr'><strong>haud</strong></span> 
     </span>
     <span class='ocr_line' id='line_1_65' title="bbox 1009 1322 1891 1372; baseline 0.001 -13"><span class='ocrx_word' id='word_1_414' title='bbox 1009 1322 1111 1359; x_wconf 86' lang='lat' dir='ltr'><strong>male</strong></span> <span class='ocrx_word' id='word_1_415' title='bbox 1127 1323 1330 1361; x_wconf 70' lang='lat' dir='ltr'><strong>adversum</strong></span> <span class='ocrx_word' id='word_1_416' title='bbox 1347 1324 1512 1372; x_wconf 78' lang='lat' dir='ltr'><strong>ceperiS,</strong></span> <span class='ocrx_word' id='word_1_417' title='bbox 1531 1324 1643 1372; x_wconf 79' lang='lat' dir='ltr'><strong>quasi</strong></span> <span class='ocrx_word' id='word_1_418' title='bbox 1662 1324 1762 1360; x_wconf 84' lang='lat' dir='ltr'><strong>mari</strong></span> <span class='ocrx_word' id='word_1_419' title='bbox 1779 1324 1891 1362; x_wconf 79' lang='lat' dir='ltr'><strong>ltali-</strong></span> 
     </span>
     <span class='ocr_line' id='line_1_66' title="bbox 1010 1375 1891 1426; baseline 0.001 -14"><span class='ocrx_word' id='word_1_420' title='bbox 1010 1388 1056 1414; x_wconf 91' lang='lat' dir='ltr'><strong>co</strong></span> <span class='ocrx_word' id='word_1_421' title='bbox 1084 1383 1127 1413; x_wconf 83' lang='lat' dir='ltr'><strong>et</strong></span> <span class='ocrx_word' id='word_1_422' title='bbox 1154 1375 1362 1424; x_wconf 84' lang='lat' dir='ltr'><strong>Tyrrheno</strong></span> <span class='ocrx_word' id='word_1_423' title='bbox 1389 1378 1636 1425; x_wconf 84' lang='lat' dir='ltr'><strong>oppositum:</strong></span> <span class='ocrx_word' id='word_1_424' title='bbox 1676 1377 1891 1426; x_wconf 86' lang='lat' dir='ltr'><strong>eodemque</strong></span> 
     </span>
     <span class='ocr_line' id='line_1_67' title="bbox 1011 1430 1892 1478; baseline 0 -11"><span class='ocrx_word' id='word_1_425' title='bbox 1011 1441 1129 1467; x_wconf 83' lang='lat' dir='ltr'><strong>sensu</strong></span> <span class='ocrx_word' id='word_1_426' title='bbox 1149 1431 1284 1476; x_wconf 81' lang='lat' dir='ltr'><strong>etiam,</strong></span> <span class='ocrx_word' id='word_1_427' title='bbox 1302 1431 1488 1468; x_wconf 77' lang='lat' dir='ltr'><strong>diversus.</strong></span> <span class='ocrx_word' id='word_1_428' title='bbox 1544 1430 1607 1466; x_wconf 87' lang='lat' dir='ltr'><strong>Sic</strong></span> <span class='ocrx_word' id='word_1_429' title='bbox 1636 1430 1677 1466; x_wconf 88' lang='lat' dir='ltr'><strong>in</strong></span> <span class='ocrx_word' id='word_1_430' title='bbox 1707 1430 1892 1478; x_wconf 76' lang='lat' dir='ltr'><strong>Agricola</strong></span> 
     </span>
     <span class='ocr_line' id='line_1_68' title="bbox 1012 1483 1894 1532; baseline 0.001 -12"><span class='ocrx_word' id='word_1_431' title='bbox 1012 1483 1170 1532; x_wconf 84' lang='lat' dir='ltr'><strong>scripsit</strong></span> <span class='ocrx_word' id='word_1_432' title='bbox 1185 1495 1219 1520; x_wconf 86' lang='lat' dir='ltr'><strong>e.</strong></span> <span class='ocrx_word' id='word_1_433' title='bbox 1243 1489 1308 1521; x_wconf 79' lang='lat'><strong>23.</strong></span> <span class='ocrx_word' id='word_1_434' title='bbox 1353 1485 1468 1521; x_wconf 83' lang='lat' dir='ltr'><strong>Glota</strong></span> <span class='ocrx_word' id='word_1_435' title='bbox 1483 1489 1520 1521; x_wconf 79' lang='lat' dir='ltr'><strong>et</strong></span> <span class='ocrx_word' id='word_1_436' title='bbox 1537 1484 1729 1521; x_wconf 81' lang='lat' dir='ltr'><strong>Bodotria</strong></span> <span class='ocrx_word' id='word_1_437' title='bbox 1748 1484 1894 1522; x_wconf 75' lang='lat' dir='ltr'><strong>diversi</strong></span> 
     </span>
     <span class='ocr_line' id='line_1_69' title="bbox 1011 1538 1892 1586; baseline -0.001 -12"><span class='ocrx_word' id='word_1_438' title='bbox 1011 1538 1134 1574; x_wconf 78' lang='lat' dir='ltr'><strong>maris</strong></span> <span class='ocrx_word' id='word_1_439' title='bbox 1150 1542 1247 1574; x_wconf 70' lang='lat' dir='ltr'><strong>«estu</strong></span> <span class='ocrx_word' id='word_1_440' title='bbox 1268 1539 1309 1574; x_wconf 82' lang='lat' dir='ltr'><strong>in</strong></span> <span class='ocrx_word' id='word_1_441' title='bbox 1337 1539 1563 1575; x_wconf 67' lang='lat' dir='ltr'><strong>immensum</strong></span> <span class='ocrx_word' id='word_1_442' title='bbox 1589 1538 1743 1583; x_wconf 82' lang='lat' dir='ltr'><strong>revecti,</strong></span> <span class='ocrx_word' id='word_1_443' title='bbox 1762 1550 1892 1586; x_wconf 81' lang='lat' dir='ltr'><strong>ang-u·</strong></span> 
     </span>
     <span class='ocr_line' id='line_1_70' title="bbox 1011 1591 1891 1639; baseline 0 -12"><span class='ocrx_word' id='word_1_444' title='bbox 1011 1596 1070 1627; x_wconf 72' lang='lat' dir='ltr'><strong>sto</strong></span> <span class='ocrx_word' id='word_1_445' title='bbox 1101 1596 1296 1628; x_wconf 80' lang='lat' dir='ltr'><strong>terrarum</strong></span> <span class='ocrx_word' id='word_1_446' title='bbox 1324 1593 1451 1639; x_wconf 74' lang='lat' dir='ltr'><strong>spatio</strong></span> <span class='ocrx_word' id='word_1_447' title='bbox 1486 1591 1738 1628; x_wconf 79' lang='lat' dir='ltr'><strong>dirimuntur.</strong></span> <span class='ocrx_word' id='word_1_448' title='bbox 1778 1591 1891 1629; x_wconf 71' lang='lat' dir='ltr'><strong>ers.</strong></span> 
     </span>
     <span class='ocr_line' id='line_1_71' title="bbox 1014 1643 1894 1692; baseline 0.001 -12"><span class='ocrx_word' id='word_1_449' title='bbox 1014 1644 1220 1684; x_wconf 84' lang='lat' dir='ltr'><strong>Quomodo</strong></span> <span class='ocrx_word' id='word_1_450' title='bbox 1248 1645 1428 1681; x_wconf 73' lang='lat' dir='ltr'><strong>adversus</strong></span> <span class='ocrx_word' id='word_1_451' title='bbox 1457 1644 1631 1681; x_wconf 78' lang='lat' dir='ltr'><strong>Oceanus</strong></span> <span class='ocrx_word' id='word_1_452' title='bbox 1646 1643 1668 1681; x_wconf 82' lang='lat'><em>?</em></span> <span class='ocrx_word' id='word_1_453' title='bbox 1701 1644 1894 1692; x_wconf 87' lang='lat' dir='ltr'><strong>numquid</strong></span> 
     </span>
     <span class='ocr_line' id='line_1_72' title="bbox 1013 1697 1894 1745; baseline 0.003 -12"><span class='ocrx_word' id='word_1_454' title='bbox 1013 1697 1130 1734; x_wconf 81' lang='lat' dir='ltr'><strong>aliter</strong></span> <span class='ocrx_word' id='word_1_455' title='bbox 1145 1708 1261 1745; x_wconf 90' lang='lat' dir='ltr'><strong>quam</strong></span> <span class='ocrx_word' id='word_1_456' title='bbox 1279 1698 1486 1735; x_wconf 78' lang='lat' dir='ltr'><strong>secandam</strong></span> <span class='ocrx_word' id='word_1_457' title='bbox 1501 1701 1541 1734; x_wconf 85' lang='lat' dir='ltr'><strong>et</strong></span> <span class='ocrx_word' id='word_1_458' title='bbox 1557 1698 1758 1736; x_wconf 70' lang='lat' dir='ltr'><strong>adversum</strong></span> <span class='ocrx_word' id='word_1_459' title='bbox 1771 1710 1894 1744; x_wconf 86' lang='lat' dir='ltr'><strong>mare,</strong></span> 
     </span>
     <span class='ocr_line' id='line_1_73' title="bbox 1014 1751 1894 1801; baseline 0 -13"><span class='ocrx_word' id='word_1_460' title='bbox 1014 1756 1055 1796; x_wconf 75' lang='lat'><strong>2,</strong></span> <span class='ocrx_word' id='word_1_461' title='bbox 1069 1755 1135 1790; x_wconf 83' lang='lat'><strong>98.</strong></span> <span class='ocrx_word' id='word_1_462' title='bbox 1173 1751 1291 1788; x_wconf 88' lang='lat' dir='ltr'><strong>Mare</strong></span> <span class='ocrx_word' id='word_1_463' title='bbox 1320 1764 1465 1801; x_wconf 83' lang='lat' dir='ltr'><strong>qaoque</strong></span> <span class='ocrx_word' id='word_1_464' title='bbox 1482 1751 1713 1788; x_wconf 72' lang='lat' dir='ltr'><strong>Etesiarum</strong></span> <span class='ocrx_word' id='word_1_465' title='bbox 1718 1752 1830 1800; x_wconf 81' lang='lat' dir='ltr'><strong>flatu</strong></span> <span class='ocrx_word' id='word_1_466' title='bbox 1849 1753 1894 1789; x_wconf 81' lang='lat' dir='ltr'><strong>in</strong></span> 
     </span>
     <span class='ocr_line' id='line_1_74' title="bbox 1014 1805 1896 1853; baseline 0.001 -12"><span class='ocrx_word' id='word_1_467' title='bbox 1014 1806 1196 1842; x_wconf 80' lang='lat' dir='ltr'><strong>orientem</strong></span> <span class='ocrx_word' id='word_1_468' title='bbox 1238 1805 1516 1853; x_wconf 77' lang='lat' dir='ltr'><strong>navigantibus</strong></span> <span class='ocrx_word' id='word_1_469' title='bbox 1549 1805 1771 1850; x_wconf 74' lang='lat' dir='ltr'><strong>secundum,</strong></span> <span class='ocrx_word' id='word_1_470' title='bbox 1804 1805 1896 1843; x_wconf 81' lang='lat' dir='ltr'><strong>inde</strong></span> 
     </span>
     <span class='ocr_line' id='line_1_75' title="bbox 1012 1857 1895 1907; baseline 0.001 -12"><span class='ocrx_word' id='word_1_471' title='bbox 1012 1859 1228 1903; x_wconf 67' lang='lat' dir='ltr'><strong>adm-mn,</strong></span> <span class='ocrx_word' id='word_1_472' title='bbox 1263 1865 1359 1895; x_wconf 83' lang='lat' dir='ltr'><strong>erat.</strong></span> <span class='ocrx_word' id='word_1_473' title='bbox 1430 1859 1612 1896; x_wconf 88' lang='lat' dir='ltr'><strong>Sumtum</strong></span> <span class='ocrx_word' id='word_1_474' title='bbox 1647 1858 1754 1903; x_wconf 84' lang='lat' dir='ltr'><strong>inde,</strong></span> <span class='ocrx_word' id='word_1_475' title='bbox 1790 1857 1895 1907; x_wconf 87' lang='lat' dir='ltr'><strong>quod</strong></span> 
     </span>
     <span class='ocr_line' id='line_1_76' title="bbox 1011 1911 1896 1960; baseline 0.001 -12"><span class='ocrx_word' id='word_1_476' title='bbox 1011 1911 1175 1948; x_wconf 76' lang='lat' dir='ltr'><strong>secundo</strong></span> <span class='ocrx_word' id='word_1_477' title='bbox 1192 1913 1377 1960; x_wconf 81' lang='lat' dir='ltr'><strong>flamine,</strong></span> <span class='ocrx_word' id='word_1_478' title='bbox 1396 1913 1504 1949; x_wconf 80' lang='lat' dir='ltr'><strong>amni</strong></span> <span class='ocrx_word' id='word_1_479' title='bbox 1518 1912 1698 1957; x_wconf 77' lang='lat' dir='ltr'><strong>secundo,</strong></span> <span class='ocrx_word' id='word_1_480' title='bbox 1715 1914 1757 1948; x_wconf 79' lang='lat' dir='ltr'><strong>et</strong></span> <span class='ocrx_word' id='word_1_481' title='bbox 1779 1911 1896 1949; x_wconf 79' lang='lat' dir='ltr'><strong>vicis·</strong></span> 
     </span>
     <span class='ocr_line' id='line_1_77' title="bbox 1013 1965 1895 2015; baseline 0.001 -13"><span class='ocrx_word' id='word_1_482' title='bbox 1013 1965 1086 2002; x_wconf 85' lang='lat' dir='ltr'><strong>sim</strong></span> <span class='ocrx_word' id='word_1_483' title='bbox 1105 1965 1262 2015; x_wconf 79' lang='lat' dir='ltr'><strong>adverso</strong></span> <span class='ocrx_word' id='word_1_484' title='bbox 1280 1967 1452 2015; x_wconf 81' lang='lat' dir='ltr'><strong>flamine</strong></span> <span class='ocrx_word' id='word_1_485' title='bbox 1482 1965 1544 2002; x_wconf 88' lang='lat' dir='ltr'><strong>vel</strong></span> <span class='ocrx_word' id='word_1_486' title='bbox 1566 1966 1710 2015; x_wconf 80' lang='lat' dir='ltr'><strong>fluvio,</strong></span> <span class='ocrx_word' id='word_1_487' title='bbox 1730 1965 1895 2003; x_wconf 76' lang='lat' dir='ltr'><strong>adversa</strong></span> 
     </span>
     <span class='ocr_line' id='line_1_78' title="bbox 1015 2017 1896 2068; baseline 0.001 -13"><span class='ocrx_word' id='word_1_488' title='bbox 1015 2031 1116 2068; x_wconf 82' lang='lat' dir='ltr'><strong>aqua</strong></span> <span class='ocrx_word' id='word_1_489' title='bbox 1129 2030 1202 2067; x_wconf 82' lang='lat' dir='ltr'><strong>per</strong></span> <span class='ocrx_word' id='word_1_490' title='bbox 1215 2021 1370 2067; x_wconf 80' lang='lat' dir='ltr'><strong>flamen</strong></span> <span class='ocrx_word' id='word_1_491' title='bbox 1388 2019 1534 2056; x_wconf 87' lang='lat' dir='ltr'><strong>dixere.</strong></span> <span class='ocrx_word' id='word_1_492' title='bbox 1588 2017 1653 2056; x_wconf 85' lang='lat' dir='ltr'><strong>Sic</strong></span> <span class='ocrx_word' id='word_1_493' title='bbox 1671 2018 1806 2064; x_wconf 81' lang='lat' dir='ltr'><strong>etiam,</strong></span> <span class='ocrx_word' id='word_1_494' title='bbox 1825 2018 1896 2066; x_wconf 89' lang='lat' dir='ltr'><strong>qui</strong></span> 
     </span>
     <span class='ocr_line' id='line_1_79' title="bbox 1015 2071 1896 2133; baseline 0.001 -25"><span class='ocrx_word' id='word_1_495' title='bbox 1015 2083 1064 2108; x_wconf 86' lang='lat' dir='ltr'><strong>ex</strong></span> <span class='ocrx_word' id='word_1_496' title='bbox 1079 2071 1196 2109; x_wconf 82' lang='lat' dir='ltr'><strong>ltalia</strong></span> <span class='ocrx_word' id='word_1_497' title='bbox 1211 2072 1515 2133; x_wconf 53' lang='lat' dir='ltr'><strong>Oceanuwer</strong></span> <span class='ocrx_word' id='word_1_498' title='bbox 1532 2071 1785 2109; x_wconf 83' lang='lat' dir='ltr'><strong>Germaniam</strong></span> <span class='ocrx_word' id='word_1_499' title='bbox 1804 2083 1896 2121; x_wconf 84' lang='lat' dir='ltr'><strong>pro-</strong></span> 
     </span>
     <span class='ocr_line' id='line_1_80' title="bbox 1016 2125 1895 2176; baseline 0.001 -15"><span class='ocrx_word' id='word_1_500' title='bbox 1016 2125 1102 2173; x_wconf 89' lang='lat' dir='ltr'><strong>prie</strong></span> <span class='ocrx_word' id='word_1_501' title='bbox 1139 2125 1298 2171; x_wconf 87' lang='lat' dir='ltr'><strong>dictam,</strong></span> <span class='ocrx_word' id='word_1_502' title='bbox 1330 2126 1567 2174; x_wconf 84' lang='lat' dir='ltr'><strong>ingreditur,</strong></span> <span class='ocrx_word' id='word_1_503' title='bbox 1593 2125 1754 2162; x_wconf 71' lang='lat' dir='ltr'><strong>adversa</strong></span> <span class='ocrx_word' id='word_1_504' title='bbox 1790 2137 1895 2176; x_wconf 82' lang='lat' dir='ltr'><strong>aqua</strong></span> 
     </span>
     <span class='ocr_line' id='line_1_81' title="bbox 1012 2179 1896 2228; baseline 0 -12"><span class='ocrx_word' id='word_1_505' title='bbox 1012 2179 1169 2216; x_wconf 85' lang='lat' dir='ltr'><strong>videtur</strong></span> <span class='ocrx_word' id='word_1_506' title='bbox 1195 2180 1300 2224; x_wconf 86' lang='lat' dir='ltr'><strong>vehi,</strong></span> <span class='ocrx_word' id='word_1_507' title='bbox 1319 2181 1399 2215; x_wconf 87' lang='lat' dir='ltr'><strong>sive</strong></span> <span class='ocrx_word' id='word_1_508' title='bbox 1421 2183 1519 2216; x_wconf 86' lang='lat' dir='ltr'><strong>aestu</strong></span> <span class='ocrx_word' id='word_1_509' title='bbox 1547 2179 1765 2216; x_wconf 84' lang='lat' dir='ltr'><strong>contrario:</strong></span> <span class='ocrx_word' id='word_1_510' title='bbox 1796 2191 1896 2228; x_wconf 80' lang='lat' dir='ltr'><strong>prae-</strong></span> 
     </span>
     <span class='ocr_line' id='line_1_82' title="bbox 1013 2231 1894 2281; baseline 0.002 -12"><span class='ocrx_word' id='word_1_511' title='bbox 1013 2232 1129 2281; x_wconf 86' lang='lat' dir='ltr'><strong>cipue</strong></span> <span class='ocrx_word' id='word_1_512' title='bbox 1158 2243 1292 2270; x_wconf 88' lang='lat' dir='ltr'><strong>versus</strong></span> <span class='ocrx_word' id='word_1_513' title='bbox 1323 2233 1621 2281; x_wconf 86' lang='lat' dir='ltr'><strong>septemtriones</strong></span> <span class='ocrx_word' id='word_1_514' title='bbox 1638 2245 1646 2268; x_wconf 93' lang='lat'><strong>:</strong></span> <span class='ocrx_word' id='word_1_515' title='bbox 1698 2231 1754 2269; x_wconf 88' lang='lat' dir='ltr'><strong>ibi</strong></span> <span class='ocrx_word' id='word_1_516' title='bbox 1788 2232 1894 2271; x_wconf 83' lang='lat' dir='ltr'><strong>enim</strong></span> 
     </span>
     <span class='ocr_line' id='line_1_83' title="bbox 1014 2285 1895 2334; baseline 0.001 -12"><span class='ocrx_word' id='word_1_517' title='bbox 1014 2297 1243 2334; x_wconf 73' lang='lat' dir='ltr'><strong>consurgere</strong></span> <span class='ocrx_word' id='word_1_518' title='bbox 1270 2287 1472 2331; x_wconf 64' lang='lat' dir='ltr'><strong>nitendum,</strong></span> <span class='ocrx_word' id='word_1_519' title='bbox 1493 2286 1560 2334; x_wconf 88' lang='lat' dir='ltr'><strong>qui</strong></span> <span class='ocrx_word' id='word_1_520' title='bbox 1583 2285 1624 2322; x_wconf 89' lang='lat' dir='ltr'><strong>in</strong></span> <span class='ocrx_word' id='word_1_521' title='bbox 1654 2289 1808 2323; x_wconf 84' lang='lat' dir='ltr'><strong>austros</strong></span> <span class='ocrx_word' id='word_1_522' title='bbox 1826 2286 1895 2323; x_wconf 88' lang='lat' dir='ltr'><strong>Li·</strong></span> 
     </span>
     <span class='ocr_line' id='line_1_84' title="bbox 1013 2337 1894 2388; baseline 0.005 -13"><span class='ocrx_word' id='word_1_523' title='bbox 1013 2337 1096 2387; x_wconf 83' lang='lat' dir='ltr'><strong>byae</strong></span> <span class='ocrx_word' id='word_1_524' title='bbox 1106 2345 1344 2388; x_wconf 76' lang='lat' dir='ltr'><strong>prenoeretar</strong></span> <span class='ocrx_word' id='word_1_525' title='bbox 1356 2354 1374 2384; x_wconf 92' lang='lat'><em>;</em></span> <span class='ocrx_word' id='word_1_526' title='bbox 1403 2339 1458 2376; x_wconf 90' lang='lat' dir='ltr'><strong>ibi</strong></span> <span class='ocrx_word' id='word_1_527' title='bbox 1487 2345 1654 2377; x_wconf 80' lang='lat' dir='ltr'><strong>erectam</strong></span> <span class='ocrx_word' id='word_1_528' title='bbox 1676 2340 1828 2385; x_wconf 82' lang='lat' dir='ltr'><strong>borean,</strong></span> <span class='ocrx_word' id='word_1_529' title='bbox 1847 2351 1894 2379; x_wconf 86' lang='lat' dir='ltr'><strong>ex</strong></span> 
     </span>
     <span class='ocr_line' id='line_1_85' title="bbox 1012 2392 1895 2442; baseline 0 -13"><span class='ocrx_word' id='word_1_530' title='bbox 1012 2393 1193 2442; x_wconf 84' lang='lat' dir='ltr'><strong>opposito</strong></span> <span class='ocrx_word' id='word_1_531' title='bbox 1211 2399 1344 2430; x_wconf 82' lang='lat' dir='ltr'><strong>notum</strong></span> <span class='ocrx_word' id='word_1_532' title='bbox 1353 2393 1550 2440; x_wconf 81' lang='lat' dir='ltr'><strong>jacentem</strong></span> <span class='ocrx_word' id='word_1_533' title='bbox 1568 2392 1792 2429; x_wconf 81' lang='lat' dir='ltr'><strong>credebant.</strong></span> <span class='ocrx_word' id='word_1_534' title='bbox 1816 2393 1895 2430; x_wconf 87' lang='lat' dir='ltr'><strong>Pli-</strong></span> 
     </span>
     <span class='ocr_line' id='line_1_86' title="bbox 1013 2446 1895 2494; baseline 0.002 -12"><span class='ocrx_word' id='word_1_535' title='bbox 1013 2447 1104 2483; x_wconf 84' lang='lat' dir='ltr'><strong>nius</strong></span> <span class='ocrx_word' id='word_1_536' title='bbox 1124 2452 1164 2491; x_wconf 78' lang='lat'><strong>2,</strong></span> <span class='ocrx_word' id='word_1_537' title='bbox 1185 2450 1251 2485; x_wconf 92' lang='grc'><strong>70.</strong></span> <span class='ocrx_word' id='word_1_538' title='bbox 1280 2470 1284 2471; x_wconf 33' lang='lat'><em>⁷</em></span> <span class='ocrx_word' id='word_1_539' title='bbox 1306 2447 1600 2494; x_wconf 77' lang='lat' dir='ltr'><strong>Navigantiam</strong></span> <span class='ocrx_word' id='word_1_540' title='bbox 1629 2446 1703 2482; x_wconf 74' lang='lat' dir='ltr'><strong>lzew</strong></span> <span class='ocrx_word' id='word_1_541' title='bbox 1724 2447 1895 2484; x_wconf 65' lang='lat' dir='ltr'><strong>maxime</strong></span> 
     </span>
     <span class='ocr_line' id='line_1_87' title="bbox 1014 2499 1896 2547; baseline 0 -11"><span class='ocrx_word' id='word_1_542' title='bbox 1014 2511 1149 2536; x_wconf 72' lang='lat' dir='ltr'><strong>cursus</strong></span> <span class='ocrx_word' id='word_1_543' title='bbox 1167 2499 1462 2547; x_wconf 77' lang='lat' dir='ltr'><strong>deprehendant,</strong></span> <span class='ocrx_word' id='word_1_544' title='bbox 1483 2501 1525 2536; x_wconf 85' lang='lat' dir='ltr'><strong>in</strong></span> <span class='ocrx_word' id='word_1_545' title='bbox 1552 2500 1635 2537; x_wconf 78' lang='lat' dir='ltr'><strong>alia</strong></span> <span class='ocrx_word' id='word_1_546' title='bbox 1662 2499 1833 2545; x_wconf 70' lang='lat' dir='ltr'><strong>adverso,</strong></span> <span class='ocrx_word' id='word_1_547' title='bbox 1851 2500 1896 2536; x_wconf 81' lang='lat' dir='ltr'><strong>in</strong></span> 
     </span>
     <span class='ocr_line' id='line_1_88' title="bbox 1015 2552 1896 2602; baseline -0.001 -12"><span class='ocrx_word' id='word_1_548' title='bbox 1015 2553 1097 2590; x_wconf 79' lang='lat' dir='ltr'><strong>aeia</strong></span> <span class='ocrx_word' id='word_1_549' title='bbox 1107 2564 1232 2602; x_wconf 82' lang='lat' dir='ltr'><strong>prono</strong></span> <span class='ocrx_word' id='word_1_550' title='bbox 1247 2554 1365 2597; x_wconf 83' lang='lat' dir='ltr'><strong>mari,</strong></span> <span class='ocrx_word' id='word_1_551' title='bbox 1377 2553 1574 2602; x_wconf 73' lang='lat' dir='ltr'><strong>subitoque</strong></span> <span class='ocrx_word' id='word_1_552' title='bbox 1586 2552 1816 2601; x_wconf 70' lang='lat' dir='ltr'><strong>conspicui-r,</strong></span> <span class='ocrx_word' id='word_1_553' title='bbox 1831 2558 1896 2590; x_wconf 82' lang='lat' dir='ltr'><strong>at-</strong></span> 
     </span>
     <span class='ocr_line' id='line_1_89' title="bbox 1015 2605 1895 2656; baseline 0.002 -14"><span class='ocrx_word' id='word_1_554' title='bbox 1015 2618 1088 2655; x_wconf 79' lang='lat' dir='ltr'><strong>que</strong></span> <span class='ocrx_word' id='word_1_555' title='bbox 1101 2612 1147 2643; x_wconf 79' lang='lat' dir='ltr'><strong>ut</strong></span> <span class='ocrx_word' id='word_1_556' title='bbox 1164 2617 1184 2641; x_wconf 85' lang='lat' dir='ltr'><strong>e</strong></span> <span class='ocrx_word' id='word_1_557' title='bbox 1199 2605 1308 2652; x_wconf 78' lang='lat' dir='ltr'><strong>freto</strong></span> <span class='ocrx_word' id='word_1_558' title='bbox 1337 2607 1630 2654; x_wconf 73' lang='lat' dir='ltr'><strong>emergentibus,</strong></span> <span class='ocrx_word' id='word_1_559' title='bbox 1649 2618 1734 2656; x_wconf 81' lang='lat' dir='ltr'><strong>quoe</strong></span> <span class='ocrx_word' id='word_1_560' title='bbox 1752 2607 1795 2642; x_wconf 82' lang='lat' dir='ltr'><strong>in</strong></span> <span class='ocrx_word' id='word_1_561' title='bbox 1812 2619 1895 2644; x_wconf 89' lang='lat' dir='ltr'><strong>am-</strong></span> 
     </span>
     <span class='ocr_line' id='line_1_90' title="bbox 1003 2651 1895 2707; baseline 0.002 -12"><span class='ocrx_word' id='word_1_562' title='bbox 1003 2659 1146 2707; x_wconf 75' lang='lat' dir='ltr'><strong>fractu</strong></span> <span class='ocrx_word' id='word_1_563' title='bbox 1176 2660 1273 2707; x_wconf 81' lang='lat' dir='ltr'><strong>piloe</strong></span> <span class='ocrx_word' id='word_1_564' title='bbox 1307 2651 1467 2704; x_wconf 70' lang='lat' dir='ltr'><strong>latziere,</strong></span> <span class='ocrx_word' id='word_1_565' title='bbox 1512 2659 1714 2696; x_wconf 67' lang='lat' dir='ltr'><strong>sideribus.</strong></span> <span class='ocrx_word' id='word_1_566' title='bbox 1757 2659 1895 2697; x_wconf 74' lang='lat' dir='ltr'><strong>GnoN.</strong></span> 
     </span>
     <span class='ocr_line' id='line_1_91' title="bbox 1014 2711 1895 2761; baseline -0.001 -11"><span class='ocrx_word' id='word_1_567' title='bbox 1014 2712 1082 2750; x_wconf 80' lang='lat' dir='ltr'><strong>Ni!</strong></span> <span class='ocrx_word' id='word_1_568' title='bbox 1102 2724 1201 2761; x_wconf 87' lang='lat' dir='ltr'><strong>opus</strong></span> <span class='ocrx_word' id='word_1_569' title='bbox 1229 2712 1395 2749; x_wconf 85' lang='lat' dir='ltr'><strong>Acidalii</strong></span> <span class='ocrx_word' id='word_1_570' title='bbox 1426 2724 1594 2749; x_wconf 71' lang='lat' dir='ltr'><strong>aversus.</strong></span> <span class='ocrx_word' id='word_1_571' title='bbox 1641 2711 1895 2760; x_wconf 87' lang='lat' dir='ltr'><strong>Inprobabile</strong></span> 
     </span>
     <span class='ocr_line' id='line_1_92' title="bbox 1016 2765 1894 2816; baseline 0.001 -13"><span class='ocrx_word' id='word_1_572' title='bbox 1016 2777 1175 2814; x_wconf 84' lang='lat' dir='ltr'><strong>prorsus</strong></span> <span class='ocrx_word' id='word_1_573' title='bbox 1194 2767 1325 2804; x_wconf 85' lang='lat' dir='ltr'><strong>Crusii</strong></span> <span class='ocrx_word' id='word_1_574' title='bbox 1343 2766 1541 2804; x_wconf 73' lang='lat' dir='ltr'><strong>abstrusus</strong></span> <span class='ocrx_word' id='word_1_575' title='bbox 1557 2767 1598 2803; x_wconf 88' lang='lat' dir='ltr'><strong>in</strong></span> <span class='ocrx_word' id='word_1_576' title='bbox 1618 2765 1732 2804; x_wconf 89' lang='lat' dir='ltr'><strong>Prob.</strong></span> <span class='ocrx_word' id='word_1_577' title='bbox 1750 2767 1839 2804; x_wconf 84' lang='lat' dir='ltr'><strong>crit.</strong></span> <span class='ocrx_word' id='word_1_578' title='bbox 1854 2778 1894 2816; x_wconf 90' lang='lat' dir='ltr'><strong>p.</strong></span> 
     </span>
     <span class='ocr_line' id='line_1_93' title="bbox 1017 2825 1083 2857; baseline 0 -1"><span class='ocrx_word' id='word_1_579' title='bbox 1017 2825 1083 2857; x_wconf 82' lang='lat'><strong>33.</strong></span> 
     </span>
    </p>

    <p class='ocr_par' dir='ltr' id='par_1_17' title="bbox 1016 2871 1900 3124">
     <span class='ocr_line' id='line_1_94' title="bbox 1072 2871 1895 2922; baseline 0.002 -13"><span class='ocrx_word' id='word_1_580' title='bbox 1072 2872 1170 2910; x_wconf 77' lang='lat' dir='ltr'><strong>Nisi</strong></span> <span class='ocrx_word' id='word_1_581' title='bbox 1202 2872 1239 2908; x_wconf 80' lang='lat' dir='ltr'><strong>si</strong></span> <span class='ocrx_word' id='word_1_582' title='bbox 1264 2871 1401 2920; x_wconf 73' lang='lat' dir='ltr'><strong>patria</strong></span> <span class='ocrx_word' id='word_1_583' title='bbox 1431 2871 1502 2922; x_wconf 73' lang='lat' dir='ltr'><strong>sit]</strong></span> <span class='ocrx_word' id='word_1_584' title='bbox 1552 2871 1796 2910; x_wconf 75' lang='lat' dir='ltr'><strong>Ms.&#39;1’uric.</strong></span> <span class='ocrx_word' id='word_1_585' title='bbox 1815 2873 1895 2911; x_wconf 60' lang='lat' dir='ltr'><strong>nisi</strong></span> 
     </span>
     <span class='ocr_line' id='line_1_95' title="bbox 1016 2925 1896 2975; baseline 0.002 -12"><span class='ocrx_word' id='word_1_586' title='bbox 1016 2926 1092 2964; x_wconf 75' lang='lat' dir='ltr'><strong>sibi</strong></span> <span class='ocrx_word' id='word_1_587' title='bbox 1101 2939 1145 2975; x_wconf 81' lang='lat' dir='ltr'><strong>p.</strong></span> <span class='ocrx_word' id='word_1_588' title='bbox 1163 2937 1195 2962; x_wconf 78' lang='lat' dir='ltr'><strong>s.</strong></span> <span class='ocrx_word' id='word_1_589' title='bbox 1230 2926 1338 2963; x_wconf 74' lang='lat' dir='ltr'><strong>ERN.</strong></span> <span class='ocrx_word' id='word_1_590' title='bbox 1367 2925 1463 2963; x_wconf 76' lang='lat' dir='ltr'><strong>Nisi</strong></span> <span class='ocrx_word' id='word_1_591' title='bbox 1477 2927 1514 2963; x_wconf 71' lang='lat' dir='ltr'><strong>si</strong></span> <span class='ocrx_word' id='word_1_592' title='bbox 1531 2927 1591 2963; x_wconf 85' lang='lat' dir='ltr'><strong>ed.</strong></span> <span class='ocrx_word' id='word_1_593' title='bbox 1610 2926 1722 2963; x_wconf 81' lang='lat' dir='ltr'><strong>Rom.</strong></span> <span class='ocrx_word' id='word_1_594' title='bbox 1740 2930 1782 2964; x_wconf 85' lang='lat' dir='ltr'><strong>et</strong></span> <span class='ocrx_word' id='word_1_595' title='bbox 1798 2927 1896 2966; x_wconf 86' lang='lat' dir='ltr'><strong>Nor.</strong></span> 
     </span>
     <span class='ocr_line' id='line_1_96' title="bbox 1018 2978 1896 3026; baseline 0.003 -9"><span class='ocrx_word' id='word_1_596' title='bbox 1018 2980 1080 3017; x_wconf 86' lang='lat' dir='ltr'><strong>Sic</strong></span> <span class='ocrx_word' id='word_1_597' title='bbox 1096 2984 1137 3016; x_wconf 88' lang='lat' dir='ltr'><strong>et</strong></span> <span class='ocrx_word' id='word_1_598' title='bbox 1154 2978 1262 3016; x_wconf 84' lang='lat' dir='ltr'><strong>alibi.</strong></span> <span class='ocrx_word' id='word_1_599' title='bbox 1297 2979 1344 3016; x_wconf 92' lang='lat' dir='ltr'><strong>V.</strong></span> <span class='ocrx_word' id='word_1_600' title='bbox 1371 2980 1555 3016; x_wconf 86' lang='lat' dir='ltr'><strong>Dukerus</strong></span> <span class='ocrx_word' id='word_1_601' title='bbox 1587 2980 1636 3016; x_wconf 86' lang='lat' dir='ltr'><strong>ad</strong></span> <span class='ocrx_word' id='word_1_602' title='bbox 1655 2980 1761 3018; x_wconf 84' lang='lat' dir='ltr'><strong>Flor.</strong></span> <span class='ocrx_word' id='word_1_603' title='bbox 1782 2984 1824 3026; x_wconf 75' lang='lat'><strong>4,</strong></span> <span class='ocrx_word' id='word_1_604' title='bbox 1853 2986 1896 3026; x_wconf 80' lang='lat'><strong>7,</strong></span> 
     </span>
     <span class='ocr_line' id='line_1_97' title="bbox 1021 3032 1900 3081; baseline -0.001 -11"><span class='ocrx_word' id='word_1_605' title='bbox 1021 3038 1082 3070; x_wconf 86' lang='grc'><strong>15.</strong></span> <span class='ocrx_word' id='word_1_606' title='bbox 1139 3033 1186 3069; x_wconf 89' lang='lat' dir='ltr'><strong>ln</strong></span> <span class='ocrx_word' id='word_1_607' title='bbox 1213 3032 1461 3080; x_wconf 83' lang='lat' dir='ltr'><strong>depingenda</strong></span> <span class='ocrx_word' id='word_1_608' title='bbox 1484 3033 1655 3081; x_wconf 86' lang='lat' dir='ltr'><strong>imagine</strong></span> <span class='ocrx_word' id='word_1_609' title='bbox 1672 3037 1788 3072; x_wconf 81' lang='lat' dir='ltr'><strong>terrae</strong></span> <span class='ocrx_word' id='word_1_610' title='bbox 1804 3045 1900 3072; x_wconf 83' lang='lat' dir='ltr'><strong>con.</strong></span> 
     </span>
     <span class='ocr_line' id='line_1_98' title="bbox 1018 3085 1651 3124; baseline 0.002 -1"><span class='ocrx_word' id='word_1_611' title='bbox 1018 3086 1140 3123; x_wconf 81' lang='lat' dir='ltr'><strong>sentit</strong></span> <span class='ocrx_word' id='word_1_612' title='bbox 1156 3085 1302 3123; x_wconf 87' lang='lat' dir='ltr'><strong>Seneca</strong></span> <span class='ocrx_word' id='word_1_613' title='bbox 1320 3087 1367 3122; x_wconf 81' lang='lat' dir='ltr'><strong>de</strong></span> <span class='ocrx_word' id='word_1_614' title='bbox 1385 3087 1538 3123; x_wconf 84' lang='lat' dir='ltr'><strong>Provid.</strong></span> <span class='ocrx_word' id='word_1_615' title='bbox 1557 3098 1591 3123; x_wconf 86' lang='lat' dir='ltr'><strong>c.</strong></span> <span class='ocrx_word' id='word_1_616' title='bbox 1610 3091 1651 3124; x_wconf 79' lang='lat'><strong>4.</strong></span> 
     </span>
    </p>

    <p class='ocr_par' dir='ltr' id='par_1_18' title="bbox 1016 3139 1900 3554">
     <span class='ocr_line' id='line_1_99' title="bbox 1078 3139 1898 3189; baseline 0.004 -14"><span class='ocrx_word' id='word_1_617' title='bbox 1078 3139 1191 3185; x_wconf 80' lang='lat' dir='ltr'><strong>Quod</strong></span> <span class='ocrx_word' id='word_1_618' title='bbox 1204 3151 1323 3176; x_wconf 80' lang='lat' dir='ltr'><strong>unam</strong></span> <span class='ocrx_word' id='word_1_619' title='bbox 1342 3139 1449 3187; x_wconf 75' lang='lat' dir='ltr'><strong>apud</strong></span> <span class='ocrx_word' id='word_1_620' title='bbox 1459 3139 1564 3189; x_wconf 71' lang='lat' dir='ltr'><strong>illos]</strong></span> <span class='ocrx_word' id='word_1_621' title='bbox 1596 3141 1669 3178; x_wconf 84' lang='lat' dir='ltr'><strong>Uti</strong></span> <span class='ocrx_word' id='word_1_622' title='bbox 1686 3141 1792 3189; x_wconf 86' lang='lat' dir='ltr'><strong>apud</strong></span> <span class='ocrx_word' id='word_1_623' title='bbox 1808 3140 1898 3178; x_wconf 79' lang='lat' dir='ltr'><strong>bar·</strong></span> 
     </span>
     <span class='ocr_line' id='line_1_100' title="bbox 1018 3192 1894 3232; baseline 0.003 -3"><span class='ocrx_word' id='word_1_624' title='bbox 1018 3193 1132 3230; x_wconf 76' lang='lat' dir='ltr'><strong>batos</strong></span> <span class='ocrx_word' id='word_1_625' title='bbox 1161 3192 1244 3228; x_wconf 78' lang='lat' dir='ltr'><strong>fere</strong></span> <span class='ocrx_word' id='word_1_626' title='bbox 1274 3203 1408 3229; x_wconf 86' lang='lat' dir='ltr'><strong>omnes</strong></span> <span class='ocrx_word' id='word_1_627' title='bbox 1438 3196 1479 3230; x_wconf 90' lang='lat' dir='ltr'><strong>et</strong></span> <span class='ocrx_word' id='word_1_628' title='bbox 1509 3194 1625 3231; x_wconf 81' lang='lat' dir='ltr'><strong>rudes</strong></span> <span class='ocrx_word' id='word_1_629' title='bbox 1656 3195 1894 3232; x_wconf 79' lang='lat' dir='ltr'><strong>litterarum.</strong></span> 
     </span>
     <span class='ocr_line' id='line_1_101' title="bbox 1016 3245 1897 3297; baseline 0.001 -13"><span class='ocrx_word' id='word_1_630' title='bbox 1016 3248 1101 3284; x_wconf 90' lang='lat' dir='ltr'><strong>Nec</strong></span> <span class='ocrx_word' id='word_1_631' title='bbox 1122 3245 1290 3294; x_wconf 81' lang='lat' dir='ltr'><strong>Hispani</strong></span> <span class='ocrx_word' id='word_1_632' title='bbox 1310 3245 1427 3283; x_wconf 87' lang='lat' dir='ltr'><strong>aliter</strong></span> <span class='ocrx_word' id='word_1_633' title='bbox 1453 3258 1676 3297; x_wconf 74' lang='lat' dir='ltr'><strong>competere</strong></span> <span class='ocrx_word' id='word_1_634' title='bbox 1703 3249 1808 3297; x_wconf 84' lang='lat' dir='ltr'><strong>apud</strong></span> <span class='ocrx_word' id='word_1_635' title='bbox 1827 3260 1897 3284; x_wconf 90' lang='lat' dir='ltr'><strong>no-</strong></span> 
     </span>
     <span class='ocr_line' id='line_1_102' title="bbox 1018 3299 1898 3348; baseline 0.001 -11"><span class='ocrx_word' id='word_1_636' title='bbox 1018 3313 1085 3337; x_wconf 82' lang='lat' dir='ltr'><strong>vos</strong></span> <span class='ocrx_word' id='word_1_637' title='bbox 1121 3299 1251 3337; x_wconf 82' lang='lat' dir='ltr'><strong>Indos.</strong></span> <span class='ocrx_word' id='word_1_638' title='bbox 1295 3299 1538 3348; x_wconf 73' lang='lat' dir='ltr'><strong>Eginhartus</strong></span> <span class='ocrx_word' id='word_1_639' title='bbox 1569 3301 1612 3338; x_wconf 87' lang='lat' dir='ltr'><strong>in</strong></span> <span class='ocrx_word' id='word_1_640' title='bbox 1637 3299 1731 3339; x_wconf 79' lang='lat' dir='ltr'><strong>vita</strong></span> <span class='ocrx_word' id='word_1_641' title='bbox 1762 3301 1898 3338; x_wconf 84' lang='lat' dir='ltr'><strong>Caroli</strong></span> 
     </span>
     <span class='ocr_line' id='line_1_103' title="bbox 1017 3354 1897 3404; baseline -0.001 -13"><span class='ocrx_word' id='word_1_642' title='bbox 1017 3354 1154 3402; x_wconf 87' lang='lat' dir='ltr'><strong>Magni</strong></span> <span class='ocrx_word' id='word_1_643' title='bbox 1173 3364 1207 3390; x_wconf 85' lang='lat' dir='ltr'><strong>c.</strong></span> <span class='ocrx_word' id='word_1_644' title='bbox 1234 3358 1300 3392; x_wconf 74' lang='lat'><strong>29.</strong></span> <span class='ocrx_word' id='word_1_645' title='bbox 1354 3355 1535 3391; x_wconf 79' lang='lat' dir='ltr'><strong>Barbara</strong></span> <span class='ocrx_word' id='word_1_646' title='bbox 1563 3361 1600 3392; x_wconf 80' lang='lat' dir='ltr'><strong>et</strong></span> <span class='ocrx_word' id='word_1_647' title='bbox 1625 3355 1897 3404; x_wconf 73' lang='lat' dir='ltr'><strong>antiquissima</strong></span> 
     </span>
     <span class='ocr_line' id='line_1_104' title="bbox 1019 3407 1900 3457; baseline -0.002 -12"><span class='ocrx_word' id='word_1_648' title='bbox 1019 3408 1210 3452; x_wconf 76' lang='lat' dir='ltr'><strong>carmina,</strong></span> <span class='ocrx_word' id='word_1_649' title='bbox 1236 3407 1373 3457; x_wconf 76' lang='lat' dir='ltr'><strong>quibus</strong></span> <span class='ocrx_word' id='word_1_650' title='bbox 1402 3413 1569 3444; x_wconf 79' lang='lat' dir='ltr'><strong>veterum</strong></span> <span class='ocrx_word' id='word_1_651' title='bbox 1600 3409 1756 3456; x_wconf 80' lang='lat' dir='ltr'><strong>Regum</strong></span> <span class='ocrx_word' id='word_1_652' title='bbox 1788 3413 1900 3444; x_wconf 74' lang='lat' dir='ltr'><strong>actus</strong></span> 
     </span>
     <span class='ocr_line' id='line_1_105' title="bbox 1018 3461 1900 3511; baseline -0.002 -13"><span class='ocrx_word' id='word_1_653' title='bbox 1018 3468 1056 3499; x_wconf 77' lang='lat' dir='ltr'><strong>ee</strong></span> <span class='ocrx_word' id='word_1_654' title='bbox 1074 3462 1172 3498; x_wconf 80' lang='lat' dir='ltr'><strong>bella</strong></span> <span class='ocrx_word' id='word_1_655' title='bbox 1189 3461 1438 3502; x_wconf 76' lang='lat' dir='ltr'><strong>canebantur,</strong></span> <span class='ocrx_word' id='word_1_656' title='bbox 1450 3462 1619 3510; x_wconf 66' lang='lat' dir='ltr'><strong>scripsit,</strong></span> <span class='ocrx_word' id='word_1_657' title='bbox 1634 3461 1900 3511; x_wconf 81' lang='lat' dir='ltr'><strong>memorioeque</strong></span> 
     </span>
     <span class='ocr_line' id='line_1_106' title="bbox 1018 3513 1899 3554; baseline -0.002 -2"><span class='ocrx_word' id='word_1_658' title='bbox 1018 3515 1232 3554; x_wconf 71' lang='lat' dir='ltr'><strong>mandavit.</strong></span> <span class='ocrx_word' id='word_1_659' title='bbox 1285 3513 1504 3551; x_wconf 77' lang='lat' dir='ltr'><strong>Jornandes</strong></span> <span class='ocrx_word' id='word_1_660' title='bbox 1537 3514 1584 3551; x_wconf 87' lang='lat' dir='ltr'><strong>de</strong></span> <span class='ocrx_word' id='word_1_661' title='bbox 1618 3513 1757 3552; x_wconf 80' lang='lat' dir='ltr'><strong>Gothis</strong></span> <span class='ocrx_word' id='word_1_662' title='bbox 1787 3524 1821 3552; x_wconf 91' lang='lat' dir='ltr'><strong>c.</strong></span> <span class='ocrx_word' id='word_1_663' title='bbox 1858 3518 1899 3554; x_wconf 79' lang='lat'><strong>5.</strong></span> 
     </span>
    </p>
   </div>
  </div>
 </body>
</html>
