2190 3880
282 150 382 194 264
886 147 1503 203 HISTORIARUM

150 272 603 330 A.u,soeietatem
644 271 836 327 Civilis
874 271 1214 348 acceperant,
1251 278 1447 333 ductus
1485 299 1518 333 a
1554 279 1763 344 Vocula
1808 281 2101 335 exercitus.

158 346 261 438 {2363
291 342 424 396 Pars
452 363 575 397 cum
609 345 887 400 Herennio
927 348 1088 402 Gallo
1129 353 1441 422 permansit.
1518 351 1682 408 Forte
1716 370 1930 418 navem,
1959 353 2102 408 haud

185 417 480 496 730.'P¹'⁰⁰¹³l
516 420 725 483 castriS,
765 419 1039 473 frumento
1088 441 1329 493 gravem,
1368 441 1491 475 cum
1533 442 1628 494 per
1667 427 1803 477 vada
1841 425 2106 491 haesisset,

200 515 270 567 27
289 488 551 542 Germani
581 490 634 542 in
665 510 815 543 suam
853 494 1028 562 ripam
1062 493 1368 545 trahebant.
1446 494 1576 546 Non
1615 495 1738 548 tulit
1765 496 1974 562 GalluS,
2003 499 2103 550 mi'-

285 561 465 631 sitque
493 563 735 615 subsidio
759 562 1061 615 cohortem.
1108 565 1318 617 Aucvtus
1335 578 1389 616 et
1407 566 1804 620 Germanorum
1829 586 2103 634 numeruS,

281 633 675 704 paullatimque
702 634 1129 705 adgregantibus
1153 654 1208 687 se
1234 637 1471 703 auxiliiS‚
1494 639 1609 691 acie
1637 652 1922 692 certatum.
1963 641 2104 693 Ger-

280 706 427 757 mani
461 706 630 758 multa
656 725 779 774 curn
811 717 990 778 strage
1019 719 1325 760 nostrorum
1356 728 1550 762 navem
1577 711 1873 782 abripiunt.
1950 711 2100 766 Victi

279 779 453 847 (quod
482 788 597 828 tum
627 778 680 829 in
712 796 918 830 morem
945 777 1200 844 verterat)
1228 799 1334 832 non
1364 800 1514 834 suam
1539 783 1834 853 ignaviam,
1864 783 1954 836 sed
1983 801 2105 854 per-

281 849 468 901 fidiam
525 849 715 919 Legati
764 850 1079 922 culpabant.
1157 853 1500 906 Protracturn
1556 873 1585 907 e
1633 856 1889 920 tentoriO,
1939 857 2105 908 scissa

279 934 448 986 veste,
478 922 760 974 verberato
788 941 1034 994 corpore,
1060 942 1158 994 quo
1177 925 1363 994 pretio,
1391 926 1572 996 quibus
1598 928 1822 992 consciis,
1840 927 2101 998 prodidis-

278 1002 352 1044 set
381 992 672 1057 exercitum,
699 995 879 1047 dicere
898 995 1119 1065 jubent.
1187 996 1353 1048 Redit
1380 997 1434 1048 in
1466 997 1846 1051 Hordeonium
1875 999 2098 1053 invidia.

281 1064 442 1117 Illum
471 1074 725 1118 auctorem
750 1066 960 1133 sceleris,
989 1068 1136 1122 hunc
1162 1068 1451 1120 ministrum
1482 1082 1712 1136 vocant3
1750 1072 1944 1135 donec,
1981 1074 2100 1125 exi-

279 1138 417 1190 tium
440 1137 821 1192 minitantibus
838 1141 1148 1207 exterritu5‚
1169 1141 1533 1212 proditionem
1562 1154 1618 1194 et
1638 1143 1753 1214 ipse
1780 1142 2098 1196 Hordeonio

278 1210 518 1281 objecit:
562 1211 904 1282 vinctusque,
943 1213 1187 1265 adventu«v
1233 1214 1453 1265 demum
1503 1214 1727 1268 Voculae
1779 1213 2098 1268 exsolvitur.

278 1280 335 1334 Is
362 1283 687 1354 postera-die
713 1296 962 1338 auctores
989 1284 1271 1337 seditionis
1300 1297 1473 1338 morte
1511 1286 1733 1340 adfecit.
1807 1285 1985 1339 Tanta
2021 1287 2099 1340 illi

276 1355 543 1407 exercitui
571 1355 855 1408 diversitas
880 1357 1053 1410 inerat
1080 1357 1314 1410 licentiae
1347 1359 1761 1429 patientiaeque.‘
1804 1358 1970 1412 Haud
1999 1359 2102 1413 du-

276 1425 369 1479 bie
395 1427 676 1499 gregarius
711 1428 865 1481 miles
905 1429 1127 1482 Vitellio
1167 1430 1334 1482 fidus:
1376 1430 1840 1501 splendidissimus
1870 1431 2099 1502 quisque

255 1498 334 1551 in
353 1499 746 1570 Vespasianum
773 1501 950 1572 proni.
990 1500 1116 1554 inde
1144 1501 1405 1554 scelerum
1426 1521 1488 1555 ac
1513 1502 1905 1574 suppliciorum
1934 1504 2098 1570 viceS,

278 1582 335 1624 et
361 1572 568 1624 mixtus
592 1572 856 1643 obsequio
878 1573 1058 1626 furor:
1098 1584 1160 1626 ut
1186 1574 1454 1626 contineri
1485 1593 1589 1627 non
1622 1586 1860 1646 possent,
1881 1576 1971 1645 qui
2001 1594 2099 1645 pu-

196 1645 265 1692 28
281 1645 383 1697 uiri
407 1654 680 1716 poterant.
756 1644 834 1698 At
861 1645 1095 1698 Civilem
1121 1646 1380 1698 inmensis
1407 1647 1658 1700 auctibus
1688 1648 1935 1700 universa
1957 1647 2097 1701 Ger·

277 1718 462 1769 mania
497 1716 817 1782 extollebat,
857 1719 1118 1771 societate
1169 1718 1521 1771 nobilissimis
1573 1719 1823 1772 obsidum
1867 1719 2096 1773 firmata.

276 1787 395 1854 Ille,
424 1801 485 1840 ut
508 1789 706 1860 cuique
733 1791 1068 1861 proximum,
1091 1789 1292 1843 vastari
1321 1788 1476 1842 Ubios
1501 1790 1849 1862 Treverosque,
1870 1800 1918 1843 ot
1937 1790 2096 1844 aliam

272 1879 483 1913 manum
512 1859 720 1914 Mosam
745 1881 942 1915 amnem
963 1862 1199 1928 transire,
1218 1863 1383 1933 jubet
1418 1871 1475 1914 ut
1502 1862 1774 1933 Menapios
1793 1872 1839 1915 et
1860 1863 2098 1917 Morinos

270 1943 319 1985 et
342 1942 564 1987 extrema
594 1932 896 1987 Galliarum.
925 1943 1173 2006 quateret.
1225 1933 1383 1988 Actae
1426 1936 1716 2006 utrobique
1747 1936 1975 2006 praedae3
2014 1936 2099 1989 in-

1214 2095 1263 2121 ne
1292 2084 1433 2130 dicam,
1475 2086 1677 2122 immensa.
1744 2085 1857 2122 vas.
1918 2085 2098 2123 Pichenae

1214 2140 1493 2176 correctionem
1538 2151 1671 2176 omncs
1722 2144 1859 2188 postea.
1902 2151 2098 2189 recepere.

324 2085 481 2121 Auctus
507 2090 544 2120 et
568 2084 694 2122 Germ.
721 2070 920 2134 numerus]
953 2084 1053 2122 Edd.
1081 2085 1158 2122 Pu-

269 2138 361 2175 teol.
382 2139 472 2176 Ber.
496 2138 584 2175 Alc.
600 2145 668 2175 est.
702 2139 817 2176 male.
837 2140 931 2175 item
948 2151 1038 2175 mox
1058 2142 1159 2177 arri-

264 2194 401 2242 piunt,
423 2193 525 2241 quod
554 2197 615 2229 est
632 2193 752 2230 etiam
772 2194 814 2229 in
832 2193 891 2229 ed.
911 2205 971 2242 pr.
1009 2195 1159 2230 Ceterae

271 2247 363 2283 inde
379 2259 404 2282 a
422 2247 549 2284 Rhen.
581 2245 618 2298 (e
636 2247 755 2296 Bud.)
784 2259 917 2284 omnes
941 2248 1158 2297 abripiunt,

270 2301 541 2338 consentiente
561 2302 695 2340 Guelf.
743 2303 850 2339 ERN.
900 2302 1159 2339 andanems

269 2362 319 2393 et.

325 2413 384 2448 Ae
411 2411 574 2449 Civilem
600 2409 845 2461 immensum]
877 2411 1022 2447 Locum
1050 2414 1158 2446 recte

268 2466 329 2502 ita
341 2465 612 2514 purgavimus,
627 2477 714 2502 cum
733 2461 944 2514 legeretur,
963 2466 1158 2502 immensis

269 2521 433 2566 actibus,
451 2520 584 2569 vulgo.
618 2521 664 2557 In
686 2521 845 2557 Covarr.
865 2523 951 2557 erat
969 2519 1156 2556 auctibus.

268 2575 312 2611 in
330 2575 525 2624 Rodolphi
543 2575 672 2611 codice
685 2575 879 2612 laudibus.
908 2574 1009 2615 Quae
1022 2583 1156 2610 omnes

268 2634 441 2668 externae
467 2635 506 2666 et
519 2629 707 2666 addititiae
724 2641 850 2674 voces,
871 2640 943 2678 pro
959 2628 1074 2665 libito
1091 2639 1158 2665 ex-

267 2684 480 2733 plentium.
537 2684 591 2721 At
605 2684 700 2720 mihi
714 2684 929 2721 Vaticanus
947 2683 1013 2719 ille
1030 2682 1156 2720 bonus

266 2739 369 2775 bene
382 2740 551 2789 praeivit,
566 2740 633 2788 qui
645 2739 756 2787 legit,
769 2740 966 2776 immensis
978 2739 1154 2775 universa

272 2795 398 2831 Germ.
452 2795 514 2832 Ex
533 2806 610 2843 quo
624 2793 796 2841 phrasim
816 2793 930 2830 facile
948 2792 1064 2829 elicui
1075 2791 1111 2829 T
1113 2804 1155 2827 a-

268 2849 348 2884 cito
378 2851 418 2886 et
444 2848 630 2887 Sallustio
660 2854 808 2885 notam.
863 2846 1008 2884 Noster
1037 2847 1088 2883 A.
1112 2853 1154 2892 3,

268 2908 335 2939 30.
374 2903 586 2955 opumque,
616 2900 707 2952 quis‘
731 2904 863 2940 domus
895 2902 967 2938 illa
996 2903 1156 2939 immen-

266 2970 355 2994 sum
381 2959 529 3007 viguit,
556 2959 711 3006 primus
739 2957 1014 2995 accumulatur.
1072 2956 1154 2994 Sal-

265 3011 411 3050 lustius
441 3017 478 3049 3.
507 3013 617 3049 Hist.
645 3023 710 3060 ap.
739 3011 843 3049 Non.
869 3015 903 3055 1,
924 3017 989 3047 8³.
1022 3011 1155 3060 Neque

257 3067 351 3116 jam
370 3068 554 3105 sustineri
570 3072 767 3115 poterant,
790 3067 1016 3103 immensum
1041 3071 1155 3102 aneto

267 3122 373 3157 mari
391 3126 427 3158 et
446 3127 552 3157 vento
577 3122 779 3169 gliscente.
834 3120 917 3157 Nec
933 3123 1066 3155 tamen
1088 3119 1156 3155 ab·

269 3176 385 3212 surde
404 3174 520 3210 etiam
545 3175 760 3223 scripseris,
780 3175 1007 3211 immensum
1033 3186 1153 3224 qnem-

267 3237 365 3267 tum.
419 3229 521 3266 Nam
538 3229 731 3265 Vaticano
749 3231 853 3264 certe
883 3229 1052 3278 spatium
1082 3229 1154 3264 ali-

268 3284 372 3333 quod
402 3287 492 3333 post
517 3294 602 3318 eam
632 3294 764 3318 vocem
794 3288 866 3324 est,
885 3283 997 3330 quasi
1028 3282 1155 3318 altera

266 3339 397 3377 defiat.
453 3337 629 3375 Pichenae
653 3336 810 3384 quidem
842 3335 994 3384 placere
1025 3337 1151 3382 video,

266 3405 315 3430 ex
333 3393 436 3431 Flor.
459 3392 653 3431 immensis·
669 3390 847 3427 auctibus
861 3403 873 3425 .-
902 3390 1004 3437 quod
1029 3391 1153 3426 inter-

264 3451 462 3497 pretatur,
486 3449 647 3482 auctum
677 3445 789 3482 valde
823 3443 974 3480 viribus
1010 3444 1152 3492 copiis-

265 3514 357 3552 que,
377 3513 401 3538 a
419 3501 638 3540 Germanis.
693 3500 751 3537 Ut
769 3499 935 3547 quisque
952 3498 1079 3535 volet:
1110 3503 1152 3535 at

265 3558 390 3593 nimia
410 3568 480 3607 pro
506 3567 549 3592 re
577 3560 617 3592 et
634 3566 727 3592 vero
754 3554 823 3590 illa
843 3552 991 3590 locutio
1008 3553 1061 3590 sit
1078 3554 1150 3591 :im-

264 3613 406 3649 mensis
424 3610 615 3649 auctibus.
677 3608 753 3647 Ubi
777 3608 857 3645 haec
873 3611 956 3645 tam
975 3605 1147 3658 magna?

1213 2195 1346 2231 Recte.
1378 2194 1544 2231 Actibus
1577 2194 1662 2230 cdd.
1692 2205 1826 2230 omnes
1861 2202 1954 2231 ante
1988 2195 2097 2244 Lips.

1211 2249 1338 2285 Actus
1354 2252 1396 2285 et
1411 2254 1563 2294 auctus,
1582 2254 1626 2284 ut
1656 2249 1742 2296 ipsa
1769 2247 1889 2284 verba
1916 2260 2034 2298 agere
2058 2252 2100 2286 et

1212 2315 1371 2351 (reagere,
1390 2313 1492 2351 soepe
1522 2303 1562 2338 in
1590 2301 1702 2339 libris
1730 2302 2042 2350 confunduntur,
2059 2316 2098 2340 v.

1209 2357 1413 2394 Drukenb.
1443 2357 1492 2392 ad
1523 2357 1606 2393 Liv.
1635 2358 1676 2402 4,
1704 2362 1743 2394 2.
1776 2362 1842 2402 21,
1861 2360 1929 2394 61.
1986 2357 2096 2395 Bene

1211 2412 1454 2459 comparavit
1475 2410 1676 2447 Acidalius
1694 2409 1794 2447 Vell.
1817 2416 1856 2454 2,
1877 2416 1942 2448 40.
1979 2411 2096 2460 hujtas

1211 2466 1289 2502 viri
1311 2465 1536 2515 fastigium
1569 2467 1691 2502 tantis
1727 2465 1903 2502 arietibus
1924 2465 2095 2513 fortuna

1211 2521 1379 2557 extulit.-
1423 2531 1596 2568 ususque
1642 2533 1688 2556 eo
1729 2518 1848 2557 verbo
1886 2520 2095 2569 aliquoties

1211 2574 1363 2620 Lirim,
1381 2578 1428 2612 ut
1443 2574 1484 2610 ll.
1503 2586 1558 2611 cc.
1603 2575 1711 2612 Enx.
1755 2574 1803 2610 ln
1823 2574 1952 2611 verbis
1971 2575 2096 2625 Lipsii

1210 2629 1253 2664 in
1288 2633 1456 2679 utraque
1492 2629 1663 2665 editione
1695 2629 1870 2675 Ernesti,
1904 2629 2024 2666 immo
2054 2633 2096 2667 et

1211 2687 1379 2733 utraque
1425 2684 1727 2730 Gronoviorum,
1763 2683 1903 2721 ultima
1943 2683 2094 2734 phrasis

1207 2739 1383 2786 turpiter
1398 2741 1583 2776 truncata
1607 2739 1668 2774 hic
1687 2750 1711 2774 a
1726 2749 1788 2774 me
1812 2744 1870 2775 est
1897 2739 2096 2777 restituta.

1207 2793 1310 2830 Bud.
1327 2794 1510 2830 inmensis
1533 2794 1693 2838 artibus,
1713 2793 1865 2830 vitiose.
1919 2794 2092 2831 Faernus

1208 2847 1365 2896 legebat
1381 2848 1568 2899 auctibus..

1267 2902 1451 2940 Transire
1475 2901 1605 2952 jabet]
1649 2900 1839 2948 Faernus,
1875 2901 2094 2948 Acidalius,

1208 2956 1388 2994 Freinsh.
1406 2956 1611 3004 corrigunt
1627 2957 1801 2999 transiri,
1820 2959 1892 2993 aut
1913 2963 1950 2994 et
1970 2957 2093 2994 aliam

1209 3023 1380 3049 manum.
1427 3011 1617 3049 Excusuri
1651 3012 1856 3059 vulgatum
1889 3016 2090 3058 utcunque

1210 3068 1352 3114 potest,
1388 3066 1418 3101 si
1452 3065 1649 3112 intelligas
1682 3064 1814 3101 Duces
1842 3066 2090 3114 populorum.

1212 3121 1306 3156 Mox
1345 3126 1517 3170 quateret
1557 3119 1667 3156 MSS.
1705 3118 1824 3169 (Ποῖ.
1861 3117 1957 3165 Agr.
1992 3119 2091 3166 Reg.

1209 3171 1324 3223 Lali.)
1359 3173 1444 3210 cdd.
1476 3177 1571 3211 vett.
1602 3178 1693 3210 ante
1725 3173 1853 3210 Rhen.
1881 3171 1957 3208 nisi
1987 3173 2092 3221 quod

1210 3229 1335 3277 princ·
1355 3228 1492 3264 vitiose
1507 3233 1699 3277 quareret.
1717 3227 1831 3263 refer.
1851 3226 1906 3263 ad
1916 3239 2107 3265 manum.-

1208 3283 1423 3319 Rhenanus
1452 3282 1620 3318 correxit
1658 3280 1695 3330 (e
1726 3278 1844 3330 Bud.)
1877 3288 2091 3330 quaterent,

1208 3336 1310 3384 quod
1336 3347 1469 3372 omnes
1498 3335 1622 3373 secuti
1645 3340 1737 3372 sunt
1765 3346 1888 3383 usque
1916 3336 1965 3372 ad
1990 3337 2091 3384 Ryc-

1207 3390 1327 3426 kium.
1382 3390 1489 3427 ERN.
1550 3391 1654 3438 Lego
1688 3401 1777 3426 cum
1825 3390 2003 3427 Freinsh.
2049 3395 2091 3427 et

1205 3445 1296 3492 Bip.
1315 3445 1437 3481 aliam
1456 3457 1625 3481 manum.
1681 3444 1787 3480 Solet
1805 3444 1847 3480 in
1867 3444 1951 3481 MS.
1979 3445 2090 3481 codd.

1207 3498 1350 3534 lineola
1367 3499 1581 3535 adcusativi
1602 3499 1718 3535 index
1735 3498 1878 3535 omitti.
1916 3499 2087 3547 Ryckius

1205 3553 1465 3591 subaudiebat
1501 3564 1590 3591 suos
1624 3557 1665 3590 et
1698 3553 1805 3603 vulg.
1841 3559 1971 3591 servat
2006 3554 2088 3592 alia

1203 3619 1335 3645 viana.
