2190 3880
247 156 346 201 244
866 148 1466 201 HISTORIARUM

66 305 72 312 ,
113 279 166 318 A.
182 275 237 316 U.
255 255 475 320 velaret,
498 254 594 310 sed
621 272 730 326 quo
763 254 970 309 firmior
995 256 1250 310 adversus
1273 255 1501 312 fortuita
1527 255 1668 314 Rern
1712 257 1949 313 ublicam
1974 277 2066 317 ca-

126 333 220 370 823·
255 339 512 400 pesseret.
539 327 789 381 doctores
819 328 1101 399 sapien-tiae
1131 339 1344 382 secutus
1371 338 1472 394 est,
1500 329 1600 399 qui
1621 348 1680 382 so
1703 350 1732 387 a
1761 331 1924 395 bona,
1941 328 2066 401 quae

111 384 230 481 Αᾶἓ·
255 401 505 470 honesta,
533 398 673 454 mala
698 410 930 464 tantum,
956 418 1079 470 quae
1103 401 1313 471 turpia:
1354 401 1677 470 potentiam,
1704 398 2067 468 nobilitatem,

252 485 541 542 ceteraque
591 484 748 525 extra
800 472 1060 536 animum,
1108 489 1284 541 neque
1329 471 1508 536 boniS,
1547 489 1616 525 ne
1658 490 1724 524 ue
1772 474 1927 528 malis
1974 475 2072 528 ad-

249 556 557 599 numerant.
636 543 978 603 Quaestorius
1039 541 1237 606 adhuc,
1288 561 1322 595 a
1383 541 1542 597 Paeto
1654 543 1842 599 hrasea
1901 550 2069 620 gener

252 617 515 681 delectuS,
542 634 572 668 e
599 615 843 681 moribus
896 613 1069 667 soceri
1109 613 1247 667 nihil
1283 632 1438 684 aeque
1481 633 1545 668 ac
1582 614 1892 672 libertatem
1937 618 2072 673 hau-

218 719 219 725 =
253 689 354 742 sit:
419 689 576 751 civiS,
619 686 868 751 Senator,
922 685 1166 751 marituS,
1203 703 1387 757 gener,
1425 686 1652 753 amicuS,
1687 689 1900 743 cunctis
1937 690 2069 744 vitae

250 761 450 817 officiis
490 757 793 829 aequabiliS‚
833 775 1001 828 opum
1039 769 1405 829 contemptor,
1450 759 1585 813 recti
1621 760 1903 833 pervicax,
1939 779 2072 816 con-

252 845 400 886 stans
426 832 681 885 adversus
720 840 911 883 metus,
989 827 1178 895 Erant,
1204 831 1772 902 quibusadpetentior
1798 831 1960 888 famae
1988 832 2070 887 vi-

254 905 490 968 deretur,
529 901 748 973 quando
789 902 954 955 etiam
993 903 1329 974 sapientibus
1369 903 1569 974 cupido
1608 903 1797 974 gloriae
1838 903 2070 959 novissi·

207 980 346 1034 6111a
386 975 624 1029 exuitur.
699 973 885 1028 Ruina
919 974 1090 1027 soceri
1136 975 1191 1027 in
1230 974 1482 1038 exsilium
1519 973 1722 1046 pulsuS,
1760 987 1843 1041 nt,
1870 976 2068 1033 Galbae

255 1048 600 1119 Principatu,
625 1046 808 1112 red-iit,
836 1045 1159 1099 Marcellum
1201 1045 1446 1118 Eprium,
1473 1045 1769 1122 delatorem
1792 1046 2071 1117 Thraseae,

254 1121 517 1174 adcusare
543 1119 877 1192 adgreditur.
955 1117 1033 1171 Ea
1065 1119 1217 1185 ulti0‚
1245 1119 1736 1191 incertum,“major
1761 1138 1830 1174 an
1846 1120 2071 1192 just-ior,
2101 1143 2105 1147 ·

255 1194 519 1248 Senatum
548 1192 604 1244 in
639 1191 819 1245 studia
853 1190 1160 1244 diduxerat.
1239 1191 1402 1257 Nam,
1439 1191 1482 1244 si
1510 1192 1727 1246 caderet
1757 1191 2072 1260 Marcellus,

252 1284 449 1337 agmen
492 1282 706 1319 reorum
758 1264 1119 1316 sternebatur.
1195 1263 1382 1317 Primo
1420 1263 1623 1322 minax
1676 1258 1971 1330 certamen,
2008 1261 2086 1324 et·

156 1328 180 1363 ’Β
256 1338 496 1412 egregiis
534 1337 815 1410 utriusque
851 1335 1191 1389 orationibus
1225 1346 1505 1390 testatum.
1580 1336 1744 1404 Mox,
1773 1337 1943 1390 dubia
1978 1354 2077 1391 vo-

250 1530 312 1571 sct,
343 1523 439 1574 quia
464 1533 546 1561 non
580 1524 643 1560 est
680 1522 724 1560 in
748 1521 864 1560 MSS.
899 1519 1004 1558 Flor.
1046 1519 1143 1571 Agr.

252 1580 314 1617 ed.
331 1591 392 1630 pr.
423 1578 569 1616 delevit
594 1577 781 1626 Ryckius,
799 1576 956 1614 addito:
986 1581 1023 1621 et
1049 1576 1144 1614 solet

251 1634 500 1682 subintelligi
512 1646 524 1669 .·
555 1633 658 1683 quod
675 1632 831 1670 utinam
855 1630 1043 1680 exemplis
1063 1630 1143 1667 ido-

251 1690 339 1727 neis
366 1687 583 1740 probasset.
638 1686 714 1725 Sed
739 1686 882 1724 falsum
911 1689 984 1732 est,
1002 1686 1043 1722 in
1070 1685 1144 1724 tali

253 1747 458 1782 structura
490 1743 621 1780 omitti
653 1747 696 1780 et
735 1741 907 1791 intelligi
937 1752 1063 1790 posse,
1094 1744 1141 1778 ut

252 1802 362 1836 recte
377 1798 534 1835 monuit
559 1798 598 1835 J.
625 1797 864 1842 Gronovius,
892 1797 959 1845 qui
981 1796 1044 1832 hic
1069 1795 1141 1832 'ali-

253 1853 350 1904 quid
368 1852 457 1890 vitii
476 1852 609 1890 'latere
626 1854 757 1902 putat.
814 1851 910 1889 Mox
930 1850 1016 1889 MS.
1043 1851 1140 1899 Agr.

253 1914 466 1959 ceteraque,
506 1919 593 1959 quoe
638 1912 756 1945 extra
799 1906 987 1954 animum.
1032 1905 1141 1943 ERN.

253 1963 340 2000 Nec
357 1962 563 2000 cod.'Bud.
592 1961 760 1999 alterum
782 1966 828 1999 ut
846 1959 979 1999 habet.
1032 1960 1141 1998 Idem

255 2017 428 2056 doctores
443 2018 678 2066 sapientum.
776 2016 778 2022 ’

316 2072 558 2118 Quoestorius
590 2068 734 2121 adhuc]
795 2069 980 2111 Quaestor
1006 2071 1142 2107 autem

255 2126 336 2164 fuit
354 2125 427 2165 sub
444 2126 602 2165 Nerone
620 2130 660 2162 et
684 2125 876 2163 Achaiam
892 2124 1145 2162 administra-

255 2182 338 2219 t'it:
370 2181 474 2230 quod
491 2180 718 2219 scholiastes
737 2180 781 2217 in
798 2180 878 2217 Sat.
899 2185 938 2224 5,
957 2182 1024 2217 36.
1070 2180 1145 2217 Ju-

256 2236 408 2273 venalis
422 2236 605 2285 prodidit.
661 2233 715 2272 At
733 2235 879 2272 Praetor
897 2235 1052 2271 demum
1071 2233 1144 2271 sub

252 2291 517 2340 Vespasiano,
529 2291 673 2328 diserte
687 2290 743 2326 ita
753 2288 947 2326 scribente
959 2288 1146 2325 Suetonio

259 2357 346 2395 cap.
379 2350 441 2384 1⁴5.
495 2345 736 2382 Nominatur
762 2347 894 2380 tamen
926 2343 1065 2380 Tacito
1094 2344 1145 2380 A.

255 2406 328 2445 12,
347 2405 415 2440 49.
454 2399 663 2438 Helvidius
675 2398 838 2436 Priscu-s
856 2400 1012 2446 legatus
1023 2398 1145 2446 legio-

260 2457 339 2500 πίε,
358 2466 396 2494 a.
413 2466 454 2495 u.
474 2458 565 2492 805.
594 2448 726 2504 quem,
745 2464 794 2490 ex
817 2464 924 2490 more
951 2451 1037 2499 ejus
1059 2451 1147 2498 aevi,

259 2510 494 2549 Praetorium
538 2509 730 2558 Legatum
772 2507 895 2547 fuisse
942 2506 1147 2555 probabile

262 2569 349 2602 est:
388 2564 476 2614 quis
507 2575 599 2611 ergo
627 2562 734 2600 ist-e?
777 2573 857 2601 non
883 2564 1033 2608 noster,
1054 2561 1148 2610 quia

261 2623 360 2658 tunc
408 2619 481 2656 sub
518 2617 684 2658 Claudio
723 2628 795 2654 nec
831 2618 1025 2658 Quaestor.
1081 2615 1147 2654 An

261 2678 379 2725 pater
406 2672 518 2722 ejus?
551 2684 645 2719 non,
670 2671 763 2723 quia
789 2670 954 2710 Tacitus
975 2671 1038 2708 hic
1055 2672 1147 2708 Clu-

262 2731 374 2766 vium
401 2729 459 2766 illi
487 2731 638 2777 patrem
669 2727 736 2764 dat
764 2727 969 2764 dumtaxat
996 2726 1147 2764 Primi-

257 2785 441 2835 pilarmn.
490 2783 674 2832 Suspicor
694 2782 934 2819 avunculum
952 2781 1089 2827 fuisse,
1107 2783 1147 2823 et

263 2838 317 2875 ab
353 2850 398 2875 eo
435 2838 476 2875 in
508 2849 651 2876 nomen
686 2840 726 2874 et
762 2837 951 2873 familiam
987 2836 1149 2884 adopta-

266 2896 369 2930 tum.
419 2893 523 2932 Nam
560 2893 664 2930 unde
701 2891 847 2940 alioqui
884 2891 1092 2929 Helvidius
1127 2901 1149 2926 e

271 2947 407 2984 Cluvio
436 2945 578 2997 patre?
634 2947 862 2984 Notandum
892 2946 962 2982 hoc
979 2956 1072 2984 sane
1091 2948 1150 2982 est

267 3002 319 3038 ad
356 3003 430 3038 viri
470 3001 603 3051 magni
647 3001 844 3039 notitiam.
899 3002 999 3038 Item
1035 2999 1149 3046 illud,

269 3057 372 3105 quod
387 3057 503 3094 aliam
521 3057 640 3097 etiam
658 3067 819 3105 uxorem
839 3058 932 3092 ante
951 3054 1150 3101 habuerit,

270 3113 312 3146 et
329 3121 375 3147 ex
395 3123 439 3147 ea
463 3112 693 3148 Helvidium
702 3110 918 3159 juniorem,
937 3121 1053 3159 quem
1070 3110 1152 3147 Do-

269 3165 461 3204 mitianus
496 3165 720 3203 interfecit:
757 3166 886 3204 Plinio
913 3166 988 3215 Ep.
1019 3172 1060 3211 3,
1090 3169 1152 3201 ll.

271 3222 315 3256 et
346 3220 486 3257 Tacito
514 3219 608 3267 Agr.
638 3224 704 3255 45.
739 3219 943 3256 laudatum
974 3220 1084 3264 item,
1115 3222 1157 3255 et

270 3276 386 3324 patre
406 3274 567 3322 dignum
586 3273 725 3309 virum.
763 3274 878 3321 Vide,
897 3285 982 3323 quae
1001 3278 1095 3311 noto
1113 3274 1155 3310 111

271 3328 353 3366 fine
370 3329 576 3377 Agricolae.
623 3328 736 3366 Lxrs.

331 3384 454 3420 Gener
474 3382 662 3432 delectus]
697 3381 756 3419 cf.
775 3382 826 3418 A.
850 3385 913 3429 16,
934 3387 998 3425 28,
1019 3386 1085 3420 35.

332 3439 451 3483 Cives,
481 3436 662 3487 Senator]
721 3436 879 3485 Magna:
914 3436 1080 3482 laudes;
1116 3440 1157 3473 et

276 3505 363 3542 qum
385 3493 478 3542 jure
502 3504 574 3530 nos
599 3490 760 3543 rapiant
787 3491 828 3527 in
857 3490 1156 3528 admirationem

278 3547 365 3584 viri.
413 3547 488 3584 Cui
505 3547 688 3586 Tacitum
706 3545 834 3596 ipsum
854 3545 1157 3595 perfamiliarem

276 3602 413 3652 fuisse,
432 3601 530 3642 mihi
557 3601 694 3652 liquet.
749 3601 843 3642 Non
868 3601 1023 3642 minora
1046 3600 1093 3640 de
1112 3612 1158 3640 eo

1196 1522 1325 1578 elogia
1341 1523 1507 1575 sparsim
1527 1523 1701 1573 reperias
1719 1523 1764 1561 in
1774 1523 1881 1564 nise.
1896 1523 2087 1574 Epicteti.

1195 1579 1301 1632 apud
1328 1579 1544 1620 Arrianum
1576 1584 1614 1625 l,
1641 1583 1680 1616 2.
1714 1583 1756 1625 4,
1780 1584 1816 1618 1.
1853 1583 1896 1617 et
1921 1579 2076 1619 Plinius

1197 1637 1319 1674 etiam
1336 1635 1380 1673 in
1396 1632 1584 1684 Epistolis
1610 1632 1839 1682 celebrat-7,
1859 1638 1924 1675 19.
1950 1638 1992 1682 9,
2014 1638 2081 1672 13.

1196 1691 1255 1730 At
1270 1693 1364 1732 ,tam
1387 1689 1543 1728 illustre
1571 1687 1672 1726 fidus
1693 1687 1802 1741 (heu,
1821 1688 1916 1738 quid
1946 1699 2080 1738 spere·

1194 1756 1282 1785 mus
1296 1743 1331 1797 ?)
1362 1745 1405 1783 in
1423 1743 1598 1782 tenebris
1614 1754 1726 1794 paene
1736 1742 1911 1792 jacebat,
1926 1742 2078 1795 absque

1194 1813 1278 1839 una
1294 1801 1367 1839 hac
1384 1799 1517 1838 Taciti
1532 1799 1630 1837 face.
1677 1799 1790 1837 Lu’s.
1875 1814 1882 1843 χ

1253 1856 1418 1903 Quando
1431 1856 1551 1904 etiam
1561 1851 1817 1904 sapientibus]
1838 1851 2052 1891 verissime
2060 1864 2076 1890 t

1194 1921 1268 1949 nec
1283 1909 1531 1948 mutandum.
1562 1909 1711 1947 Omnes
1727 1908 1904 1946 adfectus
1921 1906 2078 1946 facilius

1194 1977 1219 2003 a
1237 1966 1415 2015 sapiente
1436 1966 1654 2009 exuuntur,
1672 1973 1788 2011 quam
1807 1962 1891 2000 *haec
1909 1962 2076 2013 cupido:

1195 2025 1236 2059 et
1259 2022 1301 2058 in
1328 2018 1486 2070 magnis
1505 2018 1600 2056 viris
1631 2017 1735 2069 (Val.
1763 2018 1890 2056 Flacc.
1919 2023 1961 2064 Δ1,
1989 2014 2074 2067 76.)

1196 2082 1295 2114 —tu
1327 2076 1412 2113 sola
1455 2074 1630 2111 animum
1658 2063 1892 2123 ‘fatentemque
1922 2072 2081 2123 peruri-s

1201 2131 1349 2169 Gloria.
1375 2130 1489 2167 Plato
1501 2128 1551 2166 ad
1567 2127 1669 2165 hanc
1685 2130 1858 2165 mentem
1874 2127 2080 2176 aptissime

1199 2197 1263 2235 ap.
1295 2185 1444 2223 Athen.
1472 2188 1536 2222 11.
1559 2195 1600 2232 p.
1621 2187 1715 2222 250.
1771 2179 1841 2222 Τὴν
1869 2177 2080 2231 κενοδοξίαν,

1199 2239 1245 2284 ὣς
1276 2240 1486 2278 τελευταῖον
1517 2235 1679 2288 χιφᾶἲνα,
1716 2235 1739 2278 ἦ
1772 2233 1891 2286 ’ψυχὴ
1922 2232 2083 2285 ripun»

1200 2292 1473 2333 ἀποτίθεσθαι.
1490 2299 1494 2306 ’
1533 2294 1593 2330 Et
1621 2293 1756 2328 noster
1801 2290 1844 2328 in
1888 2290 1986 2339 Agr.
2038 2294 2083 2330 9.

1201 2350 1342 2395 Fama,
1374 2349 1440 2386 cui
1465 2359 1567 2395 saepe
1597 2347 1715 2397 etiam
1743 2346 1834 2383 boni
1859 2344 2083 2395 indulgent.

1200 2405 1314 2443 ers.
1347 2403 1406 2441 cf.
1435 2404 1475 2438 et
1506 2399 1756 2448 simplic-ad
1784 2399 1918 2447 Epict.
1948 2410 1985 2439 c.
2013 2403 2083 2437 ⁴8.

1200 2457 1272 2496 ubi
1290 2458 1431 2495 melius
1451 2451 1652 2506 φιλοδοξίας
1670 2453 1756 2492 loeo
1770 2449 1886 2501 δὸξηε.

1257 2513 1308 2551 ln
1328 2512 1492 2551 exilium
1511 2507 1666 2560 pulsus]
1703 2508 1756 2547 A.
1780 2510 1845 2555 16,
1861 2513 1928 2547 83.
1984 2506 2082 2546 Mox
2116 2508 2118 2510 ’

1199 2566 1303 2605 Bud.
1321 2567 1546 2605 deduxerat.
1567 2563 1683 2601 male.
1902 2565 1906 2570 ”

1258 2622 1390 2662 Galba
1401 2620 1629 2671 principatu
1645 2615 1780 2668 rediit]
1800 2615 1943 2656 Unde?
1962 2614 2087 2666 Apol·

1199 2677 1321 2716 Ionia.
1378 2675 1467 2714 Illic
1481 2674 1587 2714 enim
1611 2673 1653 2710 in
1679 2672 1818 2710 exsilio
1840 2671 1947 2721 egit:
1978 2668 2085 2719 quod

1201 2744 1271 2770 nos
1287 2732 1399 2769 docet
1415 2729 1642 2769 scholiastes
1659 2727 1702 2764 in
1720 2727 1801 2774 Sat.
1817 2724 2024 2764 Juvemtis
2042 2730 2084 2774 6,

1201 2790 1268 2825 36.
1296 2786 1486 2824 Elvidins
1504 2785 1680 2829 Priscus,
1692 2787 1783 2831 post
1798 2780 2086 2819 damnationem

1201 2842 1323 2879 socen·
1338 2841 1446 2878 Paetz·
1464 2839 1659 2883 ssraseoe,
1675 2836 1883 2875 interdicta
1904 2833 1980 2873 sibi
1997 2835 2084 2873 na-

1202 2897 1274 2941 lia,
1294 2895 1548 2946 Apolloniam
1565 2892 1758 2930 concessit.
1805 2891 1917 2928 Lu’s.

1247 2950 1414 3000 *Agmen
1429 2945 1597 2997 reorum]
1630 2947 1708 2984 Rei
1719 2955 1854 2982 omnes
1866 2944 2084 2992 litigatores

1204 3002 1314 3051 dicti,
1341 3002 1518 3041 adcusati
1544 3005 1587 3038 et
1613 3001 1821 3039 delatores.
1849 2998 1897 3036 V.
1926 2997 2010 3036 Cic.
2037 2997 2086 3034 de

1205 3061 1317 3098 Orat.
1337 3065 1378 3106 2,
1397 3064 1461 3098 79.
1490 3056 1555 3096 Cf.
1574 3057 1699 3094 Marc.
1716 3055 1819 3092 Don.
1834 3051 1884 3091 ad
1899 3051 1939 3090 h.
1958 3051 1988 3090 l.
2004 3051 2085 3090 Ta-

1207 3114 1289 3153 citi.

1261 3169 1323 3207 Et
1345 3168 1517 3218 egregiis
1542 3165 1628 3202 utri
1723 3174 1743 3200 e
1769 3159 2005 3199 orationibus
2030 3165 2088 3197 te-

1207 3223 1371 3272 statum]
1419 3219 1553 3259 Nostri
1580 3218 1687 3255 libri.
1739 3215 1877 3254 visum
1894 3214 2087 3252 Rhenano

1213 3277 1251 3328 (e
1267 3275 1386 3326 Bud.)
1406 3279 1608 3313 certatum.
1634 3273 1749 3310 Lirs.
1784 3269 1886 3307 Sane
1902 3274 2087 3306 testatum

1209 3332 1276 3368 vix
1302 3330 1484 3366 convenit
1517 3326 1636 3364 verbo
1667 3331 1873 3364 certamen.
1929 3323 2089 3360 Dicitur

1210 3386 1316 3422 enim
1345 3384 1393 3420 de
1420 3382 1539 3420 rebus
1563 3382 1605 3420 in
1632 3380 1764 3417 animo
1785 3377 2021 3424 latentibus,
2041 3381 2091 3415 ut

1208 3432 1356 3487 amore,
1374 3439 1478 3484 odio,
1496 3448 1585 3474 cum
1609 3433 1846 3479 actionibus,
1863 3431 1993 3470 verbis
2018 3442 2091 3480 pau-

1210 3494 1367 3531 tefiunt.
1424 3494 1566 3541 Itaque
1592 3495 1780 3528 certatum
1798 3499 1877 3524 non
1894 3486 2089 3537 displicet,

1212 3547 1315 3598 quod
1327 3547 1416 3584 inde
1432 3559 1456 3584 a
1468 3546 1603 3584 Rhea.
1616 3555 1740 3594 usque
1751 3542 1800 3579 ad
1813 3542 1993 3591 Lipsium'
2010 3540 2093 3577 edi-

1211 3606 1299 3645 tum
1317 3606 1390 3644 est.
1437 3602 1623 3643 Muretus
1640 3600 1759 3643 etiam
1778 3595 1951 3637 malebat
1963 3597 2092 3643 etv-in-
