2190 3880
269 117 366 164 184
884 111 1498 162 HISTORJARUM

135 258 258 298 A..U
269 238 461 308 Vagus
498 235 646 304 inde,
691 252 761 290 an
801 237 1031 292 consilio
1074 237 1248 292 Ducis
1295 237 1546 291 subditus
1583 255 1786 303 rumor,
1831 236 2088 291 advenisse

152 312 245 351 823·
274 279 622 374 Muciana-m,-
676 309 925 363 exercitus
973 309 1188 362 invicem
1235 307 1495 363 salutasse.
1532 309 1776 388 ’gradum
1827 308 2088 370 inferunt,

138 366 190 459 A7
189 366 254 456 0⁰
273 380 426 461 quasi
466 378 776 432 recentibus
814 379 1033 432 auxiliis
1071 379 1253 444 aucti;
1291 379 1491 431 rariore
1520 378 1641 448 jam
1666 379 2087 432 Vitellianorum

163 421 257 524 725
274 450 412 514 acie,
439 462 498 502 ut
523 469 679 520 quos,
706 450 855 502 nullo
883 450 1110 515 rectore,
1128 467 1253 500 suus
1281 466 1552 518 quemque
1576 450 1790 519 inpetus
1813 449 1892 503 vel
1919 466 2087 520 pavor

273 521 621 574 contraheret
670 521 1036 573 diduceretve.
1113 519 1414 588 Postquam
1465 519 1705 588 inpulsos
1755 520 1924 572 sensit
1970 518 2088 571 An-

271 593 475 656 toniuS,
517 591 685 643 denso
733 590 953 659 agmine
995 589 1349 642 obturbabat.
1388 589 1558 641 laxati
1604 589 1820 642 ordines
1867 590 2087 642 abram„

266 676 504 742 puntui:
543 679 646 713 nec
689 661 899 712 restitui
941 660 1181 728 quivere,
1227 660 1632 730 inpedientibus
1678 660 1940 712 vehiculis
1976 671 2089 718 tor,

267 734 594 813 mentisque.
673 731 778 782 Per
800 729 1027 782 limitem
1059 731 1160 782 viae
1186 749 1264 800 sp
1251 742 1534 801 finguntur,
1556 730 1905 782 consectandi
1938 729 2089 781 festia

267 801 510 866 natione,
540 802 788 853 victoreS.
867 798 950 852 Eo
979 801 1271 853 notabilior
1306 772 1486 854 caedes
1515 798 1639 866 fuit,
1665 802 1794 870 quia
1823 800 1963 852 filius
1991 818 2086 870 pa,

265 885 404 926 trem
437 871 728 924 interfecit.
788 887 904 922 rem
933 870 1282 940 nominaque,
1311 883 1532 930 auctore
1560 872 1829 941 Vipstano
1852 870 2087 923 Messal«

263 944 335 1007 la,
364 943 591 995 tradam.
664 940 845 995 Julius
868 940 1212 1005 MansuetuS,
1235 959 1302 994 ex
1333 942 1621 1011 Hispania,
1648 942 1857 1012 Rapaci
1881 940 2087 1021 legioni

264 1015 502 1077 additus,
541 1013 800 1083 inpubem
829 1011 1001 1063 filium
1040 1012 1187 1064 domi
1217 1013 1465 1082 liquerat.
1505 1012 1548 1063 is
1583 1031 1711 1065 mox
1741 1011 2016 1075 adultae,
2003 1030 2085 1064 inq

263 1096 347 1136 ter
383 1085 716 1154 septimanos
755 1101 787 1134 a
815 1082 994 1134 Galba
1032 1083 1393 1152 conscriptuS‚
1416 1081 1661 1135 oblatum
1698 1082 1856 1135 forte
1850 1094 2084 1163 patrem

263 1167 319 1206 et
366 1155 585 1206 vulnere
636 1165 887 1216 stratum,
937 1153 1067 1205 dum
1116 1155 1490 1205 semianimem
1535 1164 1822 1216 scrutatur,
1861 1152 2084 1223 agnitus

267 1242 680 1296 agnoscensque
716 1236 773 1276 et
808 1242 1116 1296 exanguem
1144 1224 1448 1295 amplexuS,
1477 1242 1607 1277 voce
1636 1223 1803 1276 flebili
1829 1224 2088 1295 precaba-

259 1431 515 1468 horruerunt.
550 1426 823 1467 Tertullianus
844 1426 1007 1476 Apolog.
1030 1439 1064 1463 c.
1087 1429 1148 1463 16.

261 1486 351 1522 Alii
371 1485 489 1533 plane
506 1483 715 1525 humanius
730 1488 768 1520 et
794 1481 1058 1525 verisimilius,
1078 1481 1150 1516 So-

261 1541 336 1575 lem
366 1537 526 1574 credunt
555 1536 688 1573 Deum
717 1540 904 1573 nostram.
920 1561 951 1571 ..
970 1534 1149 1582 Suspicio

260 1592 364 1636 inde,
387 1590 490 1640 quod
509 1590 718 1627 immtum't
741 1601 811 1626 nos
831 1589 885 1626 ad
903 1587 1072 1625 Orientis
1095 1600 1153 1624 re·-

259 1646 419 1694 gionem
439 1644 608 1692 precari.
669 1643 747 1680 Sed
766 1643 942 1691 plerique
969 1646 1152 1687 vestrum,

262 1696 522 1745 adfectatione
532 1696 742 1746 aliquando
755 1701 793 1732 et
805 1696 973 1733 caelestia
986 1695 1151 1733 adoran-

260 1753 317 1796 di,
337 1751 392 1788 ad
407 1751 512 1788 Solis
528 1756 655 1788 ortum
673 1749 780 1786 labia
793 1749 968 1786 vibratis.
1018 1749 1132 1785 L11’s.

318 1804 498 1842 Tertiani
526 1802 761 1851 salutavere]
802 1803 1012 1850 Legionem
1045 1802 1145 1839 hanc

259 1858 452 1896 Gallicam
478 1856 793 1906 cognominatam
813 1855 951 1892 scribit
973 1856 1051 1892 Dio
1075 1859 1145 1901 65,

262 1918 326 1950 14.
353 1915 393 1948 et
411 1922 444 1948 c.
469 1916 532 1948 13.
566 1911 752 1949 ridiculas
770 1909 1014 1947 exercituum
1040 1910 1146 1946 salu-

256 1965 430 2002 tationes
449 1964 576 2012 fingit.
611 1964 707 2002 Mox
722 1964 827 2001 Bud.
845 1963 1001 2011 inferre.

315 2019 359 2056 V
354 2031 458 2067 agas
476 2019 578 2063 inde,
598 2015 776 2067 consilio]
804 2018 1006 2055 Romanus
1024 2016 1145 2052 codex

255 2084 386 2120 vagas
403 2073 507 2117 inde,
524 2083 578 2108 an
605 2072 776 2108 consilio.
806 2071 909 2119 quod
932 2070 1044 2106 valde
1061 2081 1145 2106 am-

255 2126 421 2171 plector.
440 2124 624 2173 Ambigit
639 2124 833 2170 videlieet,
843 2124 1012 2165 fortuitu
1027 2126 1143 2160 natus

254 2179 363 2216 inter
392 2179 539 2218 milites
572 2179 606 2214 is
639 2189 788 2223 rumor,
820 2189 871 2214 an
903 2180 988 2214 arte
1018 2178 1142 2215 Ducis

254 2244 428 2281 sparsus.
486 2233 598 2270 erS.
654 2232 863 2269 consentit
904 2231 989 2268 MS.
1034 2230 1140 2268 Flor.

253 2287 360 2324 unde
388 2286 538 2334 recepit
566 2285 750 2323 Pichena.
797 2286 912 2322 Rom.
943 2284 1037 2321 Cod.
1068 2285 1142 2320 int.

254 2340 317 2377 ed.
352 2353 416 2388 pr.
476 2340 584 2376 ERN.
638 2339 709 2377 An
735 2339 846 2375 deest
880 2338 922 2375 in
950 2338 1053 2375 Bud.
1082 2338 1143 2375 ed.

199 2430 212 2434 ,
253 2394 346 2431 Put.
365 2392 451 2431 Alc.
473 2394 600 2431 Rhen.

310 2447 576 2492 Contralaeret,
627 2443 884 2494 diduceretve]
936 2444 1142 2481 Sententia

252 2503 295 2537 ct
314 2499 501 2541 ἀντίθεσις
520 2499 675 2538 sicvisa.
695 2499 908 2547 postulare.
933 2499 1052 2546 vulgo
1069 2500 1141 2535 du.-

252 2559 408 2591 ceretve.
441 2554 554 2593 L1Ps.
589 2553 680 2602 1351».
698 2563 864 2600 posuere
880 2552 1138 2598 deducerem»,

251 2608 280 2643 i.
300 2619 335 2644 e.
355 2611 569 2652 averteret,
587 2606 837 2644 subduceret.

308 2661 524 2712 Postquam
534 2661 671 2710 pulsos
685 2659 821 2708 sensit]
840 2659 1024 2696 Nondum
1044 2670 1138 2695 sane

244 2715 395 2763 palmos
437 2711 666 2762 Legendum
677 2715 888 2762 perculso&
909 2718 1014 2748 recte
1026 2712 1136 2760 judi-

250 2771 315 2805 cat
349 2767 563 2807 Acidalius.
619 2767 796 2807 Verbum
823 2767 943 2804 sensit
973 2763 1135 2811 indicat,

249 2822 390 2858 referri
408 2823 489 2858 haec
506 2822 553 2858 ad
575 2821 848 2870 praecedentia,
868 2831 954 2868 quae
981 2821 1133 2868 percul-

247 2887 309 2910 sos
364 2875 603 2926 desiderant,
650 2876 753 2915 sicut
804 2873 968 2916 verbum
1015 2874 1134 2910 sensit

246 2927 391 2975 ipsum.
449 2929 527 2970 Res
545 2930 603 2967 ita
623 2929 782 2973 evidens
801 2931 876 2972 est,
895 2931 942 2966 ut
958 2926 1132 2974 recipere

247 2993 328 3017 non
365 2981 592 3019 dubitarim.
660 2981 852 3020 Similiter
885 2992 948 3028 ap.
976 2980 1132 3023 Livium

249 3040 317 3080 28,
336 3039 402 3071 33.
434 3037 606 3085 perculsi
632 3047 704 3083 pro
728 3034 837 3085 pulsi
856 3045 876 3070 e
906 3034 1134 3081 conjectura

245 3088 446 3133 Rhenani,
465 3093 682 3138 receptum,
706 3091 843 3126 contra
870 3087 1059 3135 scriptos:
1092 3090 1131 3124 et

244 3141 429 3189 pluribus
456 3141 551 3178 locis
581 3143 622 3178 in
649 3142 761 3180 libris
781 3144 879 3179 vett.
909 3141 990 3178 haec
1015 3139 1134 3178 verba

246 3194 411 3231 confusa
438 3206 560 3242 supra
578 3197 705 3240 2,14.
758 3196 799 3231 in
824 3195 943 3232 simili
964 3205 1031 3232 re:
1061 3195 1131 3231 ad·

247 3248 358 3287 ditum
378 3249 570 3296 perculsu·
600 3254 738 3290 terror,
766 3249 916 3285 invecta
946 3249 988 3285 in
1017 3253 1132 3294 terga

237 3302 510 3352 pugnantiam
527 3302 659 3338 classe.
695 3302 748 3338 Et
765 3302 820 3336 sic
838 3301 999 3336 centies.
1036 3301 1131 3337 Mox

244 3353 471 3392 obturbabat
500 3354 586 3392 Mu.
615 3354 718 3392 Flor.
750 3351 888 3403 (Bud.)
910 3348 1008 3400 Reg'.
1036 3353 1131 3399 Agr.

244 3407 783 3455 edd.pr..1.G1-0n.ceterae
801 3406 990 3443 obturbat.
1021 3405 1128 3442 Eme.

243 3462 408 3499 Rectius
424 3460 516 3509 Bip.
535 3462 720 3510 inpulsbs.
749 3459 922 3498 Primam
939 3457 1128 3506 syllabam

245 3515 386 3556 ultima
404 3514 657 3567 precedentis
670 3514 775 3552 vocis
791 3513 929 3552 littera
948 3511 1129 3551 abstulit.

1258 1425 1498 1475 Impuberem
1513 1426 1670 1476 filium]
1704 1426 1823 1464 MSS.
1847 1412 1951 1465 Ποῖ.
1969 1399 2087 1467 Harl:

1180 1499 1184 1502 ·
1206 1478 1340 1530 (Eud.)
1357 1482 1486 1524 Oxou.
1505 1482 1637 1531 Guelf.
1655 1484 1729 1518 etc.
1748 1481 1950 1530 impubem.
1981 1483 2086 1519 Con-

1203 1544 1341 1580 sensus
1359 1533 1473 1571 MSS.
1500 1534 1611 1579 facit,
1637 1538 1684 1572 ut
1710 1546 1799 1575 cum
1826 1535 1867 1573 J.
1886 1536 2090 1578 Gronovio,

1206 1587 1263 1623 sic
1281 1587 1483 1633 ediderim,
1502 1599 1618 1639 quem
1642 1600 1678 1624 v.
1696 1589 1744 1624 ad
1764 1588 1804 1625 h.
1819 1589 1848 1626 l.
1875 1589 2089 1634 Pichenam,

1205 1640 1255 1677 ad
1277 1643 1318 1686 4,
1341 1646 1403 1678 14.
1441 1641 1620 1690 inprimis
1648 1641 1850 1681 Drakenb.
1870 1643 1919 1680 ad
1937 1643 2024 1681 Liv.
2045 1649 2087 1690 2,

1211 1699 1272 1733 13.
1297 1694 1366 1731 ubi
1382 1696 1536 1743 copiose
1552 1695 1599 1735 de
1617 1695 1690 1735 hac
1705 1695 1830 1734 forma
1845 1696 1944 1745 agit,
1962 1697 2087 1738 etiam

1204 1748 1278 1794 boc
1295 1748 1379 1793 loco
1395 1748 1569 1786 laudatn.
1625 1749 1734 1788 ERN.

1221 1842 1225 1847 ,
1254 1801 1496 1840 precabatur
1534 1804 1714 1852 placatos
1750 1803 1885 1853 patris
1918 1803 2079 1854 Manes]

1200 1856 1367 1894 Frustra
1397 1857 1541 1893 haesere
1571 1856 1646 1893 viri
1678 1856 1780 1892 doct-i
1812 1855 1853 1900 iu
1882 1857 1955 1894 hoc
1982 1857 2089 1904 loco,

1201 1920 1369 1958 eumque
1387 1910 1503 1947 variis
1523 1911 1646 1947 modis
1661 1913 1884 1947 tentarunt.
1938 1910 2084 1950 Sensus

1199 1967 1279 1999 cst:
1314 1964 1549 2012 precabatur
1581 1964 1723 2001 Manes
1752 1963 1899 2012 patris,
1932 1970 1976 2001 ue
2005 1965 2084 2003 sibi

1197 2018 1346 2065 placati
1371 2023 1507 2064 esseut,
1526 2029 1616 2055 neve
1634 2020 1708 2054 etc.
1763 2018 1883 2055 Porro
1902 2018 2092 2066 placatos

1197 2082 1291 2107 vera
1307 2071 1437 2116 lectio,
1456 2083 1543 2119 quae
1561 2074 1620 2108 est
1639 2070 1681 2108 in
1701 2070 1806 2108 Flor.
1826 2071 1928 2111 Bud.
1948 2071 2082 2110 Guelf.

1198 2124 1285 2162 edd.
1320 2124 1472 2163 Puteol.
1526 2124 1709 2162 Beroaldi
1743 2135 1827 2173 sqq.
1863 2127 1957 2161 ante
1987 2126 2081 2173 Lip-

1197 2178 1315 2223 sium,
1333 2178 1404 2226 qui
1422 2178 1545 2227 edidit
1556 2179 1704 2227 piatos,
1722 2188 1770 2214 ex
1789 2177 1850 2214 cd.
1869 2179 2088 2226 superios-i,

1197 2232 1328 2268 nescio
1364 2243 1469 2279 qua3
1511 2232 1615 2280 quod
1645 2243 1780 2268 omnes
1814 2231 1940 2269 secuti
1972 2236 2080 2271 sunt.

1196 2285 1367 2323 Pichena
1393 2286 1549 2333 quidem
1573 2285 1702 2329 testis,
1729 2285 1770 2321 in
1789 2285 1874 2324 MS.
1904 2296 1945 2321 se
1969 2297 2080 2334 repe-

1196 2338 1293 2374 risse
1308 2339 1453 2387 piatos,
1471 2342 1512 2374 et
1530 2339 1569 2375 id
1596 2338 1758 2376 exhibet
1782 2338 1843 2375 ed.
1862 2349 1922 2385 pr.
1941 2350 2076 2376 verum

1196 2402 1242 2427 ea
1269 2391 1386 2429 lectio
1415 2395 1510 2428 nata
1535 2395 1595 2428 est
1623 2403 1644 2428 e
1675 2393 1808 2440 platos
1835 2392 1938 2440 quod
1967 2397 2008 2429 et
2035 2394 2077 2431 in

1195 2442 1301 2482 Flor.
1319 2445 1397 2489 suit
1423 2446 1613 2494 scriptum
1634 2445 1685 2481 ab
1710 2444 1827 2482 initio
1849 2457 1920 2493 pro
1940 2447 2078 2495 placa-

1193 2504 1265 2537 tos.
1293 2499 1383 2536 Vid.
1411 2499 1519 2538 Pich.
1573 2499 1768 2536 Latinitas
1805 2498 1963 2546 quidem
1995 2510 2075 2536 non

1193 2552 1361 2599 patitur,
1384 2555 1432 2590 ut
1459 2552 1634 2589 dieamus
1658 2554 1816 2601 precari
1845 2551 1985 2591 Manes
2013 2554 2090 2591 vel.

1191 2605 1299 2642 Deos
1311 2607 1446 2654 piatos
1459 2620 1471 2642 .·
1501 2607 1567 2643 sed
1585 2607 1767 2654 placatos
1790 2606 1816 2642 i.
1836 2616 1871 2642 e.
1899 2617 1979 2643 non
1999 2607 2077 2642 ira·

1191 2663 1266 2695 tos.
1323 2659 1378 2696 At
1399 2660 1508 2707 piati
1530 2661 1632 2696 fiunt
1656 2659 1796 2696 Manes
1816 2659 2013 2697 sacrificiis
2033 2664 2074 2697 et

1191 2713 1294 2758 aliis,
1315 2725 1400 2761 quae
1415 2712 1554 2761 religio
1572 2713 1714 2749 sanxit.
1749 2714 1888 2761 ltaque
1906 2724 1985 2750 non
2001 2713 2090 2762 du·n

1191 2765 1313 2803 bitavi
1326 2768 1505 2814 placatos
1523 2767 1718 2814 praeferre.
1755 2767 1961 2804 Broterius
1979 2778 2089 2814 con-¹

1183 2820 1299 2867 jicit:
1322 2832 1356 2856 v.
1365 2821 1418 2868 st.
1436 2820 1543 2856 Deos
1554 2832 1619 2868 pr.
1638 2832 1685 2857 ue
1697 2821 1831 2868 piatos
1841 2832 1885 2869 p.
1905 2833 1958 2857 m.
1980 2819 2074 2868 quia
2090 2867 2097 2871 μ

1190 2873 1302 2911 MSS.
1333 2873 1490 2921 quidam
1519 2873 1680 2917 habent,
1707 2886 1753 2909 ue
1773 2874 1919 2922 piatos.
1975 2873 2070 2911 Mox

1189 2926 1288 2969 bene
1305 2927 1475 2964 Pichena
1501 2927 1624 2964 edidit
1641 2932 1910 2963 aversarentur
1925 2936 1947 2962 e
1965 2925 2070 2965 Flor.

1187 2992 1259 3028 pro
1283 2980 1597 3026 adversarentur,
1624 2979 1726 3029 quod
1759 2983 1820 3016 est
1852 2979 1893 3015 in
1929 2979 2070 3016 ceteris

1188 3045 1262 3072 scr.
1282 3034 1400 3084 (Bud.
1419 3031 1553 3083 etiam)
1577 3037 1618 3070 et
1645 3035 1738 3069 ante
1761 3032 1970 3069 Pichenam
1990 3033 2071 3069 cdi-

1185 3089 1238 3124 tis
1253 3101 1264 3123 2
1293 3088 1399 3136 unde
1417 3089 1623 3137 firmantur
1640 3096 1757 3133 supra
1771 3085 1875 3122 dicta
1889 3086 1936 3121 ad
1956 3085 2010 3122 11.
2032 3092 2071 3132 1,

1186 3147 1253 3178 38.
1298 3141 1406 3178 ERN.
1461 3141 1572 3176 Adde
1609 3144 1648 3184 Q,
1677 3144 1742 3175 51.
1797 3139 1912 3176 Unde
1939 3141 2085 3188 piatos·

1186 3195 1372 3231 sumserit
1388 3194 1560 3240 Lipsius,
1582 3204 1659 3229 uon
1678 3191 1841 3231 indicat.
1898 3192 2070 3228 Pichena

1185 3248 1235 3283 ad
1263 3248 1344 3284 cod.
1364 3246 1448 3282 MS.
1469 3243 1679 3293 provocat3
1707 3244 1879 3292 Ryckius
1897 3246 1947 3281 ad
1968 3246 2067 3294 Agr.

1186 3304 1226 3337 et
1245 3301 1377 3348 piatos
1394 3299 1562 3347 explicat
1589 3310 1659 3346 per
1676 3299 1871 3346 impiatos,
1890 3302 1936 3335 ut
1961 3299 2070 3347 apud

1185 3353 1359 3390 Nonium
1391 3357 1431 3396 4,
1451 3355 1547 3389 363.
1577 3363 1654 3400 quo
1679 3362 1795 3388 seusu
1820 3352 1861 3388 iu
1886 3350 1997 3400 Virg.
2026 3355 2070 3398 6,

1186 3409 1281 3445 569.
1305 3406 1467 3454 piacula
1487 3410 1712 3442 sumuntur.
1741 3404 1834 3452 Bip.
1855 3405 1988 3453 piatos
2005 3417 2066 3442 re-
2082 3411 2095 3451 j

1182 3470 1347 3506 cepere;
1373 3458 1515 3495 malint
1533 3463 1666 3495 tamen
1681 3458 1861 3505 impiatos
1877 3461 1918 3493 ct
1936 3459 2064 3507 depre-

1183 3513 1373 3551 cabantur
1391 3513 1473 3550 scil.
1493 3513 1662 3565 culpam.
1717 3511 1854 3559 Ryckii
1872 3513 2065 3559 rationem
